1832 3100
376 262 1075 312 METAMORPHOSEON
1108 264 1240 309 LIB.
1276 263 1316 308 I.
1505 261 1562 319 45

133 366 263 415 Unus
286 374 382 413 erat
406 373 506 412 toto
532 363 712 412 Naturae
737 359 888 410 vultus
911 361 958 408 in
982 359 1092 409 orbe
1107 397 1119 418 ‚

130 477 268 526 singula
280 484 316 515 et
324 484 503 525 segregata
514 504 524 522 ‚
537 484 572 513 et
584 476 745 524 disposita
757 504 765 518 ‚
783 483 819 512 et

131 539 300 568 exornata
313 531 393 567 sint.
402 530 495 566 Duci
507 530 614 565 etiam
625 536 820 576 potuerunt

132 586 257 633 prime
280 584 388 629 hujus
411 583 478 618 loci
502 582 605 618 lineae
631 584 724 627 (quae
746 588 821 616 erat

133 637 259 674 Burm.
277 633 416 683 opinio)
432 648 474 670 ex
487 634 652 681 Apollon.
669 633 741 669 Rh.
757 633 822 668 Ar-

135 702 217 737 gon,
235 688 253 725 Ῑ
266 715 277 734 ,
295 688 384 737 496,·
401 687 462 722 ubi
475 685 644 733 Orpheus
657 685 821 721 cecinisse

135 743 284 786 dicitur,
304 744 344 782 ὦς
358 748 454 786 γαῖα,
470 745 524 776 καὶ
538 742 676 789 οὖρανός,
696 742 750 780 ἠδέ
763 740 823 773 Ξά-

135 802 238 833 λασσα
258 797 304 831 To*
327 811 396 845 epo
415 793 461 829 ἔπ’
478 794 636 835 ἀλλήλοισι
651 799 710 843 μιῇ
729 807 824 827 συνα-

136 850 250 900 pupo'roe
259 855 360 898 μορφῇ
374 851 494 885 Νιίκεις
511 849 544 890 ἒξ
563 846 655 881 ὄλοοῑο
672 846 824 895 δίέκ(ι.9εν

137 902 235 948 ἀμφὶς
263 905 359 936 ’ἔχοισα
386 911 529 945 :quem
556 898 620 933 loc.
648 904 743 932 certe
765 910 825 931 re-

136 951 248 998 spexit
263 951 364 997 Virg.
382 949 552 994 Ec1.vl,
570 950 614 984 30
629 961 704 994 sqq.
718 948 825 994 Koep-

137 1004 271 1051 pennio
280 1010 319 1039 et
334 1002 467 1038 Lenzio
479 1001 629 1038 Ovidius
641 1001 740 1035 omni
756 999 790 1035 h.
802 1000 825 1035 l.

138 1058 359 1103 Anaxagorae
379 1054 505 1102 placita
519 1061 659 1090 secutus
683 1066 755 1089 esse
772 1053 827 1087 vi-

139 1110 245 1147 detur
258 1121 271 1144 :
285 1121 361 1145 non
385 1107 575 1145 adsentior.
599 1107 825 1153 Anaxagoras

139 1169 195 1198 tot
203 1162 381 1198 elementa
389 1160 510 1196 statuit
518 1186 529 1204 ,
541 1166 628 1205 quot
636 1171 827 1205 corporum

141 1227 274 1263 genera
293 1228 304 1257 3
338 1214 470 1250 Noster
497 1225 580 1247 cum
609 1211 826 1257 Empedocle

141 1274 294 1314 quatuor
311 1273 464 1302 tantum.
491 1265 589 1300 Tum
611 1264 829 1310 Anaxagorae

141 1327 221 1360 ,Νοῦς
234 1332 310 1354 non
326 1318 393 1354 nisi
414 1317 572 1364 primum
588 1324 732 1352 motum
749 1316 828 1351 ele-

142 1371 274 1407 mentis
286 1370 348 1409 dat
361 1384 370 1414 ;
387 1383 458 1416 quo
471 1370 564 1406 sacto
578 1370 670 1404 vires
684 1369 829 1405 Naturae

142 1424 279 1470 reliqua
298 1422 511 1470 perficiunt;
535 1421 595 1458 sed
620 1421 655 1456 h.
671 1421 693 1455 1.
714 1421 831 1466 opifex

144 1491 251 1514 rerum
264 1483 390 1514 cuncta
404 1476 560 1512 absolvit.
582 1475 655 1511 Sed
672 1475 830 1521 primum

144 1543 256 1577 usque
270 1529 313 1566 ad
326 1543 375 1565 vs.
383 1543 438 1573 20,
448 1528 578 1564 rudem
588 1528 684 1564 illam
697 1528 830 1563 molem

145 1583 310 1619 describit
319 1609 330 1627 ,
346 1595 388 1617 ex
399 1595 468 1628 qua
477 1581 578 1617 Deus
588 1581 723 1627 singula
733 1581 832 1616 evol-

145 1636 237 1672 verit
257 1634 506 1680 mundumque
535 1634 716 1670 creaverit.
743 1633 832 1669 Erat

146 1690 244 1726 enim
259 1688 461 1725 communis
483 1695 647 1723 veterum
670 1687 832 1734 philoso-

128 1774 131 1776 ,
145 1742 301 1789 phorum
318 1754 420 1778 error
430 1768 439 1783 ,
468 1741 590 1776 Deum
615 1754 658 1776 ex
683 1741 832 1775 materia

147 1795 299 1842 quadam
309 1821 319 1840 ,
335 1793 564 1830 subordinata
582 1792 728 1839 quidem
743 1793 807 1839 ipsi
821 1819 831 1837 ,

147 1856 279 1885 :eterna
296 1856 416 1885 tamen
430 1874 440 1892 ,
469 1846 647 1883 mundum
668 1847 806 1882 finxisse.
822 1862 831 1889 ς

148 1915 254 1948 quam
266 1901 452 1938 materiem
463 1901 603 1942 Noster,
614 1899 834 1945 Theogonia-

147 1966 230 1990 rum
241 1960 401 1990 auctores
409 1959 548 1989 secutus
557 1979 567 1997 ,
584 1958 689 1997 atque
698 1951 835 1997 Orphi-

149 2020 220 2052 cos,
229 2006 748 2051 Chaosvocat.Hesiod.Theog.
762 2019 774 2039 1
785 2005 835 2040 16:

148 2063 312 2108 Πρῶτιστα
323 2061 399 2106 χάος
408 2062 517 2105 γένετο.
533 2058 647 2094 Locus
657 2058 738 2094 satis
754 2057 835 2091 ele-

150 2125 235 2158 gans
244 2138 255 2156 ,
266 2113 295 2148 si
304 2113 409 2148 verba
417 2118 550 2157 spectes
559 2137 569 2154 ,
583 2117 751 2145 caeterum
760 2122 833 2144 non

151 2163 342 2211 exigendus
356 2163 400 2198 ad
417 2163 575 2211 physicas
593 2163 747 2197 rationes
761 2188 771 2205 ,
795 2168 836 2196 ut

151 2217 294 2251 monuit
304 2216 411 2251 etiam
423 2215 565 2263 Baylius
575 2214 611 2249 in
624 2214 779 2251 Diction.
791 2232 837 2239 --

151 2270 264 2310 Ante,
278 2281 370 2303 mam
383 2271 419 2302 ct
431 2269 541 2302 lellus.
556 2267 660 2301 Hauc
671 2266 749 2302 lect.
762 2266 836 2300 Vi-

152 2322 276 2357 vianus
289 2335 308 2356 e
324 2333 388 2357 suo
406 2319 498 2356 Cod.
513 2326 707 2355 notaverat.
725 2319 837 2354 Eam-

153 2375 236 2412 dem
247 2403 256 2418 ‚
277 2388 389 2422 quum
415 2375 524 2410 etiam
539 2374 576 2408 in
602 2386 676 2408 uno
705 2373 836 2408 Medic.

151 2435 321 2473 exstaret,
333 2428 466 2474 recepit
479 2427 604 2462 Heius.
615 2426 837 2472 servavitque

114 2478 117 2480 ’
152 2481 290 2522 Burni„
301 2489 338 2516 et
347 2481 404 2516 ille
416 2480 526 2525 addit,
539 2492 637 2526 posse
649 2479 756 2514 etiam
765 2483 841 2513 crat

152 2534 191 2569 in
202 2538 300 2569 erant
309 2533 449 2568 mutari.
463 2532 695 2568 Revocassem
709 2544 775 2578 ego
786 2531 838 2566 al—

153 2592 272 2620 terum
286 2585 382 2620 Ante
393 2597 485 2619 mare
497 2589 532 2619 e!
541 2589 663 2624 terras,
680 2589 721 2618 ut
734 2583 838 2628 longe

154 2637 315 2684 plurimis
343 2635 606 2671 auctoritatibus
640 2636 771 2671 fultum
803 2642 839 2670 et

155 2690 270 2727 multo
285 2690 418 2725 facilius
431 2716 441 2733 ‚
464 2688 532 2724 nisi
550 2689 713 2724 vidissem
724 2715 733 2733 ,
759 2689 840 2725 Sei-

156 2741 399 2779 demtikerum
418 2742 456 2777 in
476 2741 566 2777 libro
582 2743 840 2787 Philologtkch'-

149 2797 416 2843 pedagogzzsches
434 2795 599 2842 Magada
625 2807 644 2829 a
668 2794 840 2831 Wiede-

884 477 984 524 burg.
992 476 1145 520 Helmst.
1154 474 1291 510 ed.Vol.
1302 474 1332 518 Ι,
1345 487 1377 520 p.
1389 475 1409 510 3
1418 502 1428 519 ,
1442 482 1477 510 et
1485 475 1568 510 Vol.

886 531 922 567 11
933 557 942 574 ,
956 542 990 577 p.
1006 543 1018 565 1
1027 556 1036 574 ,
1053 537 1157 575 atque
1170 528 1341 563 Lennium
1350 555 1358 569 ‚
1370 529 1495 564 acriter
1506 541 1570 575 pro

886 584 1011 620 Heins-
1022 583 1159 617 ratione
1168 589 1270 617 stare.
1279 581 1421 628 Urgent
1432 582 1479 616 illi
1488 583 1568 626 hoc,

887 648 966 670 eam
978 648 1050 670 esse
1067 633 1324 678 difficiliorem,
1342 632 1499 679 adeoque
1511 648 1573 670 ve-

886 690 1038 732 rior-em·
1051 700 1254 734 quanquam
1262 686 1369 723 Ovid.
1375 700 1449 721 non
1458 700 1572 733 impe

888 743 1016 778 ditiora
1034 748 1151 785 amat,
1174 740 1236 776 sed
1252 740 1405 775 faciliora
1423 742 1574 786 praefert.

889 795 975 832 Sine
993 795 1100 830 dubio
1114 768 1225 830 le⁷ctor
1238 785 1382 839 aliquis,
1400 800 1460 827 aut
1476 793 1576 827 libra-

889 850 983 894 rius,
1001 849 1057 884 cui
1072 847 1168 883 loca
1158 860 1195 882 m
1212 846 1306 881 notis
1316 846 1416 881 allata
1433 858 1578 881 succur-

889 876 1037 945 rebant,
1066 902 1163 937 hunc
1186 901 1251 935 illis
1267 899 1417 935 similem
1437 899 1578 936 efficere

889 956 1002 991 voluit
1012 982 1021 1000 ,
1050 960 1189 990 mutato
1208 958 1316 988 terras
1340 953 1376 987 in
1401 955 1509 988 tellus.
1536 971 1580 979 ·—-

890 1009 999 1049 Ante,
1016 1014 1098 1042 ante
1109 1018 1231 1041 rerum
1244 1005 1430 1051 originem.
1443 1007 1582 1050 Inprz'n-

892 1066 982 1107 cipio
998 1061 1084 1096 dixit
1100 1060 1275 1107 legislator
1286 1059 1465 1094 Judaicus.
1483 1061 1583 1094 Mare

891 1115 1000 1161 igitur
1017 1121 1053 1148 et
1069 1113 1203 1158 reliqua
1217 1139 1227 1156 ‚
1255 1125 1342 1147 unus
1358 1115 1472 1147 vultus
1487 1118 1562 1148 erat
1572 1141 1581 1153 ,

896 1166 1032 1201 dictum
1044 1167 1136 1200 soret
1144 1191 1154 1208 ‚
1167 1172 1208 1199 ut
1218 1165 1295 1199 Art.
1306 1164 1426 1199 Amat.
1434 1164 1470 1199 II
1480 1191 1490 1209 ,
1504 1165 1586 1209 468:

899 1220 1039 1264 Unaque
1047 1222 1146 1253 emat
1141 1217 1260 1263 facies
1269 1219 1392 1258 sidera,
1404 1221 1501 1258 Ietta,
1506 1217 1586 1262 fre-

895 1277 984 1313 tum,
1007 1278 1044 1307 et
1056 1271 1150 1306 Fast.
1165 1271 1201 1314 l,
1224 1270 1288 1305 106
1306 1283 1314 1305 :
1332 1271 1446 1315 Ignis,
1465 1284 1561 1316 aquoe
1573 1297 1582 1311 ‚

894 1326 994 1358 tellus
1006 1336 1093 1358 unus
1107 1323 1248 1357 acerbus
1259 1327 1358 1357 erant
1365 1349 1373 1362 ‚
1398 1322 1525 1367 quibus
1537 1322 1585 1358 lo-

896 1376 944 1412 cis
959 1383 1125 1411 nostrum
1140 1375 1290 1410 illustrat
1312 1375 1436 1410 Heius.
1454 1381 1490 1411 et
1506 1388 1585 1421 quae

898 1441 1058 1475 expressa
1074 1427 1242 1463 videntur
1257 1441 1299 1462 ex
1317 1427 1478 1473 Euripid.
1495 1428 1587 1463 Me—

895 1481 1002 1527 nalip.
1015 1482 1158 1527 fragm„
1178 1494 1212 1526 p.
1228 1482 1312 1524 454,
1331 1487 1418 1515 tom.
1443 1494 1482 1525 2,
1502 1481 1586 1516 edit.

897 1533 1007 1580 Lips„
1021 1534 1082 1569 ubi
1094 1533 1299 1592 Menalippe
1312 1533 1379 1578 ait,
1392 1547 1428 1569 se
1441 1547 1460 1569 a
1472 1542 1586 1570 matre

898 1586 1068 1633 accepisse
1085 1613 1095 1631 ,
1136 1593 1186 1626 Ως
1204 1589 1324 1637 οὐρανός
1345 1603 1378 1622 τε
1400 1588 1477 1632 γαῖά
1500 1587 1528 1623 τ’
1552 1589 1588 1628 ἦν

899 1645 1000 1689 μορφὴ
1016 1643 1086 1684 μία.
1115 1637 1256 1673 Verum
1277 1638 1324 1673 sic
1341 1639 1498 1674 molesta
1505 1647 1589 1675 sunt

897 1692 1004 1727 verba
1019 1693 1158 1727 Natum·
1173 1698 1209 1725 et
1225 1695 1296 1725 loto
1308 1695 1345 1726 in
1359 1694 1447 1726 orbe.
1463 1691 1589 1738 Displi—

898 1752 954 1780 cet
971 1745 1079 1780 etiam
1096 1749 1178 1779 ante
1193 1745 1241 1780 sic
1259 1744 1295 1779 in
1314 1744 1486 1791 principio
1502 1758 1590 1791 ope-

898 1797 960 1839 ris,
978 1797 1038 1832 ubi
1051 1796 1140 1832 nihil
1156 1797 1330 1843 praecessit
1342 1797 1383 1832 ad
1396 1798 1491 1843 quod
1502 1799 1591 1833 rese-

899 1857 1010 1884 ratur.
1019 1850 1087 1884 Vix
1098 1862 1183 1895 ergo
1193 1849 1316 1884 dubito
1325 1851 1491 1895 praeserre
1503 1850 1592 1886 alte-

899 1914 977 1936 ram
990 1901 1195 1945 lectionem,
1212 1902 1254 1935 ab
1267 1901 1418 1936 Heinsio
1434 1902 1590 1940 duorum

903 1954 1017 1990 Codd.
1026 1956 1231 1990 auctoritate
1241 1955 1390 2001 pulsam,
1397 1956 1492 1991 Aule
1500 1971 1591 1993 mate

899 2014 934 2043 et
939 2013 1045 2043 terras
1051 2014 1086 2043 et
1089 2010 1183 2053 quod
1188 2012 1273 2054 legi!
1278 2013 1392 2044 omnia
1398 2012 1525 2054 calum,
1530 2024 1574 2047 an
1579 2031 1590 2038 ·

901 2068 1044 2107 tequam
1058 2074 1156 2097 mare
1171 2069 1208 2097 et
1219 2063 1355 2108 reliqua
1364 2075 1589 2100 exornaren—

902 2120 961 2148 tur
969 2140 978 2157 ,
991 2114 1027 2148 in
1037 2114 1205 2149 toto‘orbe
1218 2128 1310 2150 unus
1319 2116 1436 2151 vultus
1446 2116 1590 2152 Naturae

901 2173 988 2201 erat.
1014 2166 1073 2202 Sic
1089 2167 1176 2202 nihil
1195 2167 1252 2203 hic
1264 2168 1487 2214 impeditum.
1503 2170 1588 2205 Non

902 2226 1021 2254 autem
1032 2227 1149 2266 poeta,
1163 2233 1240 2265 quae
1251 2228 1326 2256 erat
1336 2221 1590 2258 Seidenstikeri

902 2271 1022 2317 opinio
1033 2298 1043 2316 ,
1056 2272 1113 2309 hic
1123 2273 1385 2322 elementorum
1395 2288 1590 2311 numerum

902 2323 940 2359 in
952 2324 1027 2370 ipso
1038 2325 1161 2360 limine
1174 2326 1362 2372 praecipere
1379 2327 1510 2372 voluit,
1528 2328 1590 2363 sed

902 2376 1155 2422 munfflpartes
1166 2391 1185 2412 e
1196 2378 1330 2424 vulgari
1341 2379 1510 2414 divisione
1522 2392 1592 2414 no-

902 2430 1051 2464 minare.
1060 2449 1104 2456 —
1114 2430 1213 2466 Nost.
1231 2431 1333 2466 codd.
1346 2431 1390 2466 A.
1401 2433 1444 2467 B.
1457 2432 1590 2468 habent

902 2482 997 2517 Aule
1004 2495 1094 2517 mare
1098 2487 1134 2516 et
1143 2487 1260 2517 terras.
1270 2502 1314 2509 -
1329 2485 1431 2526 Quod
1435 2489 1518 2528 legit
1525 2499 1593 2520 om-

903 2539 973 2576 niu,
991 2537 1161 2585 ὃπεριέχων
1168 2538 1207 2571 τὰ
1213 2537 1311 2571 πάντα
1319 2534 1449 2572 Graecis
1457 2537 1592 2574 diceba-

904 2588 1092 2624 turcaelum
1103 2601 1111 2622 :
1123 2591 1347 2633 caelt‘!egmea‚
1365 2588 1439 2625 Cic.
1450 2591 1532 2627 Nat.
1543 2592 1590 2627 D.

906 2641 941 2676 II
954 2667 963 2684 ‚
985 2642 1286 2685 14;cael1·am1·ctus‚
1305 2642 1480 2688 Lucr.VI,
1495 2659 1507 2679 1
1518 2646 1590 2681 131.

948 2693 980 2727 6.
1004 2693 1101 2727 Unus
1115 2695 1240 2728 vultus.
1254 2694 1338 2730 Una
1349 2696 1478 2741 species
1491 2723 1501 2741 ,
1519 2696 1591 2733 uria

905 2744 1019 2779 sorma
1029 2770 1038 2789 ‚
1050 2745 1088 2779 in
1097 2758 1165 2791 qua
1173 2746 1278 2782 nullae
1288 2754 1403 2793 partes
1412 2749 1590 2785 variarum

905 2795 1102 2841 figurarum
1116 2797 1265 2835 discerni
1287 2807 1438 2846 possent.
1463 2802 1591 2837 Hora-
