1832 3100
285 237 345 295 46

662 241 714 284 P.
749 241 982 287 OVIDII
1016 242 1318 302 NASONIS

285 333 432 395 Quem
454 331 600 381 dixere
628 332 800 392 Chaos,
826 335 951 384 rudis
975 335 1285 404 indigestaque
1307 338 1470 397 moles;

282 412 373 458 Nec
398 410 662 477 quidquam,
685 412 773 460 nisi
794 413 973 479 pondus
998 414 1141 471 iners;
1167 427 1462 483 congestaque
1484 416 1640 466 eodem

281 487 386 535 Non
409 487 521 536 bene
540 486 791 551 junctarum
816 486 1039 537 discordia
1063 490 1228 539 semina
1250 511 1410 540 rerum.

280 563 443 613 Nullus
463 563 607 612 adhuc
630 565 799 614 mundo
822 567 1051 633 praebebat
1070 566 1237 616 lumina
1257 569 1388 616 Titan
1409 588 1419 627 ;
1666 595 1706 619 ιο

278 642 371 689 Nec
393 661 507 689 nova
530 642 766 690 crescendo
792 644 1026 709 reparabat
1049 663 1214 693 cornua
1237 645 1433 704 Phoebe;

278 718 370 766 Nec
390 718 657 766 circumfuso
683 719 906 785 pendebat
928 720 974 768 in
997 740 1093 770 aere
1114 721 1266 770 Tellus

278 796 564 845 Ponderibus
588 796 750 845 librata
773 798 865 845 suis
886 818 896 846 :
917 817 999 847 nec
1022 799 1204 848 brachia
1229 799 1367 863 longo

275 923 356 966 tius,
366 922 396 965 1,
410 933 435 962 1,
445 935 489 969 90
503 934 511 956 :
531 923 652 957 Vultus
661 925 795 956 mutans
806 923 956 957 Proteus.

277 974 462 1010 Claudian.
476 976 540 1020 87,
567 988 580 1008 1
600 987 609 1009 ε
637 976 721 1017 (luis
741 976 838 1008 dedit
849 978 956 1009 innu—

272 1040 379 1062 meros
400 1039 465 1060 uno
489 1027 531 1060 de
553 1039 714 1060 marmore
741 1027 883 1060 vallus?
909 1027 958 1062 Et

272 1075 308 1114 h.
333 1078 355 1113 l.
377 1090 460 1113 cum
487 1077 627 1112 dilectu.
643 1096 687 1103 —-
717 1079 812 1111 Toto.
839 1077 955 1113 Schol.

273 1128 368 1163 ined.
383 1128 528 1163 Senecae
546 1126 588 1162 ad
614 1127 758 1174 Thyest.
774 1128 856 1168 832,
875 1127 957 1172 legit

268 1184 379 1226 primo
389 1179 482 1225 quod
493 1190 567 1214 non
579 1180 806 1214 invenustum
817 1179 956 1214 videtur

273 1234 399 1267 Burm.
416 1233 533 1266 Immo
544 1230 829 1277 otiosexadditum
841 1231 953 1273 soret3

273 1280 343 1320 to‘lo
355 1293 478 1320 contra
494 1285 585 1319 bene
603 1284 794 1330 respondet
805 1293 848 1333 τῷ
860 1298 954 1319 unus.

271 1357 315 1364 —-
324 1338 476 1373 N‘aluroe.
489 1339 650 1372 Parentis
661 1344 697 1372 et
708 1339 857 1372 auctoris
874 1351 955 1372 om-

272 1392 374 1426 nium
394 1404 525 1426 rerum.
551 1392 687 1426 Natura
707 1391 804 1425 enim
827 1391 878 1425 vis
904 1397 955 1425 est

272 1443 434 1489 quaedam
471 1456 539 1488 qua
578 1443 698 1476 omnia
734 1449 926 1481 nascuntur
943 1456 953 1484 3

274 1509 381 1542 quam
397 1496 532 1531 Seneca
547 1495 635 1529 nihil
651 1494 741 1529 aliud
760 1508 832 1530 esse
848 1508 955 1540 quam

272 1549 392 1584 Deum
408 1548 524 1586 sentit.
542 1549 610 1582 Ed.

318 1604 350 1637 8.
365 1603 470 1635 Iners.
494 1599 631 1634 Inutilis
644 1625 653 1642 ,
676 1598 743 1633 nisi
767 1598 851 1644 quid
870 1599 952 1634 inde

271 1656 465 1689 formatum
477 1659 575 1687 esset.
591 1651 649 1686 Sic
661 1651 759 1697 Virg.
773 1650 902 1696 Georg.
916 1651 951 1695 I,

273 1708 334 1753 94:
347 1707 450 1749 glebae
458 1708 596 1744 laedes,
614 1703 754 1737 inutiles
763 1729 772 1746 ,
783 1702 850 1736 nisi
861 1715 954 1737 com-

273 1758 491 1792 minuantur.
518 1756 574 1790 De
599 1755 744 1789 informi
767 1763 802 1789 et
823 1755 952 1790 inculta

271 1811 364 1846 mole
380 1810 492 1845 nolim
508 1822 588 1844 cum
603 1808 675 1842 aliis
685 1807 857 1853 accipere,
873 1808 952 1853 quia

271 1863 308 1897 id
334 1863 408 1908 jam
436 1860 620 1907 praecessit.
653 1859 726 1895 Sed
755 1872 860 1905 quam
888 1872 952 1894 nos

270 1919 422 1950 inertiam
437 1912 663 1958 intelligimus
677 1938 686 1955 ‚
704 1924 744 1946 ea
755 1925 802 1946 vs.
818 1911 857 1945 16
871 1938 880 1955 ,
899 1925 950 1957 17,

271 1965 488 2000 describitur.
504 1982 549 1989 —
564 1965 698 1998 Semina
714 1976 820 1997 rerum
832 1990 840 2003 ,
872 1963 950 1997 ele-

271 2023 393 2052 menta
406 2042 416 2060 ,
442 2023 601 2059 στοιχεῒκ,
620 2014 715 2049 unde
734 2015 853 2049 omnia
869 2021 951 2048 nata

270 2083 343 2105 esse
359 2068 564 2104 creduntur.
580 2087 625 2094 -
640 2070 824 2102 Dl‘scordt‘a
834 2094 843 2108 ,
865 2067 951 2101 invi-

270 2135 349 2157 cem
357 2120 561 2167 pugnantia,
571 2119 737 2153 vid.vers.
749 2133 801 2166 19,
814 2132 866 2153 20.
877 2119 952 2153 Pu-

270 2168 426 2221 gnabant
451 2180 570 2208 autem
589 2199 598 2215 ‚
628 2172 754 2217 quippe
779 2185 844 2206 non
870 2174 951 2205 bene

261 2231 387 2274 juncta
397 2255 406 2269 ‚
436 2226 611 2262 contraria
625 2252 635 2269 ‚
660 2225 817 2259 dissortia
839 2251 849 2268 ‚
874 2237 949 2258 non

268 2292 433 2325 congrua.
450 2277 623 2312 Heroidd.
641 2277 730 2311 XIX
741 2303 750 2317 ‚
773 2276 833 2322 173
849 2288 949 2310 amor

267 2341 303 2367 et
320 2330 518 2366 reverentia
532 2333 629 2364 maloe
642 2342 695 2364 res
699 2330 839 2374 junclae.

313 2399 344 2432 9.
361 2385 555 2418 Discordm.
575 2381 698 2416 Heins.
714 2382 805 2426 conj.
821 2383 950 2414 fissar-

269 2441 328 2470 lia.
340 2437 484 2470 Frustra
498 2448 505 2469 :
517 2435 734 2477 malejuncloe
742 2433 857 2478 potius
866 2440 948 2468 sunt

269 2489 442 2522 dissertes.
461 2486 549 2521 Inde
574 2498 658 2520 vero
674 2486 851 2520 oriebatur
867 2487 947 2519 dis—

267 2543 383 2574 cordia
398 2540 454 2574 illa
468 2565 478 2582 ,
497 2551 603 2583 quam
620 2538 775 2582 Auctor,
797 2538 946 2580 18--20‚-

267 2591 499 2637 persequitur.

315 2659 369 2679 10.-
381 2647 504 2680 Nullus
520 2645 631 2678 adhuc
648 2650 710 2678 ete.
738 2641 945 2677 Cavendum

266 2705 318 2732 est
331 2704 442 2742 poetae
455 2722 465 2739 ‚
483 2708 529 2730 ne
542 2695 578 2729 in
593 2695 795 2733 notionibus
806 2707 947 2739 genera-

249 2749 353 2784 »libus
369 2749 549 2790 subsistat;
566 2747 683 2791 itaque
699 2753 735 2781 et
746 2747 875 2782 Noster
891 2758 946 2786 co·

1022 922 1078 968 pia
1095 923 1229 968 poetica
1245 923 1434 969 praecipuas
1447 923 1574 959 mundi
1587 932 1701 971 partes

1023 982 1221 1018 enumerat,
1234 989 1312 1021 quae
1321 976 1482 1011 nondum
1489 979 1624 1021 digesloe
1631 979 1702 1014 sue-

1022 1028 1104 1062 rint.
1123 1028 1193 1063 Sed
1207 1028 1285 1063 vide
1296 1056 1305 1072 ‚
1324 1041 1429 1074 quam
1440 1030 1592 1065 suaviter
1605 1043 1701 1066 exor-

1023 1080 1158 1114 naverit
1183 1080 1302 1114 tenuia
1326 1080 1383 1114 illa
1398 1106 1408 1124 ,
1439 1081 1602 1116 nondum
1627 1089 1702 1116 erat

1021 1131 1090 1175 sol,
1102 1131 1264 1166 nondum
1278 1132 1370 1173 luna,
1386 1139 1450 1167 etc.
1468 1134 1541 1168 Pro
1556 1133 1608 1168 his
1619 1147 1701 1179 par-

1021 1184 1112 1219 tibus
1133 1185 1365 1219 nominantur
1380 1198 1539 1231 personae
1553 1187 1699 1233 mytho—

1020 1236 1138 1282 logicae
1156 1263 1165 1280 ‚
1203 1237 1328 1282 quibus
1349 1236 1408 1271 hic
1431 1238 1526 1272 locus
1551 1239 1700 1274 mirifice

1020 1288 1204 1322 animatur.
1241 1289 1363 1333 Itaque
1391 1295 1427 1323 et
1456 1291 1571 1324 Tellus
1600 1290 1700 1325 litera

1019 1340 1208 1385 majuscula
1219 1340 1255 1374 in
1263 1340 1365 1374 initio
1372 1339 1541 1376 dedimus.
1552 1339 1613 1376 Sol
1624 1354 1698 1376 non

1019 1392 1237 1436 Phoebus-,vn
1246 1392 1306 1427 sed
1317 1406 1357 1427 ex
1367 1393 1562 1438 antiquiore
1573 1394 1699 1441 mytho
1759 1434 1762 1437 ‚

1024 1446 1152 1487 Tilan;
1185 1451 1287 1479 natus
1310 1445 1406 1479 enirn
1429 1453 1481 1480 est
1509 1459 1550 1481 ex
1569 1448 1699 1495 Hype-

1017 1496 1118 1530 rione
1135 1523 1144 1537 ‚
1176 1509 1250 1530 uno
1274 1509 1315 1530 ex
1336 1497 1529 1532 Titanibus.
1552 1499 1697 1534 Hesiod.

1019 1546 1087 1581 Th.
1106 1547 1167 1593 37¹
1187 1559 1195 1581 :
1216 1548 1357 1582 Titania
1371 1553 1477 1582 aslra.
1495 1549 1593 1594 Virg.
1610 1549 1695 1584 AEn.

1018 1599 1073 1634 VI
1089 1627 1097 1644 ‚
1121 1602 1194 1646 725.
1216 1601 1354 1635 Lunam
1372 1614 1391 1635 a
1406 1602 1547 1647 propria
1560 1628 1571 1645 ,
1589 1610 1696 1647 quam

1017 1651 1123 1686 habet
1132 1678 1141 1695 ,
1156 1652 1334 1687 luminum
1348 1653 1514 1687 varietate
1527 1652 1696 1700 designat.

1011 1706 1014 1716 ⁴
1066 1717 1078 1737 1
1087 1717 1115 1738 2.
1129 1704 1348 1748 Circumfusa.
1358 1704 1450 1739 Nam
1460 1711 1567 1740 terrae
1578 1715 1696 1740 aerem

1017 1754 1174 1799 undique
1203 1755 1336 1790 circum
1367 1754 1540 1790 fluentem
1575 1756 1697 1802 subjici

1018 1807 1155 1854 Physici
1166 1807 1419 1843 demonstrant.
1429 1808 1487 1843 Sic
1500 1808 1614 1843 Tibul.
1627 1808 1693 1852 IV,

1015 1871 1030 1893 1
1044 1886 1053 1903 ,
1075 1863 1132 1894 151
1157 1873 1165 1894 :
1183 1861 1384 1905 circumfuso
1403 1864 1553 1896 consMit
1568 1865 1604 1895 ιἰι
1620 1874 1697 1896 aere

1015 1914 1124 1946 tellus.
1138 1912 1196 1947 Sic
1212 1913 1283 1958 ipse
1299 1912 1404 1948 Ovid.
1415 1938 1424 1955 ,
1442 1913 1534 1948 Fast.
1548 1913 1606 1947 lib.
1620 1913 1674 1947 VI
1683 1939 1694 1956 ,

1015 1977 1103 1999 vers.
1115 1965 1180 2011 269
1203 1990 1212 2007 ,
1223 1965 1314 1999 hanc
1328 1972 1429 1999 terrae
1444 1965 1482 1998 in
1498 1964 1616 1999 medio
1626 1977 1696 1999 sus-

1015 2030 1130 2062 pensae
1148 2019 1317 2067 ἶνιορῥοπίαν
1329 2017 1526 2064 luculenter
1542 2016 1695 2061 exsequi·

1015 2076 1074 2104 tur
1092 2082 1099 2104 :
1122 2070 1224 2103 Terra
1231 2071 1312 2113 pila
1325 2070 1448 2103 smilis
1459 2095 1467 2109 ‚
1486 2071 1578 2103 nullo
1581 2068 1694 2113 sulci-

1015 2125 1102 2157 mine
1121 2125 1205 2155 m'xa
1216 2149 1225 2163 ,
1246 2121 1338 2156 Aere
1348 2122 1497 2165 subjecto
1506 2126 1576 2156 lam
1594 2134 1694 2167 grave

1006 2176 1133 2217 pende!
1143 2186 1238 2207 onus.
1259 2172 1325 2206 Ed.

1061 2225 1110 2259 13.
1125 2226 1331 2259 Ponderibus
1345 2226 1469 2258 lae‘brala
1478 2227 1560 2258 suis.
1577 2222 1693 2258 Osci!-

1012 2276 1087 2311 lans
1101 2276 1266 2323 gravitate
1282 2289 1343 2311 sua
1359 2275 1549 2321 aequilibrio
1566 2287 1691 2309 serva-

1013 2335 1050 2362 to
1061 2354 1070 2371 ‚
1085 2328 1132 2362 ita
1144 2340 1308 2373 suspensa
1322 2334 1387 2381 ζιιῑ
1396 2326 1588 2371 aequalitate
1600 2339 1692 2371 pon-

1013 2380 1139 2414 derum
1149 2378 1381 2424 aequilibrium
1389 2384 1542 2412 servaret
1553 2404 1562 2421 ,
1575 2378 1690 2412 necin

1013 2432 1215 2466 alterutram
1239 2437 1373 2476 partem
1391 2429 1583 2464 inclinaret.
1598 2429 1691 2464 Loca

1013 2483 1186 2517 Veterum
1197 2482 1319 2517 similia
1330 2489 1580 2527 congesserunt
1598 2479 1689 2515 Cios.

1011 2542 1047 2569 et
1058 2535 1181 2570 Heius.
1199 2535 1371 2580 Koeppen.
1384 2541 1520 2577 monet,
1533 2533 1690 2580 cogitan-

1011 2589 1097 2623 dum
1114 2602 1186 2624 esse
1203 2590 1326 2623 orbem
1342 2589 1486 2634 planum
1500 2588 1547 2621 ita
1566 2587 1689 2631 impo-

1010 2641 1114 2675 situm
1145 2641 1197 2675 axi
1216 2668 1225 2684 ,
1256 2634 1296 2675 ut
1322 2641 1432 2675 ambae
1455 2639 1547 2673 orbis
1573 2643 1687 2684 partes

1010 2694 1243 2739 aequilibrium
1261 2700 1412 2729 servent.
1443 2690 1686 2736 Antiquissimi

1010 2759 1091 2780 sane
1109 2753 1220 2791 poetae
1242 2751 1431 2791 putarunt,
1458 2751 1589 2778 terram
1612 2753 1684 2777 esse
