1832 3100
298 264 386 321 426

673 269 725 311 P.
765 269 999 314 OVIDII
1030 269 1333 316 NASONIS

295 361 356 406 Et
376 358 499 424 rupit
518 359 658 425 pictas
675 398 686 419 ‚
711 361 896 410 caelestia
919 363 1099 411 crimina
1115 401 1127 422 ,
1151 376 1306 413 vestes.

296 437 445 502 thue
469 438 697 503 Cytoriaco
722 439 891 487 radium
917 439 970 487 de
994 452 1143 488 monte
1166 442 1367 499 tenebat,

296 513 385 560 Ter
399 549 410 571 ,
438 526 615 579 quater,
640 515 853 564 Idmoniae
874 516 1066 565 frontem
1087 519 1305 583 percussit
1324 518 1560 568 Arachnes.

295 591 397 638 Non
418 591 522 639 tulit
544 592 718 650 infelix,
748 593 994 660 laqueoque
1018 594 1213 643 animosa
1234 595 1386 658 ligavit

300 667 491 716 Guttura
511 689 520 717 :
544 670 807 735 pendentem
831 670 974 719 Pallas
999 671 1202 720 miserata
1225 671 1407 731 levavit3

1646 689 1714 722 1323

294 745 442 811 Atque
459 746 519 794 ita
535 784 546 805 ‚
576 769 598 790 «
620 748 729 795 Vive
753 748 952 814 quidem,
970 749 1115 815 pende
1135 761 1301 808 tamen,
1322 749 1547 816 improba,
1569 749 1707 798 dixit:

298 843 320 863 »
348 824 525 888 Lexque
551 823 700 871 eadem
723 843 864 889 poenae
880 862 892 882 ,
916 844 972 874 ne
994 826 1053 874 sis
1078 845 1228 875 secura
1249 827 1410 885 futuri,

299 924 322 945 »
349 904 480 952 Dicta
507 916 584 952 tuo
609 906 781 967 generi,
807 907 1002 973 serisque
1023 908 1266 974 nepotibus
1295 921 1402 957 esto.
1426 931 1450 952 ³>

293 985 405 1032 Post
430 1005 478 1033 ea
502 986 728 1035 discedens
753 988 894 1036 succis
922 989 1189 1037 Hecateidos
1210 989 1358 1038 herbae

294 1066 495 1132 Spargit;
522 1079 565 1115 et
586 1068 806 1135 extemplo
830 1070 946 1118 tristi
968 1071 1253 1119 medicamine
1276 1083 1401 1119 tactae

1651 1084 1713 1130 140

293 1148 524 1198 Dessuxere
546 1169 702 1209 comae,
727 1170 915 1219 cumque
938 1153 1009 1201 his
1034 1165 1077 1202 et
1099 1154 1241 1211 naris,
1267 1165 1311 1201 et
1332 1153 1476 1219 auris;

293 1230 451 1297 Fitque
475 1244 608 1298 caput
629 1233 882 1293 minimum,
907 1246 1093 1302 totoque
1116 1236 1163 1284 in
1187 1254 1373 1302 corpore
1394 1253 1527 1302 parva
1546 1244 1645 1283 'estz

293 1360 370 1394 tela.
384 1361 466 1397 Non
483 1363 603 1397 victrix
614 1390 624 1407 ,
641 1364 702 1399 sed
719 1365 848 1400 invidia
862 1393 871 1410 ,
889 1379 966 1411 quae

292 1412 398 1447 etiam
414 1413 509 1449 Deos
520 1416 629 1461 tangit
641 1442 650 1459 ,
669 1425 845 1452 commota
857 1419 968 1454 Pallas

293 1465 394 1508 punit
408 1492 416 1509 ,
435 1473 538 1511 atque
552 1468 683 1502 invidia
700 1470 775 1514 ejus
791 1472 968 1505 exacerba-

291 1521 350 1548 tur
366 1517 471 1551 etiam
484 1519 686 1554 criminibus
699 1520 859 1555 Deorum
878 1521 969 1556 effic-

292 1567 343 1602 tis.
362 1571 439 1604 Non
453 1573 539 1604 lz‘vor
549 1574 639 1605 illud
647 1586 730 1616 opus
741 1587 875 1617 carpere
881 1587 967 1618 pos-

290 1622 353 1659 sit,
380 1622 552 1665 proverbii
568 1624 718 1667 speciem
735 1624 892 1659 habuisse
908 1625 968 1658 vi-

292 1671 396 1706 detur
408 1700 417 1716 ,
435 1682 604 1709 monente
622 1676 770 1712 Zinzerl.
790 1678 967 1712 Promuls.

292 1737 363 1770 cap.
377 1728 414 1768 41
422 1751 429 1759 .
439 1745 482 1752 —
494 1729 648 1762 Coeleslia
658 1732 799 1763 crimina
807 1729 968 1764 Deorum

291 1782 409 1821 stupra
426 1784 461 1812 et
483 1777 652 1813 adulteria
677 1779 852 1816 dicuntur.
877 1781 968 1815 Vide

293 1829 416 1864 Burm.
449 1830 507 1865 Sic
533 1838 569 1865 et
592 1832 815 1877 Propertius,
847 1833 905 1876 ΙΙ,
923 1844 967 1876 v,

293 1883 333 1915 25
354 1894 362 1916 ε
379 1885 457 1918 Noa
479 1886 557 1917 istis
576 1887 656 1918 olim
679 1887 860 1918 variabant
881 1890 971 1919 lecta

279 1936 412 1979 figuris.
437 1937 517 1970 Tum
528 1941 643 1980 paries
650 1940 742 1971 nullo
752 1940 888 1972 crimine
892 1941 970 1980 pic-

292 1990 346 2021 lus
356 1992 438 2022 erat.
453 2006 497 2013 -
510 1991 675 2031 Crimina,
694 1994 803 2023 vestes
814 2016 823 2030 ‚
842 1989 948 2023 telam
959 2016 969 2033 ,

292 2040 328 2073 in
347 2053 415 2085 qua
433 2040 572 2086 flagitia.

334 2091 412 2125 ⁸132.
439 2094 624 2138 Cytoriaco.
643 2091 734 2126 Vide
752 2091 795 2126 ad
813 2092 880 2135 IV,
895 2093 971 2127 311.

293 2159 336 2168 -
351 2143 520 2177 Animosa
530 2145 682 2178 refertur
693 2144 818 2179 melius
832 2144 874 2178 ad
889 2150 972 2189 gut-

292 2198 391 2235 tura,
423 2207 528 2238 quam
551 2195 594 2229 ad
623 2195 732 2240 ipsam
754 2195 941 2229 Arachnen
959 2210 969 2237 ;

292 2246 353 2282 sed
371 2248 550 2293 quaeritur,
569 2261 639 2292 quo
655 2262 759 2283 sensu
776 2249 829 2282 vir
850 2249 971 2283 doctus

292 2299 329 2332 in
346 2298 510 2333 Biblioth.
527 2297 650 2344 Tigur.
670 2300 748 2332 Vol.
774 2299 852 2343 111,
873 2300 911 2334 P.
932 2311 946 2333 1
960 2326 970 2343 ,

292 2366 325 2397 p.
345 2354 409 2400 94,
435 2352 579 2398 explicet
603 2353 788 2398 spirantia,
812 2359 848 2387 et
865 2365 971 2386 com-

293 2413 392 2450 paret
402 2419 444 2440 ex
455 2406 527 2442 VII
537 2433 547 2450 ,
565 2407 647 2450 604,
655 2419 738 2450 pars
748 2409 895 2440 animam
911 2409 972 2440 la—

292 2472 376 2502 queo
390 2461 560 2494 claudunt.
584 2458 719 2492 Laudat
738 2458 833 2492 idem
850 2458 972 2493 Amor.

295 2512 334 2555 I,
366 2523 406 2546 VI
419 2538 428 2555 ‚
451 2514 489 2546 51
508 2525 517 2554 ;
549 2511 607 2546 ubi
631 2515 817 2545 animosum
841 2516 971 2546 ventum

294 2569 394 2607 putat
411 2576 482 2597 esse
506 2563 699 2608 spirantem
714 2588 724 2605 ,
742 2561 888 2596 flantem
902 2587 911 2605 ‚
938 2567 974 2595 et

293 2627 312 2648 e
331 2613 405 2649 Cic.
422 2615 465 2649 N.
483 2614 527 2649 D.
541 2615 577 2649 ΙΙ
595 2641 604 2658 ,
628 2615 669 2658 6,
691 2617 837 2647 animum
854 2616 973 2657 spira—

294 2667 402 2699 bilem.
419 2665 526 2700 Haud
547 2666 617 2701 scio
634 2673 753 2700 tamen
766 2691 775 2709 ‚
806 2678 850 2699 an
867 2664 973 2710 possis

294 2716 441 2761 superba
453 2716 619 2761 explicare
633 2743 642 2760 ,
659 2723 697 2751 ut
711 2729 813 2751 versu
832 2716 896 2750 206
908 2742 917 2759 ,
934 2721 975 2749 ut

295 2768 427 2814 gutturi
450 2782 551 2804 more
577 2777 761 2815 poetarum
781 2769 910 2804 tributa
931 2769 974 2803 sit

1032 1367 1169 1403 affectio
1185 1367 1348 1402 dominae.
1363 1367 1572 1411 ——Lt'gavitf
1591 1365 1708 1400 Hein-

1032 1421 1101 1454 sius
1116 1420 1213 1455 malit
1227 1423 1368 1464 ligatur,
1387 1426 1426 1453 ut
1439 1423 1607 1465 κακοφωνιά
1621 1418 1711 1452 vite-

1032 1479 1091 1506 tur
1104 1473 1140 1506 in
1155 1475 1273 1516 ltjgaoit
1280 1478 1315 1506 et
1325 1474 1454 1506 levam?-
1462 1489 1506 1496 —
1514 1469 1616 1515 Regii
1627 1481 1712 1504 nos-

1032 1524 1078 1557 tri
1087 1523 1218 1558 habent
1225 1526 1352 1567 ligavit,
1364 1535 1429 1557 nec
1436 1534 1523 1567 opus
1530 1527 1582 1555 est
1592 1533 1710 1555 emen-

1033 1573 1173 1608 datione
1190 1573 1391 1608 Heinsiaua.
1407 1575 1473 1608 Ed.
1486 1580 1532 1598 ——'
1549 1572 1592 1607 In
1608 1572 1712 1617 junc-

1032 1630 1110 1658 tura
1126 1625 1315 1659 verborum
1335 1627 1470 1668 Ιιζανίί,
1493 1626 1619 1658 levavit
1628 1635 1710 1657 sane

1033 1682 1085 1709 est
1101 1676 1312 1721 negligentia
1330 1674 1510 1720 quaedam,
1528 1686 1643 1719 neque
1660 1680 1712 1708 ta-

1032 1740 1116 1761 men
1135 1727 1191 1761 illa
1211 1727 1393 1761 sollicitare
1411 1726 1579 1760 Heinsius
1596 1725 1710 1760 debe-

1032 1779 1091 1813 bat
1118 1778 1161 1812 ad
1187 1778 1444 1824 corrigendum.
1463 1777 1555 1812 Vide
1579 1776 1621 1811 ad
1644 1777 1681 1811 II
1699 1802 1709 1819 ,

1033 1832 1108 1878 398.
1125 1831 1332 1872 —Leoamn
1352 1831 1520 1865 leviorem
1532 1829 1564 1864 ei
1578 1836 1710 1870 sortem

1034 1883 1166 1917 tribuit.

1082 1936 1153 1980 137.
1170 1936 1263 1975 Lex,
1282 1934 1407 1968 modus
1425 1941 1461 1969 et
1482 1934 1582 1969 ratio.
1599 1934 1709 1969 Poena

1034 1988 1191 2033 ejusdem
1204 1987 1301 2022 modi
1311 1987 1498 2022 constituta
1511 1987 1710 2022 esta—Per

1031 2052 1135 2084 genus
1157 2047 1192 2073 et
1213 2044 1347 2083 nepoles
1369 2051 1512 2073 araneas
1539 2037 1710 2083 intelligit.

1035 2091 1089 2125 Ita
1103 2096 1238 2134 nepotes
1253 2091 1358 2125 etiam
1374 2091 1426 2124 XI
1437 2115 1447 2133 ,
1467 2091 1519 2133 48.
1539 2089 1628 2124 Inde
1645 2101 1710 2123 au·-

1034 2151 1108 2178 tem
1119 2151 1154 2178 et
1162 2156 1288 2178 aranea
1298 2147 1408 2178 [maim
1417 2144 1574 2177 M'nervoe
1582 2168 1593 2184 ,
1613 2142 1710 2187 Virg.

1036 2195 1164 2241 Georg.
1185 2196 1252 2238 IV,
1271 2196 1346 2238 246.

1082 2248 1153 2294 139.
1169 2249 1255 2281 Post
1267 2260 1317 2282 ea.
1334 2246 1551 2291 Schepperus
1562 2243 1712 2289 conjecit

1033 2311 1162 2343 oraque.
1180 2299 1266 2332 Post
1278 2310 1319 2332 ea
1331 2304 1366 2333 et
1382 2296 1468 2331 mihi
1482 2295 1685 2341 languidum
1699 2320 1710 2338 ‚

1034 2364 1100 2385 nec
1115 2351 1194 2385 satis
1209 2351 1384 2396 poeticum
1398 2349 1547 2384 videtur.
1567 2349 1647 2383 Non
1660 2355 1711 2382 ta-

1034 2416 1118 2438 men
1134 2415 1214 2438 cum
1230 2402 1431 2447 Scheppero
1449 2400 1522 2435 haec
1537 2399 1710 2445 corrigere

1034 2455 1154 2489 ausim.
1166 2455 1392 2494 —Hecate115‚
1410 2459 1582 2487 venenata
1592 2458 1626 2486 et
1634 2464 1712 2486 ma-

1034 2508 1107 2553 gica
1120 2533 1129 2551 ,
1142 2514 1182 2541 ut
1194 2507 1294 2549 XIV,
1313 2507 1356 2550 44
1365 2532 1374 2549 ,
1388 2507 1553 2546 Hecateia
1562 2508 1713 2541 carmina

1033 2565 1116 2593 sunt
1129 2558 1392 2593 incantationes.
1405 2559 1535 2592 Hecate
1547 2557 1643 2603 enim
1652 2555 1711 2589 in—

1034 2611 1221 2645 vocabatur
1232 2623 1250 2644 a
1265 2609 1690 2654 veneficia—Medicameu
1699 2633 1709 2647 ‚

1036 2662 1149 2696 omnis
1159 2675 1279 2697 succus
1290 2688 1299 2706 ,
1320 2674 1389 2706 quo
1402 2660 1555 2695 inficitur
1571 2658 1708 2703 aliquid.

1035 2733 1079 2740 —-
1099 2716 1249 2759 Dcfluere
1272 2720 1308 2748 et
1325 2715 1496 2758 dassuvium
1518 2710 1643 2745 dicitur
1663 2709 1709 2742 de

1036 2768 1174 2814 capillis.
1185 2785 1229 2795 --·
1246 2768 1393 2811 Totoque
1405 2768 1441 2800 in
1457 2776 1589 2808 corpore
1607 2763 1711 2798 Bur.—
