1832 3100
305 213 392 269 420

674 218 1007 278 P.10V1D11
1043 200 1349 268 NASONIS

299 307 396 356 Illic
420 320 464 357 et
487 308 654 359 lentum
676 310 762 360 filis
784 313 1039 363 immittitur
1057 334 1211 364 aurum
1228 353 1240 374 ,

296 391 357 438 Et
381 403 505 440 vetus
528 392 575 439 in
598 392 683 441 tela
705 393 939 443 deducitur
962 410 1280 458 argumentum.

363 473 579 539 Cecropia
600 473 743 523 Pallas
768 476 1001 542 scopulum
1021 478 1239 527 Mavortis
1258 478 1307 526 in
1327 498 1426 529 arce
1674 509 1717 543 7⁰

297 554 473 618 Pingit,
499 568 542 604 et
563 557 789 624 antiquam
813 559 866 606 de
887 571 1011 607 terrae
1032 561 1211 609 nomine
1235 560 1371 610 litem.

293 635 372 684 Bis
393 655 469 685 sex
494 636 685 688 caelestes
701 677 713 698 ,
738 639 885 688 medio
910 641 1020 689 Jove
1035 678 1047 699 ,
1075 641 1256 690 sedibus
1277 642 1378 692 altis

338 781 392 819 68.
416 782 577 823 Lenlum,
609 783 759 819 flexibile
777 810 787 827 ‚
813 785 905 819 bene
929 784 974 821 de

296 834 360 870 filis
381 835 513 880 aureis,
537 849 615 881 quae
640 837 754 882 qualia
782 837 866 871 olim
888 838 973 872 sue—

296 886 392 930 rint,
417 887 591 922 examinat
623 890 782 933 Goguel„
814 891 895 923 iiber
910 892 973 924 den

297 939 469 984 Ursprung
497 942 558 975 der
585 943 729 976 Gesetze
745 953 759 984 ‚·
795 949 880 977 tom.
910 943 946 978 11
960 969 969 986 ,

295 990 352 1025 lib.
370 1003 399 1025 11
413 1018 422 1035 ‚
440 1005 511 1036 cap.
530 1006 569 1033 2,
591 999 654 1027 art.
674 1007 704 1027 2.
718 1011 762 1020 —
781 995 975 1029 Immillilur

283 1042 441 1079 ‚verbum
477 1042 651 1078 delectum
691 1057 755 1089 pro
783 1048 945 1079 intexitur
958 1072 967 1086 ‚

294 1093 388 1138 quod
404 1095 494 1129 male
508 1093 640 1130 habent
656 1094 713 1129 alii
735 1095 773 1130 in
795 1102 970 1130 contextu.

293 1164 336 1172 ——
349 1146 589 1191 Argumentum
615 1146 632 1192 (
650 1150 749 1197 ἔστ-ὅρη
754 1164 799 1192 μοι
814 1174 823 1192 ,
843 1148 969 1184 Anacr.

293 1199 333 1233 18
345 1224 354 1241 ,
374 1197 445 1246 9),
466 1198 580 1232 sabula
600 1205 659 1232 aut
676 1198 819 1234 historia
830 1199 867 1234 in
885 1213 971 1245 ope-

291 1250 385 1284 ribus
412 1250 540 1284 artium
561 1264 727 1296 expressa.
745 1251 843 1286 Talia
858 1252 971 1287 vesti-

263 1306 274 1316 '
292 1303 357 1337 bus
370 1315 511 1348 quoque
527 1303 634 1338 intexi
644 1303 810 1338 solebant.
819 1304 968 1340 Homer.

290 1354 329 1389 ΙΙ.
353 1361 399 1397 Γ,
422 1356 508 1395 125;
532 1353 694 1399 Apollon.
720 1354 789 1389 Rh.
814 1356 852 1399 I,
881 1369 962 1400 7213

291 1406 406 1441 Catul.
432 1416 538 1449 LXIV,
558 1407 624 1447 50;
655 1404 779 1441 Claud.
802 1407 846 1441 R.
865 1407 904 1442 P.
925 1407 965 1450 l,

291 1458 355 1502 246
378 1470 451 1503 sqq.
476 1458 556 1492 Hoc
579 1458 687 1503 igitur
713 1470 812 1493 more
838 1459 968 1500 Noster

289 1523 370 1545 usus
382 1511 497 1556 plures
512 1510 641 1545 fabulas
658 1511 822 1554 inseruit,
840 1524 967 1567 easque

287 1565 334 1598 ita
350 1563 517 1608 disposuit
529 1590 538 1606 ‚
551 1570 590 1597 ut
603 1563 775 1597 Minerva}
786 1562 884 1597 daret
897 1564 966 1598 sata

287 1615 473 1649 hominum
485 1628 503 1649 a
513 1614 588 1648 Diis
599 1614 803 1659 punitorum
815 1640 824 1657 ,
837 1613 966 1648 Arach-

287 1679 342 1701 nae
358 1667 487 1712 flagitia
502 1665 658 1701 caelestia.
676 1665 731 1699 De
745 1665 852 1699 verbo
860 1667 966 1699 dedu-

288 1732 360 1754 ειν-ι·
376 1718 454 1752 vide
465 1718 508 1752 ad
521 1719 538 1752 Ι
550 1744 559 1761 ,
579 1718 609 1760 4.
625 1717 730 1751 Nunc
743 1717 890 1751 omnino
900 1725 963 1761 est,

290 1771 440 1807 texendo
455 1770 635 1816 effingere.

333 1837 384 1872 7⁰·
408 1825 582 1868 Scopulum
601 1824 785 1865 Mavortis,
807 1822 966 1868 Areopa-

291 1890 374 1924 gum
387 1904 396 1921 ,
414 1876 539 1912 collem
565 1875 661 1920 juxta
687 1875 905 1922 Cecropiam.
922 1894 966 1902 —-

291 1932 417 1969 Luem,
443 1935 622 1963 certamen
644 1928 801 1973 Neptuni
826 1935 861 1962 et
876 1928 966 1963 Pal-

289 1981 372 2017 ladis
403 1980 446 2014 de
476 1980 621 2014 nomine
648 1980 742 2014 urbis
775 1979 965 2024 Cecropiae.

290 2036 418 2071 Noster
433 2033 591 2077 sequitur
604 2045 662 2067 eos
675 2058 684 2075 ,
703 2032 763 2077 qui
779 2031 965 2066 duodecim

291 2082 435 2131 magnos
445 2085 540 2119 Deos
552 2084 735 2118 arbitrium
752 2083 867 2118 tulisse
884 2097 966 2118 nar-

292 2138 431 2180 rabant,
449 2144 488 2171 ut
500 2163 508 2179 ,
528 2143 607 2170 uter
622 2149 751 2170 munus
762 2136 965 2171 mortalibus

288 2189 509 2226 utilissimum
523 2189 757 2233 produxisset,
775 2190 816 2223 ab
827 2202 869 2223 eo
882 2190 964 2224 urbs

286 2255 422 2279 nomen
437 2241 616 2286 acciperet.
632 2241 836 2275 Secundum
855 2241 965 2286 Apol-

289 2293 439 2335 lod.111‚
453 2303 528 2335 XIV,
550 2306 579 2335 1,
596 2291 760 2337 Cecropis
774 2299 873 2326 aetate
888 2293 964 2328 Diis

289 2344 417 2391 placuit
426 2343 578 2378 civitates
589 2342 652 2376 sibi
668 2342 832 2388 deligere,
842 2343 877 2377 in
892 2345 964 2389 qui-

290 2398 354 2431 bus
379 2395 590 2430 colerentur.
619 2394 661 2428 In
692 2394 844 2428 Atticam
869 2396 964 2440 prior

290 2448 386 2482 venit
402 2447 587 2492 Neptunus
601 2472 610 2488 ‚
628 2444 849 2490 tridenteque
866 2447 965 2482 humi

291 2500 359 2534 fixo
372 2501 408 2534 in
421 2499 535 2533 media
548 2498 695 2543 acropoli
710 2511 805 2532 mare
823 2500 963 2543 profert.

292 2552 377 2586 Post
387 2551 483 2585 venit
492 2551 666 2593 Minerva,
680 2562 768 2593 quae,
779 2562 887 2594 quum
900 2550 965 2585 Ce-

291 2616 394 2648 cropa
405 2610 528 2637 testem
542 2602 687 2645 fecisset,
699 2602 810 2636 oleam
823 2603 965 2647 plantat.

293 2654 407 2688 Litem
423 2654 504 2688 inde
523 2654 564 2688 de
583 2661 674 2688 terra
686 2654 889 2699 possidenda
906 2667 964 2688 or-

295 2713 363 2740 tam
382 2706 440 2750 qui
458 2706 684 2749 dirimerent,
712 2705 851 2750 Jupiter
868 2705 964 2740 duo-—

1039 786 1153 822 decim
1170 800 1315 833 magnos
1330 787 1426 826 Deos
1440 789 1572 836 judices
1587 794 1716 829 consti-

1039 838 1105 872 tu'it
1117 865 1126 881 ,
1147 839 1206 884 qui
1221 839 1389 886 Cecropis
1403 843 1604 878 testimonio
1618 858 1718 880 com-

1037 891 1124 925 moti
1136 891 1331 926 secundum
1344 893 1546 929 Minervam
1563 908 1716 941 pronun-

1037 941 1184 977 ciarunt.
1195 943 1246 977 Ea
1254 943 1342 978 ratio
1353 945 1496 991 Heynio
1504 959 1575 991 prae
1584 948 1716 983 caeteris
1734 969 1739 973 «

1037 992 1149 1037 placet
1160 1019 1179 1041 ,³
1189 993 1269 1038 quia
1286 994 1384 1029 valde
1402 996 1544 1041 antiqua
1562 997 1648 1042 juris
1664 999 1716 1033 rei

1038 1044 1257 1089 acquirendae
1267 1046 1409 1092 vestigia
1416 1046 1604 1083 habet-Sed
1612 1050 1716 1095 paulo

1037 1096 1136 1131 aliter
1148 1096 1264 1131 Varro
1279 1098 1370 1144 apud
1385 1098 1572 1145 Augustin.
1583 1100 1626 1136 de
1637 1101 1713 1137 Civ.

1036 1148 1105 1184 Dei
1120 1176 1129 1193 ‚
1148 1150 1295 1195 XVIII,
1314 1164 1356 1199 9,,
1373 1165 1451 1187 rem
1467 1155 1598 1198 refert,
1615 1155 1714 1201 cujus

1036 1201 1141 1235 verba
1153 1215 1233 1236 cum
1252 1202 1285 1237 h.
1297 1203 1319 1237 l.
1336 1204 1496 1239 conferre
1509 1205 1607 1250 juvat
1623 1219 1633 1241 ε
1651 1208 1715 1243 Ce-

1034 1266 1132 1298 crope
1160 1260 1316 1299 regnante
1329 1283 1337 1297 ,
1364 1270 1462 1301 quam
1493 1260 1585 1293 circa
1603 1272 1714 1294 arcem

1033 1304 1273 1341 Atheniensem
1297 1309 1371 1341 olea
1391 1310 1492 1342 arbor
1495 1308 1590 1352 forle
1612 1315 1714 1345 enala

1033 1361 1141 1398 esset,
1173 1362 1208 1391 e!
1221 1358 1330 1401 juxta
1354 1372 1514 1404 aquarum
1544 1366 1713 1407 scatungo

1033 1414 1217 1452 emanaret,
1231 1414 1418 1446 consultum
1427 1415 1595 1457 superbae
1610 1417 1719 1450 veluti

1027 1464 1183 1506 prodtgio
1200 1463 1393 1508 Apollinem
1407 1468 1635 1511 respondisse,
1651 1482 1716 1513 per

1033 1514 1141 1547 oleam
1157 1516 1359 1557 Minervam,
1372 1529 1437 1560 per
1447 1530 1568 1562 aquam
1584 1520 1712 1563 Neptu-

1032 1575 1109 1597 num
1125 1567 1322 1610 stjgmficari,
1344 1580 1464 1613 eosque
1473 1569 1568 1604 Deos
1577 1571 1666 1604 inter
1677 1582 1714 1604 se

1031 1620 1174 1656 certare,
1197 1622 1271 1651 uter
1289 1621 1367 1652 urbi
1385 1632 1503 1654 nomen
1523 1623 1712 1665 imponere!-

1036 1668 1146 1710 Quare
1150 1681 1255 1711 penes
1259 1673 1419 1714 populum
1426 1684 1500 1706 esse
1506 1699 1516 1713 ,
1530 1676 1635 1707 uIn'us
1644 1675 1718 1708 Dec·

1030 1721 1162 1753 nomine
1178 1722 1348 1764 appellari
1363 1724 1458 1756 illam
1483 1725 1626 1765 vellent,
1652 1727 1713 1758 de-

1031 1782 1172 1804 cernere.
1184 1771 1221 1805 A
1222 1773 1447 1807 thenr’ense'bus
1459 1776 1572 1819 itaque
1587 1777 1623 1808 in
1639 1775 1712 1819 suf-

1021 1819 1144 1864 fragia
1149 1825 1312 1864 euntibus,
1320 1836 1417 1868 quum
1426 1837 1534 1859 mares
1544 1827 1709 1870 Neptuno,

1031 1875 1184 1907 mulieres
1209 1875 1367 1909 Mnervoe
1379 1875 1538 1921 faverent
1548 1903 1558 1918 ,
1589 1881 1712 1912 υἱειῖηε

1031 1924 1215 1958 Minervam
1233 1927 1366 1960 calculo
1389 1939 1464 1961 uno.
1486 1929 1596 1971 Quare
1610 1931 1709 1974 Nep-

1031 1979 1145 2009 tunum
1159 1978 1368 2021 indignatum
1378 1991 1457 2013 mox
1468 1983 1596 2015 {antam
1606 1975 1710 2026 uqua-

1030 2039 1101 2061 rum
1125 2031 1194 2062 vim
1214 2027 1399 2072 effudisse,
1427 2033 1467 2064 ul
1487 2035 1593 2066 lolam
1607 2045 1710 2078 pmpc

1030 2079 1185 2114 Atticam
1209 2083 1395 2117 inundaret.
1422 2082 1529 2118 Forte
1555 2082 1710 2131 Cecrops

1032 2145 1141 2178 quum
1157 2133 1195 2168 in
1211 2133 1364 2169 Atticam
1381 2136 1594 2181 pervenisset
1610 2163 1621 2181 ‚
1643 2138 1708 2173 iu-

1030 2186 1189 2231 colasque
1202 2188 1355 2231 Neptuno
1366 2214 1378 2230 ‚
1392 2188 1458 2223 hoc
1475 2196 1526 2224 est
1539 2215 1548 2233 ‚
1566 2191 1707 2237 navigass

1030 2238 1117 2272 tioni
1128 2245 1163 2273 et
1175 2238 1345 2284 piraticae,
1368 2239 1503 2275 deditos
1523 2242 1708 2287 cognovis-

1028 2296 1101 2333 set,
1122 2302 1264 2335 operam
1281 2290 1378 2325 dedit
1395 2317 1405 2335 ‚
1425 2297 1464 2325 ut
1480 2292 1615 2326 cultum
1632 2295 1706 2328 Mi-

1029 2354 1148 2382 nervae,
1169 2341 1236 2377 hoc
1249 2349 1325 2386 est,
1349 2343 1622 2388 agriculturam„
1640 2345 1704 2380 in—

1030 2392 1240 2429 troduceret.
1249 2394 1344 2428 Hinc
1355 2407 1501 2440 magnus
1513 2395 1705 2442 tumultus,

1030 2458 1136 2489 quem
1156 2447 1202 2480 ita
1219 2447 1432 2492 composuit,
1453 2455 1493 2483 ut
1508 2449 1677 2495 plurimos
1693 2478 1704 2495 ,

1030 2498 1192 2531 mulieres
1215 2498 1252 2532 in
1275 2499 1416 2544 primis,
1445 2499 1483 2534 in
1507 2514 1606 2536 suam
1621 2515 1705 2537 sen-

1029 2550 1175 2584 tentiam
1190 2551 1354 2586 traheret.
1371 2552 1429 2587 Sic
1441 2553 1523 2588 vicit
1539 2554 1614 2589 olea
1630 2553 1703 2589 Mi-

1028 2614 1155 2636 nervae.
1174 2601 1309 2638 Confer
1330 2605 1468 2649 Gofuel.
1485 2605 1519 2639 d.
1534 2606 1555 2640 l.
1572 2620 1603 2652 p.
1631 2607 1701 2654 169.

1030 2654 1081 2689 Ea
1107 2655 1172 2689 suit
1197 2657 1369 2691 sententia
1397 2658 1436 2692 P.
1461 2660 1675 2694 Tournernine
1690 2687 1699 2701 ‚

1029 2709 1207 2742 Me'rnoires
1220 2711 1260 2743 de
1277 2711 1426 2745 Tre'uouz·
1435 2736 1444 2752 ,
1458 2712 1597 2746 Jam’t’er
1608 2712 1699 2765 ¹708,-
