<?xml version="1.0" encoding="UTF-8"?>
<!DOCTYPE html PUBLIC "-//W3C//DTD XHTML 1.0 Transitional//EN"
    "http://www.w3.org/TR/xhtml1/DTD/xhtml1-transitional.dtd">
<html xmlns="http://www.w3.org/1999/xhtml" xml:lang="en" lang="en">
 <head>
  <title>
</title>
<meta http-equiv="Content-Type" content="text/html;charset=utf-8" />
  <meta name='ocr-system' content='tesseract 3.04.00' />
  <meta name='ocr-capabilities' content='ocr_page ocr_carea ocr_par ocr_line ocrx_word'/>
</head>
<body>
  <div class='ocr_page' id='page_1' title='image "./quaeextantomniao03oviduoft_0485.png"; bbox 0 0 1832 3100; ppageno 0'>
   <div class='ocr_carea' id='block_1_1' title="bbox 364 271 1353 321">
    <p class='ocr_par' dir='ltr' id='par_1_1' title="bbox 364 271 1353 321">
     <span class='ocr_line' id='line_1_1' title="bbox 364 271 1353 321; baseline 0.001 -2"><span class='ocrx_word' id='word_1_1' title='bbox 364 271 1058 319; x_wconf 84' lang='lat' dir='ltr'><strong>METAMORPHOSEON</strong></span> <span class='ocrx_word' id='word_1_2' title='bbox 1091 276 1219 320; x_wconf 89' lang='lat' dir='ltr'><strong>LIB.</strong></span> <span class='ocrx_word' id='word_1_3' title='bbox 1259 277 1353 321; x_wconf 89' lang='lat' dir='ltr'>VI.</span> 
     </span>
    </p>
   </div>
   <div class='ocr_carea' id='block_1_2' title="bbox 1423 261 1573 332">
    <p class='ocr_par' dir='ltr' id='par_1_2' title="bbox 1423 261 1573 332">
     <span class='ocr_line' id='line_1_2' title="bbox 1423 261 1573 332; baseline 0 -12"><span class='ocrx_word' id='word_1_4' title='bbox 1423 261 1426 264; x_wconf 80' lang='grc'><strong>’</strong></span> <span class='ocrx_word' id='word_1_5' title='bbox 1487 275 1573 332; x_wconf 72' lang='grc'>453</span> 
     </span>
    </p>
   </div>
   <div class='ocr_carea' id='block_1_3' title="bbox 156 364 1287 516">
    <p class='ocr_par' dir='ltr' id='par_1_3' title="bbox 156 364 1287 516">
     <span class='ocr_line' id='line_1_3' title="bbox 157 364 1277 434; baseline 0.001 -18"><span class='ocrx_word' id='word_1_6' title='bbox 157 369 308 434; x_wconf 79' lang='lat' dir='ltr'>Usque</span> <span class='ocrx_word' id='word_1_7' title='bbox 331 365 440 416; x_wconf 87' lang='lat' dir='ltr'>adeo</span> <span class='ocrx_word' id='word_1_8' title='bbox 462 366 570 417; x_wconf 86' lang='lat' dir='ltr'>latet</span> <span class='ocrx_word' id='word_1_9' title='bbox 589 364 786 415; x_wconf 85' lang='lat' dir='ltr'>utilitas!</span> <span class='ocrx_word' id='word_1_10' title='bbox 805 366 893 432; x_wconf 90' lang='lat' dir='ltr'>jam</span> <span class='ocrx_word' id='word_1_11' title='bbox 919 377 1118 433; x_wconf 88' lang='lat' dir='ltr'>tempora</span> <span class='ocrx_word' id='word_1_12' title='bbox 1141 368 1277 419; x_wconf 84' lang='lat' dir='ltr'><strong>Titan</strong></span> 
     </span>
     <span class='ocr_line' id='line_1_4' title="bbox 156 447 1287 516; baseline 0.002 -19"><span class='ocrx_word' id='word_1_13' title='bbox 156 447 369 516; x_wconf 79' lang='lat' dir='ltr'>Quinque</span> <span class='ocrx_word' id='word_1_14' title='bbox 388 466 469 516; x_wconf 88' lang='lat' dir='ltr'>per</span> <span class='ocrx_word' id='word_1_15' title='bbox 491 460 729 501; x_wconf 84' lang='lat' dir='ltr'>autumnos</span> <span class='ocrx_word' id='word_1_16' title='bbox 752 448 930 516; x_wconf 89' lang='lat' dir='ltr'>repetiti</span> <span class='ocrx_word' id='word_1_17' title='bbox 954 448 1138 498; x_wconf 86' lang='lat' dir='ltr'>duxerat</span> <span class='ocrx_word' id='word_1_18' title='bbox 1162 451 1287 508; x_wconf 83' lang='lat' dir='ltr'>anni3</span> 
     </span>
    </p>
   </div>
   <div class='ocr_carea' id='block_1_4' title="bbox 158 528 1347 594">
    <p class='ocr_par' dir='ltr' id='par_1_4' title="bbox 158 528 1347 594">
     <span class='ocr_line' id='line_1_5' title="bbox 158 528 1347 594; baseline 0.002 -16"><span class='ocrx_word' id='word_1_19' title='bbox 158 528 312 593; x_wconf 84' lang='lat' dir='ltr'>Quum</span> <span class='ocrx_word' id='word_1_20' title='bbox 333 528 535 581; x_wconf 82' lang='lat' dir='ltr'>blandita</span> <span class='ocrx_word' id='word_1_21' title='bbox 555 530 651 579; x_wconf 89' lang='lat' dir='ltr'>viro</span> <span class='ocrx_word' id='word_1_22' title='bbox 676 531 846 579; x_wconf 89' lang='lat' dir='ltr'>Procne</span> <span class='ocrx_word' id='word_1_23' title='bbox 860 568 872 589; x_wconf 83' lang='lat'>‚</span> <span class='ocrx_word' id='word_1_24' title='bbox 903 530 997 579; x_wconf 72' lang='lat' dir='ltr'>«Si</span> <span class='ocrx_word' id='word_1_25' title='bbox 1020 531 1157 594; x_wconf 87' lang='lat' dir='ltr'>gratia</span> <span class='ocrx_word' id='word_1_26' title='bbox 1174 569 1185 589; x_wconf 90' lang='lat'>‚</span> <span class='ocrx_word' id='word_1_27' title='bbox 1210 532 1347 591; x_wconf 84' lang='lat' dir='ltr'>dixit,</span> 
     </span>
    </p>
   </div>
   <div class='ocr_carea' id='block_1_5' title="bbox 1513 547 1580 591">
    <p class='ocr_par' dir='ltr' id='par_1_5' title="bbox 1513 547 1580 591">
     <span class='ocr_line' id='line_1_6' title="bbox 1513 547 1580 591; baseline 0 0"><span class='ocrx_word' id='word_1_28' title='bbox 1513 547 1580 591; x_wconf 74' lang='lat'>440</span> 
     </span>
    </p>
   </div>
   <div class='ocr_carea' id='block_1_6' title="bbox 157 610 1283 673">
    <p class='ocr_par' dir='ltr' id='par_1_6' title="bbox 157 610 1283 673">
     <span class='ocr_line' id='line_1_7' title="bbox 157 610 1283 673; baseline 0.002 -13"><span class='ocrx_word' id='word_1_29' title='bbox 157 630 182 654; x_wconf 77' lang='lat'>»</span> <span class='ocrx_word' id='word_1_30' title='bbox 209 610 312 660; x_wconf 84' lang='lat' dir='ltr'>Ulla</span> <span class='ocrx_word' id='word_1_31' title='bbox 333 631 430 661; x_wconf 90' lang='lat' dir='ltr'>mea</span> <span class='ocrx_word' id='word_1_32' title='bbox 452 624 518 661; x_wconf 86' lang='lat' dir='ltr'>est</span> <span class='ocrx_word' id='word_1_33' title='bbox 533 651 545 672; x_wconf 94' lang='lat'>‚</span> <span class='ocrx_word' id='word_1_34' title='bbox 570 612 639 662; x_wconf 88' lang='lat' dir='ltr'>vel</span> <span class='ocrx_word' id='word_1_35' title='bbox 661 631 730 661; x_wconf 89' lang='lat' dir='ltr'>me</span> <span class='ocrx_word' id='word_1_36' title='bbox 752 613 942 662; x_wconf 85' lang='lat' dir='ltr'>visendae</span> <span class='ocrx_word' id='word_1_37' title='bbox 959 613 1086 663; x_wconf 85' lang='lat' dir='ltr'>mitte</span> <span class='ocrx_word' id='word_1_38' title='bbox 1108 614 1255 662; x_wconf 85' lang='lat' dir='ltr'>sorori</span> <span class='ocrx_word' id='word_1_39' title='bbox 1271 653 1283 673; x_wconf 90' lang='lat'>‚</span> 
     </span>
    </p>
   </div>
   <div class='ocr_carea' id='block_1_7' title="bbox 155 692 1382 762">
    <p class='ocr_par' dir='ltr' id='par_1_7' title="bbox 155 692 1382 762">
     <span class='ocr_line' id='line_1_8' title="bbox 155 692 1382 762; baseline 0.002 -21"><span class='ocrx_word' id='word_1_40' title='bbox 155 714 181 736; x_wconf 68' lang='lat' dir='ltr'>n</span> <span class='ocrx_word' id='word_1_41' title='bbox 207 692 291 742; x_wconf 85' lang='lat' dir='ltr'>Vel</span> <span class='ocrx_word' id='word_1_42' title='bbox 314 713 441 743; x_wconf 91' lang='lat' dir='ltr'>soror</span> <span class='ocrx_word' id='word_1_43' title='bbox 463 695 549 744; x_wconf 86' lang='lat' dir='ltr'>huc</span> <span class='ocrx_word' id='word_1_44' title='bbox 570 696 715 744; x_wconf 85' lang='lat' dir='ltr'>veniat</span> <span class='ocrx_word' id='word_1_45' title='bbox 733 717 744 743; x_wconf 91' lang='lat'>:</span> <span class='ocrx_word' id='word_1_46' title='bbox 765 695 1005 746; x_wconf 83' lang='lat' dir='ltr'>redituram</span> <span class='ocrx_word' id='word_1_47' title='bbox 1028 707 1227 762; x_wconf 87' lang='lat' dir='ltr'>tempore</span> <span class='ocrx_word' id='word_1_48' title='bbox 1247 715 1382 762; x_wconf 87' lang='lat' dir='ltr'>parvo</span> 
     </span>
    </p>
   </div>
   <div class='ocr_carea' id='block_1_8' title="bbox 156 775 1336 909">
    <p class='ocr_par' dir='ltr' id='par_1_8' title="bbox 156 775 1336 909">
     <span class='ocr_line' id='line_1_9' title="bbox 156 775 1336 840; baseline -0.002 -13"><span class='ocrx_word' id='word_1_49' title='bbox 156 797 182 819; x_wconf 74' lang='lat'>2&gt;</span> <span class='ocrx_word' id='word_1_50' title='bbox 207 775 448 827; x_wconf 83' lang='lat' dir='ltr'><strong>Promittes</strong></span> <span class='ocrx_word' id='word_1_51' title='bbox 471 796 623 826; x_wconf 90' lang='lat' dir='ltr'>socero</span> <span class='ocrx_word' id='word_1_52' title='bbox 645 798 655 825; x_wconf 93' lang='lat'>:</span> <span class='ocrx_word' id='word_1_53' title='bbox 675 778 825 840; x_wconf 82' lang='lat' dir='ltr'>magni</span> <span class='ocrx_word' id='word_1_54' title='bbox 849 777 957 826; x_wconf 87' lang='lat' dir='ltr'>mihi</span> <span class='ocrx_word' id='word_1_55' title='bbox 980 777 1176 826; x_wconf 87' lang='lat' dir='ltr'>numinis</span> <span class='ocrx_word' id='word_1_56' title='bbox 1196 778 1336 826; x_wconf 87' lang='lat' dir='ltr'>instar</span> 
     </span>
     <span class='ocr_line' id='line_1_10' title="bbox 156 858 1315 909; baseline 0.001 -2"><span class='ocrx_word' id='word_1_57' title='bbox 156 880 180 901; x_wconf 84' lang='lat'>&gt;›</span> <span class='ocrx_word' id='word_1_58' title='bbox 210 858 472 908; x_wconf 87' lang='lat' dir='ltr'>Germanam</span> <span class='ocrx_word' id='word_1_59' title='bbox 494 860 655 909; x_wconf 81' lang='lat' dir='ltr'>vidisse</span> <span class='ocrx_word' id='word_1_60' title='bbox 680 860 820 909; x_wconf 86' lang='lat' dir='ltr'>dabis.</span> <span class='ocrx_word' id='word_1_61' title='bbox 847 882 870 902; x_wconf 89' lang='lat'>»</span> <span class='ocrx_word' id='word_1_62' title='bbox 891 859 1032 907; x_wconf 84' lang='lat' dir='ltr'>Jubet</span> <span class='ocrx_word' id='word_1_63' title='bbox 1050 858 1125 908; x_wconf 88' lang='lat' dir='ltr'>ille</span> <span class='ocrx_word' id='word_1_64' title='bbox 1146 860 1315 909; x_wconf 88' lang='lat' dir='ltr'>carinas</span> 
     </span>
    </p>
   </div>
   <div class='ocr_carea' id='block_1_9' title="bbox 150 939 1223 1008">
    <p class='ocr_par' dir='ltr' id='par_1_9' title="bbox 150 939 1223 1008">
     <span class='ocr_line' id='line_1_11' title="bbox 150 939 1223 1008; baseline 0.001 -20"><span class='ocrx_word' id='word_1_65' title='bbox 150 939 206 988; x_wconf 88' lang='lat' dir='ltr'>In</span> <span class='ocrx_word' id='word_1_66' title='bbox 228 939 339 990; x_wconf 85' lang='lat' dir='ltr'>freta</span> <span class='ocrx_word' id='word_1_67' title='bbox 362 941 548 1000; x_wconf 82' lang='lat' dir='ltr'>deduci3</span> <span class='ocrx_word' id='word_1_68' title='bbox 572 941 759 1008; x_wconf 87' lang='lat' dir='ltr'>veloque</span> <span class='ocrx_word' id='word_1_69' title='bbox 773 979 785 1000; x_wconf 87' lang='lat'><strong>‚</strong></span> <span class='ocrx_word' id='word_1_70' title='bbox 812 953 857 990; x_wconf 91' lang='lat' dir='ltr'>et</span> <span class='ocrx_word' id='word_1_71' title='bbox 878 941 1043 1004; x_wconf 78' lang='lat' dir='ltr'>remige</span> <span class='ocrx_word' id='word_1_72' title='bbox 1064 953 1223 1008; x_wconf 87' lang='lat' dir='ltr'>portus</span> 
     </span>
    </p>
   </div>
   <div class='ocr_carea' id='block_1_10' title="bbox 1515 955 1582 1000">
    <p class='ocr_par' dir='ltr' id='par_1_10' title="bbox 1515 955 1582 1000">
     <span class='ocr_line' id='line_1_12' title="bbox 1515 955 1582 1000; baseline -0.03 -10"><span class='ocrx_word' id='word_1_73' title='bbox 1515 955 1582 1000; x_wconf 66' lang='lat'>445</span> 
     </span>
    </p>
   </div>
   <div class='ocr_carea' id='block_1_11' title="bbox 154 1023 1168 1091">
    <p class='ocr_par' dir='ltr' id='par_1_11' title="bbox 154 1023 1168 1091">
     <span class='ocr_line' id='line_1_13' title="bbox 154 1023 1168 1091; baseline -0.001 -18"><span class='ocrx_word' id='word_1_74' title='bbox 154 1023 396 1091; x_wconf 86' lang='lat' dir='ltr'>Cecropios</span> <span class='ocrx_word' id='word_1_75' title='bbox 416 1026 576 1084; x_wconf 81' lang='lat' dir='ltr'>intrat3</span> <span class='ocrx_word' id='word_1_76' title='bbox 605 1024 833 1091; x_wconf 79' lang='lat' dir='ltr'>Piraeaque</span> <span class='ocrx_word' id='word_1_77' title='bbox 857 1024 989 1073; x_wconf 86' lang='lat' dir='ltr'>litora</span> <span class='ocrx_word' id='word_1_78' title='bbox 1015 1024 1168 1088; x_wconf 85' lang='lat' dir='ltr'>tangit.</span> 
     </span>
    </p>
   </div>
   <div class='ocr_carea' id='block_1_12' title="bbox 122 1170 850 2840">
    <p class='ocr_par' dir='ltr' id='par_1_12' title="bbox 122 1170 840 2005">
     <span class='ocr_line' id='line_1_14' title="bbox 196 1170 833 1218; baseline 0.003 -12"><span class='ocrx_word' id='word_1_79' title='bbox 196 1170 273 1215; x_wconf 78' lang='grc'><strong>438.</strong></span> <span class='ocrx_word' id='word_1_80' title='bbox 296 1172 459 1217; x_wconf 80' lang='lat' dir='ltr'>Tempora</span> <span class='ocrx_word' id='word_1_81' title='bbox 472 1175 571 1212; x_wconf 80' lang='lat' dir='ltr'>anni,</span> <span class='ocrx_word' id='word_1_82' title='bbox 588 1185 700 1208; x_wconf 88' lang='lat' dir='ltr'>annus</span> <span class='ocrx_word' id='word_1_83' title='bbox 713 1200 723 1217; x_wconf 92' lang='lat'>‚</span> <span class='ocrx_word' id='word_1_84' title='bbox 737 1173 833 1218; x_wconf 87' lang='lat' dir='ltr'>isque</span> 
     </span>
     <span class='ocr_line' id='line_1_15' title="bbox 152 1224 836 1271; baseline 0.006 -15"><span class='ocrx_word' id='word_1_85' title='bbox 152 1227 326 1267; x_wconf 76' lang='lat' dir='ltr'>repetitus,</span> <span class='ocrx_word' id='word_1_86' title='bbox 345 1224 514 1270; x_wconf 86' lang='lat' dir='ltr'>quoniam</span> <span class='ocrx_word' id='word_1_87' title='bbox 528 1238 668 1271; x_wconf 82' lang='lat' dir='ltr'>semper</span> <span class='ocrx_word' id='word_1_88' title='bbox 682 1225 836 1260; x_wconf 82' lang='lat' dir='ltr'>redit.—</span> 
     </span>
     <span class='ocr_line' id='line_1_16' title="bbox 159 1275 835 1324; baseline 0.006 -15"><span class='ocrx_word' id='word_1_89' title='bbox 159 1275 262 1311; x_wconf 77' lang='lat' dir='ltr'>Titan</span> <span class='ocrx_word' id='word_1_90' title='bbox 293 1275 390 1312; x_wconf 86' lang='lat' dir='ltr'>ducit</span> <span class='ocrx_word' id='word_1_91' title='bbox 418 1278 528 1313; x_wconf 85' lang='lat' dir='ltr'>solem</span> <span class='ocrx_word' id='word_1_92' title='bbox 548 1304 559 1324; x_wconf 82' lang='lat'>‚</span> <span class='ocrx_word' id='word_1_93' title='bbox 585 1278 695 1324; x_wconf 89' lang='lat' dir='ltr'>poetis</span> <span class='ocrx_word' id='word_1_94' title='bbox 727 1279 835 1313; x_wconf 82' lang='lat' dir='ltr'>etiam</span> 
     </span>
     <span class='ocr_line' id='line_1_17' title="bbox 152 1329 833 1376; baseline 0.007 -15"><span class='ocrx_word' id='word_1_95' title='bbox 152 1339 295 1370; x_wconf 76' lang='lat' dir='ltr'>anuum,</span> <span class='ocrx_word' id='word_1_96' title='bbox 313 1329 373 1376; x_wconf 89' lang='lat' dir='ltr'>qui</span> <span class='ocrx_word' id='word_1_97' title='bbox 396 1329 548 1365; x_wconf 82' lang='lat' dir='ltr'>efficitur</span> <span class='ocrx_word' id='word_1_98' title='bbox 571 1330 721 1366; x_wconf 86' lang='lat' dir='ltr'>decursu</span> <span class='ocrx_word' id='word_1_99' title='bbox 744 1331 833 1366; x_wconf 90' lang='lat' dir='ltr'>solis.</span> 
     </span>
     <span class='ocr_line' id='line_1_18' title="bbox 154 1381 838 1429; baseline 0.003 -14"><span class='ocrx_word' id='word_1_100' title='bbox 154 1397 200 1406; x_wconf 92' lang='lat'><em>-</em></span> <span class='ocrx_word' id='word_1_101' title='bbox 216 1381 284 1415; x_wconf 82' lang='lat' dir='ltr'>Per</span> <span class='ocrx_word' id='word_1_102' title='bbox 302 1386 496 1417; x_wconf 76' lang='lat' dir='ltr'><em>autumnum</em></span> <span class='ocrx_word' id='word_1_103' title='bbox 522 1381 568 1417; x_wconf 82' lang='lat' dir='ltr'>ad·</span> <span class='ocrx_word' id='word_1_104' title='bbox 591 1383 704 1418; x_wconf 83' lang='lat' dir='ltr'>finem</span> <span class='ocrx_word' id='word_1_105' title='bbox 724 1383 838 1429; x_wconf 74' lang='lat' dir='ltr'>vergit</span> 
     </span>
     <span class='ocr_line' id='line_1_19' title="bbox 155 1432 836 1481; baseline 0.006 -15"><span class='ocrx_word' id='word_1_106' title='bbox 155 1443 279 1469; x_wconf 81' lang='lat' dir='ltr'>annus.</span> <span class='ocrx_word' id='word_1_107' title='bbox 292 1432 475 1469; x_wconf 83' lang='lat' dir='ltr'>Caeterum</span> <span class='ocrx_word' id='word_1_108' title='bbox 485 1435 719 1481; x_wconf 79' lang='lat' dir='ltr'>epiphonema</span> <span class='ocrx_word' id='word_1_109' title='bbox 728 1434 812 1470; x_wconf 82' lang='lat' dir='ltr'>illud</span> <span class='ocrx_word' id='word_1_110' title='bbox 826 1461 836 1479; x_wconf 90' lang='lat'>,</span> 
     </span>
     <span class='ocr_line' id='line_1_20' title="bbox 160 1485 838 1530; baseline 0.006 -12"><span class='ocrx_word' id='word_1_111' title='bbox 160 1485 274 1530; x_wconf 82' lang='lat' dir='ltr'><em>Usque</em></span> <span class='ocrx_word' id='word_1_112' title='bbox 287 1488 374 1521; x_wconf 84' lang='lat' dir='ltr'>adeo</span> <span class='ocrx_word' id='word_1_113' title='bbox 386 1489 472 1522; x_wconf 79' lang='lat' dir='ltr'>latet</span> <span class='ocrx_word' id='word_1_114' title='bbox 484 1490 616 1522; x_wconf 79' lang='lat' dir='ltr'>utililas</span> <span class='ocrx_word' id='word_1_115' title='bbox 628 1515 637 1530; x_wconf 88' lang='lat'><em>,</em></span> <span class='ocrx_word' id='word_1_116' title='bbox 657 1489 838 1522; x_wconf 83' lang='lat' dir='ltr'>Burman-</span> 
     </span>
     <span class='ocr_line' id='line_1_21' title="bbox 155 1536 838 1584; baseline 0.004 -13"><span class='ocrx_word' id='word_1_117' title='bbox 155 1549 223 1572; x_wconf 84' lang='lat' dir='ltr'>nus</span> <span class='ocrx_word' id='word_1_118' title='bbox 238 1536 281 1572; x_wconf 85' lang='lat' dir='ltr'>ad</span> <span class='ocrx_word' id='word_1_119' title='bbox 294 1539 476 1584; x_wconf 82' lang='lat' dir='ltr'>sequentia</span> <span class='ocrx_word' id='word_1_120' title='bbox 490 1540 600 1574; x_wconf 86' lang='lat' dir='ltr'>resert</span> <span class='ocrx_word' id='word_1_121' title='bbox 611 1566 621 1584; x_wconf 86' lang='lat'>,</span> <span class='ocrx_word' id='word_1_122' title='bbox 638 1540 679 1574; x_wconf 90' lang='lat' dir='ltr'>ad</span> <span class='ocrx_word' id='word_1_123' title='bbox 700 1540 838 1574; x_wconf 87' lang='lat' dir='ltr'>adven-</span> 
     </span>
     <span class='ocr_line' id='line_1_22' title="bbox 155 1592 838 1628; baseline 0.003 -3"><span class='ocrx_word' id='word_1_124' title='bbox 155 1597 234 1626; x_wconf 75' lang='lat' dir='ltr'>tum</span> <span class='ocrx_word' id='word_1_125' title='bbox 251 1592 390 1627; x_wconf 67' lang='lat' dir='ltr'>sororis.</span> <span class='ocrx_word' id='word_1_126' title='bbox 417 1592 539 1628; x_wconf 82' lang='lat' dir='ltr'>Potest</span> <span class='ocrx_word' id='word_1_127' title='bbox 554 1594 660 1628; x_wconf 81' lang='lat' dir='ltr'>etiam</span> <span class='ocrx_word' id='word_1_128' title='bbox 677 1592 722 1627; x_wconf 87' lang='lat' dir='ltr'>ad</span> <span class='ocrx_word' id='word_1_129' title='bbox 738 1599 838 1627; x_wconf 76' lang='lat' dir='ltr'>ante-</span> 
     </span>
     <span class='ocr_line' id='line_1_23' title="bbox 153 1642 835 1690; baseline 0.001 -12"><span class='ocrx_word' id='word_1_130' title='bbox 153 1642 314 1678; x_wconf 78' lang='lat' dir='ltr'>cedentia</span> <span class='ocrx_word' id='word_1_131' title='bbox 339 1644 464 1679; x_wconf 81' lang='lat' dir='ltr'>referri</span> <span class='ocrx_word' id='word_1_132' title='bbox 482 1671 492 1688; x_wconf 93' lang='lat'>‚</span> <span class='ocrx_word' id='word_1_133' title='bbox 520 1644 616 1690; x_wconf 86' lang='lat' dir='ltr'>quod</span> <span class='ocrx_word' id='word_1_134' title='bbox 639 1646 744 1680; x_wconf 83' lang='lat' dir='ltr'>festos</span> <span class='ocrx_word' id='word_1_135' title='bbox 760 1646 835 1690; x_wconf 85' lang='lat' dir='ltr'>jus-</span> 
     </span>
     <span class='ocr_line' id='line_1_24' title="bbox 154 1695 837 1742; baseline 0.003 -13"><span class='ocrx_word' id='word_1_136' title='bbox 154 1701 274 1730; x_wconf 69' lang='lat' dir='ltr'>seme</span> <span class='ocrx_word' id='word_1_137' title='bbox 292 1707 365 1731; x_wconf 79' lang='lat' dir='ltr'>esse</span> <span class='ocrx_word' id='word_1_138' title='bbox 379 1695 455 1731; x_wconf 85' lang='lat' dir='ltr'>illos</span> <span class='ocrx_word' id='word_1_139' title='bbox 471 1695 555 1731; x_wconf 83' lang='lat' dir='ltr'>dies.</span> <span class='ocrx_word' id='word_1_140' title='bbox 567 1715 612 1723; x_wconf 92' lang='lat'>—-</span> <span class='ocrx_word' id='word_1_141' title='bbox 627 1698 802 1742; x_wconf 78' lang='lat' dir='ltr'>Repetilt&#39;..</span> <span class='ocrx_word' id='word_1_142' title='bbox 812 1725 819 1731; x_wconf 93' lang='lat'><strong>.</strong></span> <span class='ocrx_word' id='word_1_143' title='bbox 829 1724 837 1731; x_wconf 91' lang='lat'><strong>.</strong></span> 
     </span>
     <span class='ocr_line' id='line_1_25' title="bbox 155 1747 838 1797; baseline 0.001 -13"><span class='ocrx_word' id='word_1_144' title='bbox 155 1752 249 1785; x_wconf 69' lang='lat' dir='ltr'>aaut:</span> <span class='ocrx_word' id='word_1_145' title='bbox 260 1747 384 1785; x_wconf 82' lang='lat' dir='ltr'>Codex</span> <span class='ocrx_word' id='word_1_146' title='bbox 395 1750 526 1796; x_wconf 78' lang='lat' dir='ltr'>Regius</span> <span class='ocrx_word' id='word_1_147' title='bbox 535 1750 566 1786; x_wconf 91' lang='grc' dir='ltr'>Β</span> <span class='ocrx_word' id='word_1_148' title='bbox 580 1751 627 1785; x_wconf 89' lang='lat' dir='ltr'>ita</span> <span class='ocrx_word' id='word_1_149' title='bbox 641 1750 748 1786; x_wconf 84' lang='lat' dir='ltr'>habet</span> <span class='ocrx_word' id='word_1_150' title='bbox 763 1750 838 1797; x_wconf 84' lang='lat' dir='ltr'>pri-</span> 
     </span>
     <span class='ocr_line' id='line_1_26' title="bbox 155 1802 838 1849; baseline 0.003 -14"><span class='ocrx_word' id='word_1_151' title='bbox 155 1813 214 1835; x_wconf 81' lang='lat' dir='ltr'>ma</span> <span class='ocrx_word' id='word_1_152' title='bbox 227 1813 337 1837; x_wconf 84' lang='lat' dir='ltr'>manu</span> <span class='ocrx_word' id='word_1_153' title='bbox 352 1817 360 1842; x_wconf 77' lang='grc' dir='ltr'>ς</span> <span class='ocrx_word' id='word_1_154' title='bbox 379 1809 414 1837; x_wconf 89' lang='lat' dir='ltr'>at</span> <span class='ocrx_word' id='word_1_155' title='bbox 428 1810 716 1849; x_wconf 81' lang='lat' dir='ltr'>superponuntur</span> <span class='ocrx_word' id='word_1_156' title='bbox 727 1802 805 1838; x_wconf 85' lang='lat' dir='ltr'>duae</span> <span class='ocrx_word' id='word_1_157' title='bbox 819 1816 838 1837; x_wconf 88' lang='lat' dir='ltr'>s</span> 
     </span>
     <span class='ocr_line' id='line_1_27' title="bbox 156 1852 837 1900; baseline -0.001 -11"><span class='ocrx_word' id='word_1_158' title='bbox 156 1852 200 1888; x_wconf 76' lang='lat' dir='ltr'>ab</span> <span class='ocrx_word' id='word_1_159' title='bbox 222 1852 288 1889; x_wconf 69' lang='lat' dir='ltr'>alia</span> <span class='ocrx_word' id='word_1_160' title='bbox 309 1866 421 1889; x_wconf 83' lang='lat' dir='ltr'>manu</span> <span class='ocrx_word' id='word_1_161' title='bbox 450 1867 459 1890; x_wconf 88' lang='lat'>:</span> <span class='ocrx_word' id='word_1_162' title='bbox 487 1853 610 1889; x_wconf 87' lang='lat' dir='ltr'>Codex</span> <span class='ocrx_word' id='word_1_163' title='bbox 636 1854 767 1900; x_wconf 86' lang='lat' dir='ltr'>Regius</span> <span class='ocrx_word' id='word_1_164' title='bbox 784 1854 837 1897; x_wconf 87' lang='lat' dir='ltr'>B,</span> 
     </span>
     <span class='ocr_line' id='line_1_28' title="bbox 155 1907 840 1952; baseline 0 -10"><span class='ocrx_word' id='word_1_165' title='bbox 155 1909 306 1952; x_wconf 52' lang='lat' dir='ltr'>repetiit&amp;</span> <span class='ocrx_word' id='word_1_166' title='bbox 316 1910 444 1949; x_wconf 47' lang='lat' dir='ltr'>annin·</span> <span class='ocrx_word' id='word_1_167' title='bbox 463 1907 554 1942; x_wconf 87' lang='lat' dir='ltr'>hanc</span> <span class='ocrx_word' id='word_1_168' title='bbox 570 1908 759 1942; x_wconf 86' lang='lat' dir='ltr'>lectionem</span> <span class='ocrx_word' id='word_1_169' title='bbox 768 1908 840 1942; x_wconf 83' lang='lat' dir='ltr'>lec-</span> 
     </span>
     <span class='ocr_line' id='line_1_29' title="bbox 122 1958 739 2005; baseline 0 -11"><span class='ocrx_word' id='word_1_170' title='bbox 122 1963 127 1969; x_wconf 92' lang='grc'><strong>“</strong></span> <span class='ocrx_word' id='word_1_171' title='bbox 159 1958 227 1994; x_wconf 84' lang='lat' dir='ltr'>tori</span> <span class='ocrx_word' id='word_1_172' title='bbox 242 1958 469 2004; x_wconf 79' lang='lat' dir='ltr'>judicandam</span> <span class='ocrx_word' id='word_1_173' title='bbox 485 1971 656 2005; x_wconf 83' lang='lat' dir='ltr'>propono.</span> <span class='ocrx_word' id='word_1_174' title='bbox 673 1962 739 1994; x_wconf 86' lang='lat' dir='ltr'>Ed.</span> 
     </span>
    </p>

    <p class='ocr_par' dir='ltr' id='par_1_13' title="bbox 178 2012 841 2055">
     <span class='ocr_line' id='line_1_30' title="bbox 178 2012 841 2055; baseline 0 -9"><span class='ocrx_word' id='word_1_175' title='bbox 178 2033 179 2036; x_wconf 66' lang='lat'><em>=</em></span> <span class='ocrx_word' id='word_1_176' title='bbox 202 2012 278 2055; x_wconf 74' lang='grc'><strong><em>440.</em></strong></span> <span class='ocrx_word' id='word_1_177' title='bbox 299 2013 408 2055; x_wconf 79' lang='lat' dir='ltr'>Quum</span> <span class='ocrx_word' id='word_1_178' title='bbox 423 2013 578 2046; x_wconf 78' lang='lat' dir='ltr'>blandita</span> <span class='ocrx_word' id='word_1_179' title='bbox 603 2014 676 2047; x_wconf 82' lang='lat' dir='ltr'>viro</span> <span class='ocrx_word' id='word_1_180' title='bbox 698 2018 763 2046; x_wconf 90' lang='lat' dir='ltr'>etc.</span> <span class='ocrx_word' id='word_1_181' title='bbox 798 2012 841 2047; x_wconf 90' lang='lat' dir='ltr'>In</span> 
     </span>
    </p>

    <p class='ocr_par' dir='ltr' id='par_1_14' title="bbox 157 2063 850 2634">
     <span class='ocr_line' id='line_1_31' title="bbox 157 2063 840 2110; baseline -0.003 -10"><span class='ocrx_word' id='word_1_182' title='bbox 157 2063 384 2110; x_wconf 80' lang='lat' dir='ltr'>sequentibus</span> <span class='ocrx_word' id='word_1_183' title='bbox 413 2075 531 2099; x_wconf 83' lang='lat' dir='ltr'>mores</span> <span class='ocrx_word' id='word_1_184' title='bbox 560 2063 698 2109; x_wconf 82' lang='lat' dir='ltr'>egregie</span> <span class='ocrx_word' id='word_1_185' title='bbox 729 2064 840 2098; x_wconf 87' lang='lat' dir='ltr'>notati</span> 
     </span>
     <span class='ocr_line' id='line_1_32' title="bbox 159 2117 841 2163; baseline -0.004 -10"><span class='ocrx_word' id='word_1_186' title='bbox 159 2123 266 2160; x_wconf 54' lang='lat' dir='ltr'>sunu</span> <span class='ocrx_word' id='word_1_187' title='bbox 297 2117 427 2163; x_wconf 69' lang='lat' dir='ltr'>conjux</span> <span class='ocrx_word' id='word_1_188' title='bbox 449 2129 609 2152; x_wconf 90' lang='lat' dir='ltr'>sororem</span> <span class='ocrx_word' id='word_1_189' title='bbox 635 2117 745 2151; x_wconf 88' lang='lat' dir='ltr'>visere</span> <span class='ocrx_word' id='word_1_190' title='bbox 771 2129 841 2151; x_wconf 90' lang='lat' dir='ltr'>cu-</span> 
     </span>
     <span class='ocr_line' id='line_1_33' title="bbox 159 2168 839 2216; baseline -0.003 -11"><span class='ocrx_word' id='word_1_191' title='bbox 159 2169 277 2216; x_wconf 78' lang='lat' dir='ltr'>piens,</span> <span class='ocrx_word' id='word_1_192' title='bbox 290 2181 391 2205; x_wconf 81' lang='lat' dir='ltr'>soror</span> <span class='ocrx_word' id='word_1_193' title='bbox 398 2168 525 2204; x_wconf 84' lang='lat' dir='ltr'>blande</span> <span class='ocrx_word' id='word_1_194' title='bbox 541 2176 678 2215; x_wconf 85' lang='lat' dir='ltr'>patrem</span> <span class='ocrx_word' id='word_1_195' title='bbox 693 2182 839 2214; x_wconf 85' lang='lat' dir='ltr'>rogans,</span> 
     </span>
     <span class='ocr_line' id='line_1_34' title="bbox 159 2221 842 2268; baseline -0.001 -11"><span class='ocrx_word' id='word_1_196' title='bbox 159 2229 200 2257; x_wconf 84' lang='lat' dir='ltr'>ut</span> <span class='ocrx_word' id='word_1_197' title='bbox 218 2221 386 2268; x_wconf 76' lang='lat' dir='ltr'>proficisci</span> <span class='ocrx_word' id='word_1_198' title='bbox 410 2221 534 2267; x_wconf 83' lang='lat' dir='ltr'>liceat,</span> <span class='ocrx_word' id='word_1_199' title='bbox 562 2234 662 2256; x_wconf 87' lang='lat' dir='ltr'>amor</span> <span class='ocrx_word' id='word_1_200' title='bbox 687 2221 842 2257; x_wconf 81' lang='lat' dir='ltr'>effrenus</span> 
     </span>
     <span class='ocr_line' id='line_1_35' title="bbox 163 2272 842 2319; baseline -0.003 -10"><span class='ocrx_word' id='word_1_201' title='bbox 163 2273 293 2318; x_wconf 86' lang='lat' dir='ltr'>Terei,</span> <span class='ocrx_word' id='word_1_202' title='bbox 317 2286 401 2308; x_wconf 85' lang='lat' dir='ltr'>cura</span> <span class='ocrx_word' id='word_1_203' title='bbox 423 2273 578 2319; x_wconf 82' lang='lat' dir='ltr'>parentis</span> <span class='ocrx_word' id='word_1_204' title='bbox 602 2273 646 2308; x_wconf 87' lang='lat' dir='ltr'>de</span> <span class='ocrx_word' id='word_1_205' title='bbox 669 2272 778 2308; x_wconf 84' lang='lat' dir='ltr'>salute</span> <span class='ocrx_word' id='word_1_206' title='bbox 806 2279 842 2307; x_wconf 83' lang='lat' dir='ltr'>et</span> 
     </span>
     <span class='ocr_line' id='line_1_36' title="bbox 162 2325 843 2372; baseline -0.003 -10"><span class='ocrx_word' id='word_1_207' title='bbox 162 2326 280 2363; x_wconf 78' lang='lat' dir='ltr'>reditu</span> <span class='ocrx_word' id='word_1_208' title='bbox 306 2326 396 2362; x_wconf 73' lang='lat' dir='ltr'>filiae.</span> <span class='ocrx_word' id='word_1_209' title='bbox 425 2327 518 2372; x_wconf 79' lang='lat' dir='ltr'>Quae</span> <span class='ocrx_word' id='word_1_210' title='bbox 544 2339 614 2372; x_wconf 91' lang='lat' dir='ltr'>quo</span> <span class='ocrx_word' id='word_1_211' title='bbox 643 2325 843 2372; x_wconf 82' lang='lat' dir='ltr'>diligentius</span> 
     </span>
     <span class='ocr_line' id='line_1_37' title="bbox 163 2379 844 2426; baseline -0.003 -11"><span class='ocrx_word' id='word_1_212' title='bbox 163 2391 321 2426; x_wconf 77' lang='lat' dir='ltr'>expressa</span> <span class='ocrx_word' id='word_1_213' title='bbox 342 2386 445 2424; x_wconf 82' lang='lat' dir='ltr'>sunt,</span> <span class='ocrx_word' id='word_1_214' title='bbox 473 2392 517 2414; x_wconf 89' lang='lat' dir='ltr'>eo</span> <span class='ocrx_word' id='word_1_215' title='bbox 542 2379 651 2426; x_wconf 82' lang='lat' dir='ltr'>magis</span> <span class='ocrx_word' id='word_1_216' title='bbox 674 2391 844 2414; x_wconf 88' lang='lat' dir='ltr'>commo-</span> 
     </span>
     <span class='ocr_line' id='line_1_38' title="bbox 162 2431 842 2477; baseline -0.001 -10"><span class='ocrx_word' id='word_1_217' title='bbox 162 2431 430 2467; x_wconf 78' lang='lat' dir='ltr'>vetur-animus</span> <span class='ocrx_word' id='word_1_218' title='bbox 460 2431 599 2467; x_wconf 80' lang='lat' dir='ltr'>lectoris</span> <span class='ocrx_word' id='word_1_219' title='bbox 620 2431 813 2470; x_wconf 84' lang='lat' dir='ltr'>calamitate</span> <span class='ocrx_word' id='word_1_220' title='bbox 832 2459 842 2477; x_wconf 86' lang='lat'>,</span> 
     </span>
     <span class='ocr_line' id='line_1_39' title="bbox 166 2483 850 2530; baseline 0 -12"><span class='ocrx_word' id='word_1_221' title='bbox 166 2496 235 2530; x_wconf 78' lang='lat' dir='ltr'>qua</span> <span class='ocrx_word' id='word_1_222' title='bbox 250 2496 332 2519; x_wconf 84' lang='lat' dir='ltr'>mox</span> <span class='ocrx_word' id='word_1_223' title='bbox 346 2484 518 2521; x_wconf 80' lang='lat' dir='ltr'>afficietur</span> <span class='ocrx_word' id='word_1_224' title='bbox 535 2483 740 2519; x_wconf 83' lang='lat' dir='ltr'>Philomela.</span> <span class='ocrx_word' id='word_1_225' title='bbox 755 2484 850 2518; x_wconf 72' lang='lat' dir='ltr'>—Si</span> 
     </span>
     <span class='ocr_line' id='line_1_40' title="bbox 161 2534 844 2581; baseline 0.006 -13"><span class='ocrx_word' id='word_1_226' title='bbox 161 2538 275 2580; x_wconf 67' lang='lat' dir='ltr'>gratia</span> <span class='ocrx_word' id='word_1_227' title='bbox 291 2538 362 2570; x_wconf 82' lang='lat' dir='ltr'>ulla</span> <span class='ocrx_word' id='word_1_228' title='bbox 376 2549 451 2572; x_wconf 84' lang='lat' dir='ltr'>meo</span> <span class='ocrx_word' id='word_1_229' title='bbox 462 2541 516 2570; x_wconf 82' lang='lat' dir='ltr'>est</span> <span class='ocrx_word' id='word_1_230' title='bbox 524 2547 536 2578; x_wconf 86' lang='lat'>,·</span> <span class='ocrx_word' id='word_1_231' title='bbox 556 2535 584 2571; x_wconf 86' lang='lat' dir='ltr'>si</span> <span class='ocrx_word' id='word_1_232' title='bbox 601 2534 685 2581; x_wconf 85' lang='lat' dir='ltr'>quid</span> <span class='ocrx_word' id='word_1_233' title='bbox 700 2534 792 2581; x_wconf 87' lang='lat' dir='ltr'>apud</span> <span class='ocrx_word' id='word_1_234' title='bbox 809 2542 844 2572; x_wconf 81' lang='lat' dir='ltr'>te</span> 
     </span>
     <span class='ocr_line' id='line_1_41' title="bbox 166 2588 403 2634; baseline -0.008 -11"><span class='ocrx_word' id='word_1_235' title='bbox 166 2599 319 2634; x_wconf 85' lang='lat' dir='ltr'>possum.</span> <span class='ocrx_word' id='word_1_236' title='bbox 336 2588 403 2622; x_wconf 85' lang='lat' dir='ltr'>Ed.</span> 
     </span>
    </p>

    <p class='ocr_par' dir='ltr' id='par_1_15' title="bbox 168 2639 849 2840">
     <span class='ocr_line' id='line_1_42' title="bbox 211 2639 849 2684; baseline 0 -10"><span class='ocrx_word' id='word_1_237' title='bbox 211 2639 288 2684; x_wconf 73' lang='grc'><strong><em>443.</em></strong></span> <span class='ocrx_word' id='word_1_238' title='bbox 316 2640 442 2684; x_wconf 75' lang='lat' dir='ltr'>Magni</span> <span class='ocrx_word' id='word_1_239' title='bbox 459 2641 545 2673; x_wconf 77' lang='lat' dir='ltr'>mihi</span> <span class='ocrx_word' id='word_1_240' title='bbox 568 2642 714 2674; x_wconf 75' lang='lat' dir='ltr'>numinis</span> <span class='ocrx_word' id='word_1_241' title='bbox 738 2643 849 2674; x_wconf 81' lang='lat' dir='ltr'>instar</span> 
     </span>
     <span class='ocr_line' id='line_1_43' title="bbox 168 2690 847 2727; baseline -0.003 0"><span class='ocrx_word' id='word_1_242' title='bbox 168 2694 277 2727; x_wconf 76' lang='lat' dir='ltr'>dabis.</span> <span class='ocrx_word' id='word_1_243' title='bbox 297 2691 494 2727; x_wconf 82' lang='lat' dir='ltr'>Illustratur</span> <span class='ocrx_word' id='word_1_244' title='bbox 516 2690 590 2726; x_wconf 84' lang='lat' dir='ltr'>haec</span> <span class='ocrx_word' id='word_1_245' title='bbox 614 2690 744 2726; x_wconf 87' lang='lat' dir='ltr'>locutio</span> <span class='ocrx_word' id='word_1_246' title='bbox 765 2691 847 2726; x_wconf 87' lang='lat' dir='ltr'>locis</span> 
     </span>
     <span class='ocr_line' id='line_1_44' title="bbox 170 2742 848 2787; baseline -0.001 -8"><span class='ocrx_word' id='word_1_247' title='bbox 170 2744 212 2779; x_wconf 91' lang='lat' dir='ltr'>ab</span> <span class='ocrx_word' id='word_1_248' title='bbox 229 2744 378 2779; x_wconf 87' lang='lat' dir='ltr'>Heinsio</span> <span class='ocrx_word' id='word_1_249' title='bbox 402 2743 519 2783; x_wconf 80' lang='lat' dir='ltr'>allatis,</span> <span class='ocrx_word' id='word_1_250' title='bbox 542 2742 646 2787; x_wconf 85' lang='lat' dir='ltr'>XIV,</span> <span class='ocrx_word' id='word_1_251' title='bbox 665 2743 749 2787; x_wconf 78' lang='lat'><strong>408,</strong></span> <span class='ocrx_word' id='word_1_252' title='bbox 767 2745 848 2779; x_wconf 89' lang='lat' dir='ltr'>Nu—</span> 
     </span>
     <span class='ocr_line' id='line_1_45' title="bbox 171 2795 847 2840; baseline 0.001 -9"><span class='ocrx_word' id='word_1_253' title='bbox 171 2799 271 2832; x_wconf 77' lang='lat' dir='ltr'>mim‘s</span> <span class='ocrx_word' id='word_1_254' title='bbox 291 2799 402 2831; x_wconf 79' lang='lat' dir='ltr'>inslar</span> <span class='ocrx_word' id='word_1_255' title='bbox 422 2800 487 2833; x_wconf 76' lang='lat' dir='ltr'>ere&#39;s</span> <span class='ocrx_word' id='word_1_256' title='bbox 506 2809 634 2840; x_wconf 80' lang='lat' dir='ltr'>semper</span> <span class='ocrx_word' id='word_1_257' title='bbox 651 2798 742 2831; x_wconf 75' lang='lat' dir='ltr'>mihi.</span> <span class='ocrx_word' id='word_1_258' title='bbox 760 2795 847 2833; x_wconf 85' lang='lat' dir='ltr'>lbid.</span> 
     </span>
    </p>
   </div>
   <div class='ocr_carea' id='block_1_13' title="bbox 898 1173 1601 2842">
    <p class='ocr_par' dir='ltr' id='par_1_16' title="bbox 898 1173 1591 1887">
     <span class='ocr_line' id='line_1_46' title="bbox 900 1173 1582 1218; baseline -0.003 -10"><span class='ocrx_word' id='word_1_259' title='bbox 900 1173 964 1217; x_wconf 80' lang='lat'>843</span> <span class='ocrx_word' id='word_1_260' title='bbox 979 1199 988 1217; x_wconf 92' lang='lat'>‚</span> <span class='ocrx_word' id='word_1_261' title='bbox 1008 1185 1079 1218; x_wconf 80' lang='lat' dir='ltr'>quae</span> <span class='ocrx_word' id='word_1_262' title='bbox 1094 1175 1131 1207; x_wconf 81' lang='lat' dir='ltr'>si</span> <span class='ocrx_word' id='word_1_263' title='bbox 1141 1174 1238 1207; x_wconf 86' lang='lat' dir='ltr'>modo</span> <span class='ocrx_word' id='word_1_264' title='bbox 1249 1184 1352 1217; x_wconf 80' lang='lat' dir='ltr'>posse</span> <span class='ocrx_word' id='word_1_265' title='bbox 1369 1173 1482 1207; x_wconf 78' lang='lat' dir='ltr'>videre</span> <span class='ocrx_word' id='word_1_266' title='bbox 1496 1174 1582 1207; x_wconf 85' lang='lat' dir='ltr'><em>Fala</em></span> 
     </span>
     <span class='ocr_line' id='line_1_47' title="bbox 898 1224 1586 1269; baseline 0.001 -11"><span class='ocrx_word' id='word_1_267' title='bbox 898 1227 1004 1259; x_wconf 84' lang='lat' dir='ltr'>semel</span> <span class='ocrx_word' id='word_1_268' title='bbox 1014 1226 1167 1259; x_wconf 81' lang='lat' dir='ltr'>dederinl</span> <span class='ocrx_word' id='word_1_269' title='bbox 1175 1252 1184 1266; x_wconf 83' lang='lat'>‚</span> <span class='ocrx_word' id='word_1_270' title='bbox 1200 1228 1316 1259; x_wconf 80' lang='lat' dir='ltr'>caelum</span> <span class='ocrx_word' id='word_1_271' title='bbox 1335 1228 1508 1269; x_wconf 78' lang='lat' dir='ltr'>accepisse</span> <span class='ocrx_word' id='word_1_272' title='bbox 1518 1224 1586 1268; x_wconf 83' lang='lat' dir='ltr'>sa-</span> 
     </span>
     <span class='ocr_line' id='line_1_48' title="bbox 900 1277 1582 1322; baseline 0.003 -12"><span class='ocrx_word' id='word_1_273' title='bbox 900 1279 1001 1312; x_wconf 82' lang='lat' dir='ltr'>lebor.</span> <span class='ocrx_word' id='word_1_274' title='bbox 1025 1277 1205 1312; x_wconf 85' lang='lat' dir='ltr'>Drakenb.</span> <span class='ocrx_word' id='word_1_275' title='bbox 1223 1277 1266 1311; x_wconf 88' lang='lat' dir='ltr'>ad</span> <span class='ocrx_word' id='word_1_276' title='bbox 1290 1277 1439 1322; x_wconf 86' lang='lat' dir='ltr'>Silium,</span> <span class='ocrx_word' id='word_1_277' title='bbox 1466 1277 1558 1312; x_wconf 83' lang='lat' dir='ltr'>Vm</span> <span class='ocrx_word' id='word_1_278' title='bbox 1573 1303 1582 1321; x_wconf 95' lang='lat'>,</span> 
     </span>
     <span class='ocr_line' id='line_1_49' title="bbox 900 1329 1583 1376; baseline 0 -12"><span class='ocrx_word' id='word_1_279' title='bbox 900 1330 978 1371; x_wconf 75' lang='lat'>233,</span> <span class='ocrx_word' id='word_1_280' title='bbox 990 1329 1178 1376; x_wconf 86' lang='lat' dir='ltr'>legendum</span> <span class='ocrx_word' id='word_1_281' title='bbox 1190 1337 1299 1376; x_wconf 82' lang='lat' dir='ltr'>putat,</span> <span class='ocrx_word' id='word_1_282' title='bbox 1310 1333 1454 1364; x_wconf 77' lang='lat' dir='ltr'>muneris</span> <span class='ocrx_word' id='word_1_283' title='bbox 1462 1333 1583 1371; x_wconf 84' lang='lat' dir='ltr'>inslar‚</span> 
     </span>
     <span class='ocr_line' id='line_1_50' title="bbox 901 1381 1585 1428; baseline 0.001 -13"><span class='ocrx_word' id='word_1_284' title='bbox 901 1381 996 1428; x_wconf 87' lang='lat' dir='ltr'>quod</span> <span class='ocrx_word' id='word_1_285' title='bbox 1007 1382 1121 1416; x_wconf 87' lang='lat' dir='ltr'>multo</span> <span class='ocrx_word' id='word_1_286' title='bbox 1135 1382 1342 1426; x_wconf 82' lang='lat' dir='ltr'>languidius.</span> <span class='ocrx_word' id='word_1_287' title='bbox 1360 1382 1452 1417; x_wconf 86' lang='lat' dir='ltr'>Rem</span> <span class='ocrx_word' id='word_1_288' title='bbox 1466 1389 1585 1416; x_wconf 85' lang='lat' dir='ltr'>autem</span> 
     </span>
     <span class='ocr_line' id='line_1_51' title="bbox 901 1434 1591 1481; baseline 0 -13"><span class='ocrx_word' id='word_1_289' title='bbox 901 1434 1001 1469; x_wconf 84' lang='lat' dir='ltr'>aliter</span> <span class='ocrx_word' id='word_1_290' title='bbox 1026 1441 1146 1468; x_wconf 87' lang='lat' dir='ltr'>narrat</span> <span class='ocrx_word' id='word_1_291' title='bbox 1178 1434 1369 1481; x_wconf 81' lang='lat' dir='ltr'>Hyginus:</span> <span class='ocrx_word' id='word_1_292' title='bbox 1398 1436 1518 1469; x_wconf 81' lang='lat' dir='ltr'>Tereus</span> <span class='ocrx_word' id='word_1_293' title='bbox 1539 1436 1591 1468; x_wconf 82' lang='lat' dir='ltr'>ad</span> 
     </span>
     <span class='ocr_line' id='line_1_52' title="bbox 901 1487 1583 1531; baseline 0 -11"><span class='ocrx_word' id='word_1_294' title='bbox 901 1487 1106 1520; x_wconf 82' lang='lat' dir='ltr'>Pandionem</span> <span class='ocrx_word' id='word_1_295' title='bbox 1132 1499 1280 1520; x_wconf 82' lang='lat' dir='ltr'>socerum</span> <span class='ocrx_word' id='word_1_296' title='bbox 1299 1489 1394 1520; x_wconf 80' lang='lat' dir='ltr'>venit</span> <span class='ocrx_word' id='word_1_297' title='bbox 1412 1491 1563 1531; x_wconf 74' lang='lat' dir='ltr'>rogatum</span> <span class='ocrx_word' id='word_1_298' title='bbox 1575 1514 1583 1525; x_wconf 87' lang='lat'>‚</span> 
     </span>
     <span class='ocr_line' id='line_1_53' title="bbox 900 1541 1586 1584; baseline -0.001 -11"><span class='ocrx_word' id='word_1_299' title='bbox 900 1543 939 1573; x_wconf 84' lang='lat' dir='ltr'>ul</span> <span class='ocrx_word' id='word_1_300' title='bbox 952 1541 1173 1573; x_wconf 77' lang='lat' dir='ltr'>Philomelam</span> <span class='ocrx_word' id='word_1_301' title='bbox 1189 1541 1331 1573; x_wconf 71' lang='lat' dir='ltr'>alteram</span> <span class='ocrx_word' id='word_1_302' title='bbox 1337 1541 1453 1584; x_wconf 77' lang='lat' dir='ltr'>filiam</span> <span class='ocrx_word' id='word_1_303' title='bbox 1470 1541 1540 1572; x_wconf 79' lang='lat' dir='ltr'>sibi</span> <span class='ocrx_word' id='word_1_304' title='bbox 1549 1541 1586 1572; x_wconf 78' lang='lat' dir='ltr'>l‘lz</span> 
     </span>
     <span class='ocr_line' id='line_1_54' title="bbox 899 1590 1587 1634; baseline -0.001 -10"><span class='ocrx_word' id='word_1_305' title='bbox 899 1590 1090 1634; x_wconf 72' lang='lat' dir='ltr'>conjugium</span> <span class='ocrx_word' id='word_1_306' title='bbox 1100 1592 1216 1631; x_wconf 74' lang='lat' dir='ltr'>darel3</span> <span class='ocrx_word' id='word_1_307' title='bbox 1232 1591 1383 1624; x_wconf 78' lang='lat' dir='ltr'>Procnen</span> <span class='ocrx_word' id='word_1_308' title='bbox 1393 1603 1488 1624; x_wconf 88' lang='lat' dir='ltr'>suum</span> <span class='ocrx_word' id='word_1_309' title='bbox 1499 1592 1587 1624; x_wconf 77' lang='lat' dir='ltr'>diem</span> 
     </span>
     <span class='ocr_line' id='line_1_55' title="bbox 900 1642 1586 1688; baseline 0.003 -13"><span class='ocrx_word' id='word_1_310' title='bbox 900 1644 1013 1676; x_wconf 71' lang='lat' dir='ltr'>obisse</span> <span class='ocrx_word' id='word_1_311' title='bbox 1029 1644 1123 1676; x_wconf 76' lang='lat' dir='ltr'><em>dicit.</em></span> <span class='ocrx_word' id='word_1_312' title='bbox 1148 1642 1206 1676; x_wconf 80' lang='lat' dir='ltr'>Sic.</span> <span class='ocrx_word' id='word_1_313' title='bbox 1224 1649 1259 1676; x_wconf 83' lang='lat' dir='ltr'>et</span> <span class='ocrx_word' id='word_1_314' title='bbox 1280 1642 1527 1688; x_wconf 89' lang='lat' dir='ltr'>Apollodorus.</span> <span class='ocrx_word' id='word_1_315' title='bbox 1543 1661 1586 1668; x_wconf 88' lang='lat'>-—</span> 
     </span>
     <span class='ocr_line' id='line_1_56' title="bbox 904 1692 1588 1740; baseline 0.001 -12"><span class='ocrx_word' id='word_1_316' title='bbox 904 1692 1052 1729; x_wconf 89' lang='lat' dir='ltr'>Codices</span> <span class='ocrx_word' id='word_1_317' title='bbox 1068 1695 1176 1729; x_wconf 80' lang='lat' dir='ltr'>nostri</span> <span class='ocrx_word' id='word_1_318' title='bbox 1197 1694 1299 1740; x_wconf 88' lang='lat' dir='ltr'>Regii</span> <span class='ocrx_word' id='word_1_319' title='bbox 1324 1695 1456 1729; x_wconf 84' lang='lat' dir='ltr'>habent</span> <span class='ocrx_word' id='word_1_320' title='bbox 1472 1708 1588 1729; x_wconf 75' lang='lat' dir='ltr'>mune-</span> 
     </span>
     <span class='ocr_line' id='line_1_57' title="bbox 900 1747 1588 1790; baseline 0.001 -9"><span class='ocrx_word' id='word_1_321' title='bbox 900 1751 948 1782; x_wconf 81' lang='lat' dir='ltr'>ris</span> <span class='ocrx_word' id='word_1_322' title='bbox 959 1750 1071 1781; x_wconf 79' lang='lat' dir='ltr'>instar</span> <span class='ocrx_word' id='word_1_323' title='bbox 1082 1759 1093 1790; x_wconf 90' lang='lat'>‚·</span> <span class='ocrx_word' id='word_1_324' title='bbox 1109 1759 1174 1781; x_wconf 89' lang='lat' dir='ltr'>vox</span> <span class='ocrx_word' id='word_1_325' title='bbox 1185 1750 1332 1781; x_wconf 78' lang='lat' dir='ltr'>numinis</span> <span class='ocrx_word' id='word_1_326' title='bbox 1346 1747 1493 1781; x_wconf 89' lang='lat' dir='ltr'>nimiam</span> <span class='ocrx_word' id='word_1_327' title='bbox 1510 1760 1588 1782; x_wconf 88' lang='lat' dir='ltr'>em-</span> 
     </span>
     <span class='ocr_line' id='line_1_58' title="bbox 902 1799 1588 1846; baseline 0.001 -12"><span class='ocrx_word' id='word_1_328' title='bbox 902 1799 1024 1846; x_wconf 87' lang='lat' dir='ltr'>phasin</span> <span class='ocrx_word' id='word_1_329' title='bbox 1047 1800 1183 1834; x_wconf 88' lang='lat' dir='ltr'>redolet</span> <span class='ocrx_word' id='word_1_330' title='bbox 1201 1812 1208 1833; x_wconf 92' lang='lat'>:</span> <span class='ocrx_word' id='word_1_331' title='bbox 1226 1803 1370 1834; x_wconf 82' lang='lat' dir='ltr'>muueris</span> <span class='ocrx_word' id='word_1_332' title='bbox 1390 1802 1498 1846; x_wconf 84' lang='lat' dir='ltr'>magis</span> <span class='ocrx_word' id='word_1_333' title='bbox 1525 1814 1588 1835; x_wconf 82' lang='lat' dir='ltr'>se-</span> 
     </span>
     <span class='ocr_line' id='line_1_59' title="bbox 903 1853 1346 1887; baseline 0 -1"><span class='ocrx_word' id='word_1_334' title='bbox 903 1853 1061 1887; x_wconf 83' lang='lat' dir='ltr'>cundum</span> <span class='ocrx_word' id='word_1_335' title='bbox 1079 1860 1253 1887; x_wconf 84' lang='lat' dir='ltr'>naturam.</span> <span class='ocrx_word' id='word_1_336' title='bbox 1279 1855 1346 1887; x_wconf 81' lang='lat' dir='ltr'>Ed.</span> 
     </span>
    </p>

    <p class='ocr_par' dir='ltr' id='par_1_17' title="bbox 904 1904 1601 2842">
     <span class='ocr_line' id='line_1_60' title="bbox 949 1904 1589 1950; baseline 0.003 -12"><span class='ocrx_word' id='word_1_337' title='bbox 949 1907 1025 1949; x_wconf 71' lang='lat'>445.</span> <span class='ocrx_word' id='word_1_338' title='bbox 1042 1906 1180 1939; x_wconf 78' lang='lat' dir='ltr'>Deduci</span> <span class='ocrx_word' id='word_1_339' title='bbox 1193 1904 1332 1950; x_wconf 85' lang='lat' dir='ltr'>proprie</span> <span class='ocrx_word' id='word_1_340' title='bbox 1347 1905 1514 1940; x_wconf 80' lang='lat' dir='ltr'>dicuntur</span> <span class='ocrx_word' id='word_1_341' title='bbox 1529 1919 1589 1940; x_wconf 84' lang='lat' dir='ltr'>na-</span> 
     </span>
     <span class='ocr_line' id='line_1_61' title="bbox 904 1957 1589 2003; baseline 0.001 -12"><span class='ocrx_word' id='word_1_342' title='bbox 904 1969 983 2000; x_wconf 86' lang='lat' dir='ltr'>ves,</span> <span class='ocrx_word' id='word_1_343' title='bbox 1012 1970 1124 2002; x_wconf 89' lang='lat' dir='ltr'>quum</span> <span class='ocrx_word' id='word_1_344' title='bbox 1152 1957 1322 1992; x_wconf 85' lang='lat' dir='ltr'>machinis</span> <span class='ocrx_word' id='word_1_345' title='bbox 1346 1957 1530 2003; x_wconf 81' lang='lat' dir='ltr'>suppositis</span> <span class='ocrx_word' id='word_1_346' title='bbox 1552 1958 1589 1992; x_wconf 90' lang='lat' dir='ltr'>in</span> 
     </span>
     <span class='ocr_line' id='line_1_62' title="bbox 905 2007 1589 2044; baseline 0.001 -2"><span class='ocrx_word' id='word_1_347' title='bbox 905 2021 1002 2042; x_wconf 85' lang='lat' dir='ltr'>mare</span> <span class='ocrx_word' id='word_1_348' title='bbox 1021 2009 1261 2043; x_wconf 84' lang='lat' dir='ltr'>retrahuntur.</span> <span class='ocrx_word' id='word_1_349' title='bbox 1281 2007 1514 2043; x_wconf 73' lang='lat' dir='ltr'>Contrarium</span> <span class='ocrx_word' id='word_1_350' title='bbox 1537 2017 1589 2044; x_wconf 85' lang='lat' dir='ltr'>est</span> 
     </span>
     <span class='ocr_line' id='line_1_63' title="bbox 905 2062 1592 2105; baseline 0.001 -10"><span class='ocrx_word' id='word_1_351' title='bbox 905 2063 1054 2096; x_wconf 80' lang='lat' dir='ltr'>subduci.</span> <span class='ocrx_word' id='word_1_352' title='bbox 1071 2079 1116 2086; x_wconf 87' lang='grc'>-·</span> <span class='ocrx_word' id='word_1_353' title='bbox 1146 2063 1227 2096; x_wconf 88' lang='lat' dir='ltr'>Velo</span> <span class='ocrx_word' id='word_1_354' title='bbox 1246 2068 1282 2095; x_wconf 80' lang='lat' dir='ltr'>et</span> <span class='ocrx_word' id='word_1_355' title='bbox 1305 2065 1428 2105; x_wconf 73' lang='lat' dir='ltr'>remige</span> <span class='ocrx_word' id='word_1_356' title='bbox 1444 2089 1452 2103; x_wconf 90' lang='lat'>‚</span> <span class='ocrx_word' id='word_1_357' title='bbox 1478 2062 1592 2096; x_wconf 90' lang='lat' dir='ltr'>celer-</span> 
     </span>
     <span class='ocr_line' id='line_1_64' title="bbox 905 2115 1591 2159; baseline 0.003 -11"><span class='ocrx_word' id='word_1_358' title='bbox 905 2115 997 2148; x_wconf 87' lang='lat' dir='ltr'>rimo</span> <span class='ocrx_word' id='word_1_359' title='bbox 1020 2127 1124 2150; x_wconf 90' lang='lat' dir='ltr'>cursu</span> <span class='ocrx_word' id='word_1_360' title='bbox 1138 2127 1146 2149; x_wconf 88' lang='lat'><strong>:</strong></span> <span class='ocrx_word' id='word_1_361' title='bbox 1158 2119 1292 2159; x_wconf 77' lang='lat' dir='ltr'>portum</span> <span class='ocrx_word' id='word_1_362' title='bbox 1312 2115 1475 2150; x_wconf 83' lang='lat' dir='ltr'>intraturi</span> <span class='ocrx_word' id='word_1_363' title='bbox 1492 2116 1591 2150; x_wconf 88' lang='lat' dir='ltr'>sole-</span> 
     </span>
     <span class='ocr_line' id='line_1_65' title="bbox 907 2168 1593 2214; baseline 0.001 -12"><span class='ocrx_word' id='word_1_364' title='bbox 907 2168 993 2203; x_wconf 86' lang='lat' dir='ltr'>bant</span> <span class='ocrx_word' id='word_1_365' title='bbox 1004 2168 1147 2214; x_wconf 88' lang='lat' dir='ltr'>quidem</span> <span class='ocrx_word' id='word_1_366' title='bbox 1159 2171 1235 2203; x_wconf 78' lang='lat' dir='ltr'>vela</span> <span class='ocrx_word' id='word_1_367' title='bbox 1246 2169 1482 2214; x_wconf 83' lang='lat' dir='ltr'>substringere</span> <span class='ocrx_word' id='word_1_368' title='bbox 1492 2196 1502 2212; x_wconf 83' lang='lat'>‚</span> <span class='ocrx_word' id='word_1_369' title='bbox 1515 2182 1593 2203; x_wconf 87' lang='lat' dir='ltr'>ma-</span> 
     </span>
     <span class='ocr_line' id='line_1_66' title="bbox 906 2219 1590 2266; baseline 0.001 -12"><span class='ocrx_word' id='word_1_370' title='bbox 906 2220 981 2254; x_wconf 90' lang='lat' dir='ltr'>lum</span> <span class='ocrx_word' id='word_1_371' title='bbox 998 2219 1085 2255; x_wconf 90' lang='lat' dir='ltr'>adeo</span> <span class='ocrx_word' id='word_1_372' title='bbox 1106 2220 1284 2266; x_wconf 84' lang='lat' dir='ltr'>deponere</span> <span class='ocrx_word' id='word_1_373' title='bbox 1314 2219 1522 2266; x_wconf 84' lang='lat' dir='ltr'>(Drakenb.</span> <span class='ocrx_word' id='word_1_374' title='bbox 1548 2221 1590 2255; x_wconf 88' lang='lat' dir='ltr'>ad</span> 
     </span>
     <span class='ocr_line' id='line_1_67' title="bbox 908 2270 1593 2318; baseline 0 -12"><span class='ocrx_word' id='word_1_375' title='bbox 908 2272 969 2308; x_wconf 90' lang='lat' dir='ltr'>Sil.</span> <span class='ocrx_word' id='word_1_376' title='bbox 995 2273 1055 2316; x_wconf 88' lang='lat' dir='ltr'>II,</span> <span class='ocrx_word' id='word_1_377' title='bbox 1080 2270 1170 2318; x_wconf 87' lang='lat'>11);</span> <span class='ocrx_word' id='word_1_378' title='bbox 1194 2271 1253 2307; x_wconf 91' lang='lat' dir='ltr'>sed</span> <span class='ocrx_word' id='word_1_379' title='bbox 1279 2273 1389 2307; x_wconf 88' lang='lat' dir='ltr'>Poeta</span> <span class='ocrx_word' id='word_1_380' title='bbox 1412 2272 1479 2307; x_wconf 85' lang='lat' dir='ltr'>hoc</span> <span class='ocrx_word' id='word_1_381' title='bbox 1495 2273 1593 2307; x_wconf 81' lang='lat' dir='ltr'>vult:</span> 
     </span>
     <span class='ocr_line' id='line_1_68' title="bbox 907 2325 1593 2370; baseline -0.003 -10"><span class='ocrx_word' id='word_1_382' title='bbox 907 2328 982 2360; x_wconf 84' lang='lat' dir='ltr'>velo</span> <span class='ocrx_word' id='word_1_383' title='bbox 1004 2332 1039 2360; x_wconf 86' lang='lat' dir='ltr'>et</span> <span class='ocrx_word' id='word_1_384' title='bbox 1061 2328 1182 2370; x_wconf 73' lang='lat' dir='ltr'>remige</span> <span class='ocrx_word' id='word_1_385' title='bbox 1201 2325 1401 2368; x_wconf 83' lang='lat' dir='ltr'>festinavit,</span> <span class='ocrx_word' id='word_1_386' title='bbox 1434 2331 1473 2359; x_wconf 83' lang='lat' dir='ltr'>ut</span> <span class='ocrx_word' id='word_1_387' title='bbox 1495 2325 1593 2359; x_wconf 79' lang='lat' dir='ltr'>brevi</span> 
     </span>
     <span class='ocr_line' id='line_1_69' title="bbox 908 2378 1595 2425; baseline -0.003 -11"><span class='ocrx_word' id='word_1_388' title='bbox 908 2378 1109 2425; x_wconf 84' lang='lat' dir='ltr'>perveniret</span> <span class='ocrx_word' id='word_1_389' title='bbox 1124 2378 1296 2423; x_wconf 66' lang='lat' dir='ltr'>adporlus</span> <span class='ocrx_word' id='word_1_390' title='bbox 1312 2378 1398 2412; x_wconf 92' lang='lat' dir='ltr'>illos.</span> <span class='ocrx_word' id='word_1_391' title='bbox 1410 2395 1454 2404; x_wconf 89' lang='lat'>—-</span> <span class='ocrx_word' id='word_1_392' title='bbox 1470 2380 1595 2412; x_wconf 86' lang='lat' dir='ltr'>Porlus</span> 
     </span>
     <span class='ocr_line' id='line_1_70' title="bbox 912 2430 1596 2481; baseline -0.004 -15"><span class='ocrx_word' id='word_1_393' title='bbox 912 2433 1088 2476; x_wconf 76' lang='lat' dir='ltr'>Cecropios</span> <span class='ocrx_word' id='word_1_394' title='bbox 1099 2458 1108 2471; x_wconf 86' lang='lat'>‚</span> <span class='ocrx_word' id='word_1_395' title='bbox 1140 2438 1283 2476; x_wconf 86' lang='lat' dir='ltr'>portum</span> <span class='ocrx_word' id='word_1_396' title='bbox 1301 2430 1536 2481; x_wconf 74' lang='lat' dir='ltr'>Athenarum.</span> <span class='ocrx_word' id='word_1_397' title='bbox 1551 2449 1596 2456; x_wconf 92' lang='lat'><em>-</em></span> 
     </span>
     <span class='ocr_line' id='line_1_71' title="bbox 909 2482 1595 2526; baseline -0.003 -7"><span class='ocrx_word' id='word_1_398' title='bbox 909 2486 1021 2519; x_wconf 76' lang='lat' dir='ltr'>Piroea</span> <span class='ocrx_word' id='word_1_399' title='bbox 1036 2496 1048 2526; x_wconf 88' lang='grc'>,·</span> <span class='ocrx_word' id='word_1_400' title='bbox 1065 2483 1214 2518; x_wconf 87' lang='lat' dir='ltr'>debebat</span> <span class='ocrx_word' id='word_1_401' title='bbox 1232 2482 1347 2517; x_wconf 87' lang='lat' dir='ltr'>dicere</span> <span class='ocrx_word' id='word_1_402' title='bbox 1368 2484 1514 2522; x_wconf 72' lang='lat' dir='ltr'>Pz’roeea,</span> <span class='ocrx_word' id='word_1_403' title='bbox 1535 2482 1595 2517; x_wconf 86' lang='lat' dir='ltr'>sed</span> 
     </span>
     <span class='ocr_line' id='line_1_72' title="bbox 911 2534 1596 2582; baseline -0.004 -10"><span class='ocrx_word' id='word_1_404' title='bbox 911 2536 1137 2573; x_wconf 72' lang='lat' dir='ltr'>dissimulavit</span> <span class='ocrx_word' id='word_1_405' title='bbox 1152 2535 1339 2582; x_wconf 87' lang='lat' dir='ltr'>syllabam:</span> <span class='ocrx_word' id='word_1_406' title='bbox 1356 2534 1435 2570; x_wconf 91' lang='lat' dir='ltr'>vide</span> <span class='ocrx_word' id='word_1_407' title='bbox 1451 2534 1596 2570; x_wconf 90' lang='lat' dir='ltr'>Grono-</span> 
     </span>
     <span class='ocr_line' id='line_1_73' title="bbox 910 2587 1594 2632; baseline 0.001 -10"><span class='ocrx_word' id='word_1_408' title='bbox 910 2588 1006 2622; x_wconf 87' lang='lat' dir='ltr'>vium</span> <span class='ocrx_word' id='word_1_409' title='bbox 1019 2614 1029 2632; x_wconf 90' lang='lat'>,</span> <span class='ocrx_word' id='word_1_410' title='bbox 1049 2587 1285 2630; x_wconf 75' lang='lat' dir='ltr'>Observat.1‚</span> <span class='ocrx_word' id='word_1_411' title='bbox 1306 2588 1338 2621; x_wconf 85' lang='lat'>3.</span> <span class='ocrx_word' id='word_1_412' title='bbox 1355 2605 1400 2613; x_wconf 89' lang='lat'>—</span> <span class='ocrx_word' id='word_1_413' title='bbox 1417 2588 1572 2623; x_wconf 88' lang='lat' dir='ltr'>Piraeum</span> <span class='ocrx_word' id='word_1_414' title='bbox 1585 2615 1594 2632; x_wconf 88' lang='lat'>‚</span> 
     </span>
     <span class='ocr_line' id='line_1_74' title="bbox 911 2639 1598 2686; baseline 0 -12"><span class='ocrx_word' id='word_1_415' title='bbox 911 2640 1026 2686; x_wconf 85' lang='lat' dir='ltr'>inquit</span> <span class='ocrx_word' id='word_1_416' title='bbox 1043 2639 1231 2674; x_wconf 81' lang='lat' dir='ltr'>Pausanias</span> <span class='ocrx_word' id='word_1_417' title='bbox 1248 2666 1257 2683; x_wconf 88' lang='lat'>,</span> <span class='ocrx_word' id='word_1_418' title='bbox 1274 2640 1311 2674; x_wconf 85' lang='lat' dir='ltr'>in</span> <span class='ocrx_word' id='word_1_419' title='bbox 1331 2639 1456 2676; x_wconf 84' lang='lat' dir='ltr'>Atticis</span> <span class='ocrx_word' id='word_1_420' title='bbox 1470 2666 1479 2684; x_wconf 88' lang='lat'>,</span> <span class='ocrx_word' id='word_1_421' title='bbox 1502 2645 1598 2685; x_wconf 59' lang='grc' dir='ltr'>ὀῖμιν</span> 
     </span>
     <span class='ocr_line' id='line_1_75' title="bbox 911 2692 1596 2737; baseline -0.001 -11"><span class='ocrx_word' id='word_1_422' title='bbox 911 2696 968 2736; x_wconf 74' lang='grc' dir='ltr'>μὲν</span> <span class='ocrx_word' id='word_1_423' title='bbox 996 2693 1026 2726; x_wconf 70' lang='grc' dir='ltr'>ἔκ</span> <span class='ocrx_word' id='word_1_424' title='bbox 1056 2696 1187 2727; x_wconf 71' lang='grc' dir='ltr'>παλαιοῦ</span> <span class='ocrx_word' id='word_1_425' title='bbox 1198 2718 1208 2736; x_wconf 83' lang='grc'><em>,</em></span> <span class='ocrx_word' id='word_1_426' title='bbox 1237 2692 1358 2727; x_wconf 85' lang='lat' dir='ltr'>navale</span> <span class='ocrx_word' id='word_1_427' title='bbox 1390 2699 1425 2727; x_wconf 86' lang='lat' dir='ltr'>et</span> <span class='ocrx_word' id='word_1_428' title='bbox 1453 2700 1596 2737; x_wconf 84' lang='lat' dir='ltr'>portum</span> 
     </span>
     <span class='ocr_line' id='line_1_76' title="bbox 913 2743 1599 2790; baseline 0 -12"><span class='ocrx_word' id='word_1_429' title='bbox 913 2743 994 2778; x_wconf 80' lang='lat' dir='ltr'>fecit</span> <span class='ocrx_word' id='word_1_430' title='bbox 1008 2743 1263 2779; x_wconf 80' lang='lat' dir='ltr'>Themistocles</span> <span class='ocrx_word' id='word_1_431' title='bbox 1272 2771 1281 2789; x_wconf 88' lang='lat'>,</span> <span class='ocrx_word' id='word_1_432' title='bbox 1292 2757 1455 2790; x_wconf 68' lang='lat' dir='ltr'>mamque</span> <span class='ocrx_word' id='word_1_433' title='bbox 1469 2744 1599 2778; x_wconf 79' lang='lat' dir='ltr'>Phale-</span> 
     </span>
     <span class='ocr_line' id='line_1_77' title="bbox 914 2795 1601 2842; baseline -0.001 -10"><span class='ocrx_word' id='word_1_434' title='bbox 914 2809 995 2832; x_wconf 88' lang='lat' dir='ltr'>rum</span> <span class='ocrx_word' id='word_1_435' title='bbox 1004 2796 1099 2842; x_wconf 87' lang='lat' dir='ltr'>prius</span> <span class='ocrx_word' id='word_1_436' title='bbox 1110 2796 1231 2833; x_wconf 85' lang='lat' dir='ltr'>navale</span> <span class='ocrx_word' id='word_1_437' title='bbox 1243 2797 1359 2833; x_wconf 86' lang='lat' dir='ltr'>suerat</span> <span class='ocrx_word' id='word_1_438' title='bbox 1370 2795 1601 2832; x_wconf 81' lang='lat' dir='ltr'>Athenis.Ed.</span> 
     </span>
    </p>
   </div>
  </div>
 </body>
</html>
