1832 3100
321 200 1019 276 MET‘AMonPHoSEON
1050 206 1180 250 LIB.
1216 207 1336 253 VII.

1441 206 1530 270 459

116 316 140 337 »
164 295 226 344 Et
244 294 328 343 Dis
347 312 446 344 cara
467 294 607 352 ferar,
633 305 675 343 et
698 295 858 343 vertice
878 296 1024 345 ¹sidera
1050 309 1239 360 tangam.

114 393 140 414 »
166 371 320 436 Quid,
344 371 636 438 quodnesci'o
661 371 737 438 qui
759 372 915 421 mediis
937 391 1196 423 concurrere
1221 375 1268 423 in
1290 377 1421 426 undis

118 471 142 491 »ι
168 447 391 498 Dicuntur
407 460 583 498 montes
598 486 610 507 ‚
632 450 892 517 ratibusque
914 450 1090 499 inimica
1114 451 1387 518 Charybdis,

115 548 140 569 »
166 527 296 575 Nunc
313 526 493 575 sorbere
517 526 698 585 fretum,
721 546 840 576 nunc
863 527 1068 586 reddere3
1090 529 1319 596 cinctaque
1346 532 1467 580 saevis

116 625 140 646 »
171 602 320 670 Scylla
334 616 468 671 rapax
490 604 673 653 canibus
700 604 849 654 Siculo
873 604 1029 654 latrare
1047 605 1273 673 profundo
1291 609 1310 655 ἓ)
1490 623 1534 658 65

119 706 142 727 >>
168 686 338 753 Nempe
356 698 510 743 tenens
527 687 650 754 quod
672 707 794 747 amo,
813 688 1069 754 gremioque
1087 688 1135 736 in
1152 690 1324 738 Iasonis
1342 690 1533 750 haerens,

114 848 210 878 γαμος
233 839 270 867 et
294 837 476 878 αἰνολεχὴς,
493 833 647 879 conjugii
676 832 796 867 infelix

115 884 240 930 passim
251 885 293 919 ab
304 884 452 931 Orpheo
461 885 650 921 dicitur.—
665 887 797 921 Verlt‘ce

115 939 230 972 sidera
257 942 407 982 tangam.
438 937 573 972 Passim
607 944 797 972 occurrunt

117 990 208 1037 apud
219 998 338 1037 poetas
349 990 429 1035 Dii,
442 991 502 1037 qui
512 991 560 1026 ita
569 1004 605 1026 se
620 991 795 1035 attollunt,

118 1051 158 1079 ut
171 1044 315 1091 vestigia
338 1051 472 1090 ponant
487 1045 525 1079 in
551 1051 644 1080 terra
657 1071 666 1089 ,
685 1045 796 1091 capite

118 1105 241 1132 autem
247 1097 371 1133 caelum
381 1106 529 1145 tangant
538 1111 547 1134 ι
556 1099 604 1134 sic
615 1099 706 1145 apud
718 1098 796 1134 Cal-

118 1149 308 1186 limachum
322 1177 332 1195 ,
350 1150 384 1185 h.
403 1150 526 1186 Cerer.
544 1153 605 1200 49,
624 1158 660 1186 et
677 1152 798 1198 Virgi-

117 1203 205 1240 lium
218 1228 228 1246 ,
241 1201 324 1238 AEn.
341 1202 408 1246 IV,
426 1203 498 1250 176.
510 1203 606 1238 Hinc
622 1202 721 1239 fluxit
730 1204 798 1238 sor-

67 1256 76 1267 ¹
118 1254 215 1290 mula
242 1254 354 1301 poetis
381 1255 559 1291 familiaris
589 1256 738 1300 (Horat.
756 1256 773 1290 Ι
787 1282 796 1299 ,

119 1306 191 1343 Od.
202 1317 217 1341 1
229 1333 238 1351 ,
250 1307 311 1349 36;
324 1307 466 1352 Noster,
479 1308 495 1343 I
506 1308 597 1357 East.
610 1307 702 1354 210).
724 1311 799 1344 Ver-

118 1363 185 1396 !ice
199 1362 317 1395 celum
324 1361 451 1406 ferire,
477 1369 538 1396 aut
560 1367 710 1407 tangere,
732 1375 801 1407 qua

118 1412 274 1458 primum
291 1413 465 1448 immensa
481 1420 518 1448 et
537 1420 680 1460 augusta
697 1427 801 1459 quae-

116 1463 202 1499 ‹dam
219 1465 386 1510 altitudo,
404 1465 532 1500 deinde
550 1466 693 1512 insignis
711 1479 800 1511 quae-

120 1516 203 1551 dam
218 1523 254 1552 et
270 1517 346 1562 plus
363 1530 470 1563 quam
486 1517 643 1552 humana
659 1518 801 1554 felicitas

120 1570 390 1616 exprimebatur.
417 1570 616 1615 Ausonius,
636 1571 687 1607 Id.
705 1582 777 1606 vu1
789 1598 799 1616 ,

121 1623 162 1657 52
177 1634 185 1656 ε
202 1626 272 1656 lum
295 1626 406 1667 terque
428 1627 609 1668 quaterque
628 1625 799 1659 διαίτη-...μ

119 1678 188 1708 turn
208 1677 347 1718 tanqam
361 1676 484 1708 wrteee
498 1676 625 1708 caelum.

162 1726 216 1762 62.
243 1727 358 1770 Quid,
386 1728 478 1772 quod
490 1730 605 1762 neseio
622 1733 687 1762 etc.
715 1726 799 1762 Esse

120 1778 265 1824 quidem
275 1778 427 1824 pericula
436 1779 609 1814 nonnulla
618 1778 800 1814 subeunda

119 1830 282 1877 intelligit
293 1857 303 1874 ‚
329 1830 391 1866 sed
417 1831 577 1866 animum
607 1831 709 1877 erigit
735 1844 777 1866 eo
789 1857 799 1874 ,

121 1884 216 1930 quod
228 1884 398 1920 Jasonem
416 1897 519 1919 suum
540 1884 666 1920 habeat
690 1885 803 1919 comi-

120 1937 378 1971 tem.-'—Med1)‘s
387 1943 450 1971 etc.
463 1936 623 1980 Intellige
634 1935 800 1983 Cyaneae,

122 1988 244 2023 insulae
255 2013 265 2032 ‚
281 2000 342 2023 seu
362 1995 489 2034 petrae,
505 1995 627 2022 contra
644 1988 802 2024 Pontum

122 2039 304 2076 Euxinum
319 2066 329 2084 ,
346 2052 424 2085 quae
444 2053 554 2086 quum
571 2047 715 2086 propter
730 2054 802 2076 an-

122 2100 264 2140 gustum
273 2093 460 2128 transitum
469 2105 511 2127 ex
519 2093 680 2127 illusione
689 2093 803 2138 optica

123 2157 314 2179 concurrere
323 2143 530 2179 viderentur
541 2144 782 2190 navigantibus
791 2170 800 2188 ,

125 2197 357 2242 συμπληγάδες,
371 2197 593 2246 συνδμμάδες,
607 2197 802 2246 συνορμάδες,

125 2256 159 2284 et
170 2251 400 2283 concurrentia
413 2261 503 2283 saxa
514 2248 658 2283 diceban
664 2255 738 2283 tur:
750 2248 804 2283 vi-

125 2300 169 2336 de
197 2300 312 2336 Schol.
339 2300 542 2347 Euripidis,
565 2300 605 2335 ad
631 2300 729 2336 Med.
759 2315 801 2344 23

129 2353 327 2399 Tourneforl
333 2381 342 2394 ‚
358 2355 396 2390 V
389 2368 408 2388 o
403 2367 495 2402 yagc
504 2356 550 2389 du
556 2355 708 2398 Levant,-
718 2361 802 2389 tom.

127 2422 146 2443 2
159 2434 170 2452 ‚
187 2422 220 2454 r·
242 2411 305 2456 149
319 2422 393 2454 sqq·

169 2460 223 2495 63.
250 2462 447 2507 Charybdis.
470 2460 566 2495 Nihil
584 2460 620 2495 in
638 2462 728 2496 freto
746 2461 804 2497 Si-

126 2511 206 2547 culo
238 2512 387 2547 nobilius
420 2514 594 2560 Charybdi
618 2521 653 2548 et
679 2515 803 2561 Scylla.

130 2564 331 2608 Charybdim
341 2590 350 2603 ‚
361 2566 506 2605 ratibus,
519 2578 604 2610 quas
614 2566 806 2611 appropin-

129 2621 276 2660 quantes
286 2614 563 2658 absorbet,hodie
575 2616 692 2650 minus
699 2629 806 2661 quam

130 2667 213 2701 olim
229 2664 416 2707 iudaicam,
438 2667 544 2702 efficit
561 2668 806 2703 vehementior

131 2719 306 2757 undarum
318 2719 429 2755 fluxus
441 2719 504 2755 sibi
513 2719 663 2756 invicem
671 2727 807 2756 contra-

861 833 952 878 rius,
964 841 1003 869 ut
1013 834 1205 870 observavit
1216 836 1320 871 etiam
1330 850 1445 883 nuper
1453 838 1539 885 Bry-

863 884 945 919 don.
962 889 998 920 in
1015 888 1117 920 Bake
1129 889 1218 921 nach
1238 889 1389 928 St'c1'lt'en,
1403 896 1486 923 tom
1502 891 1538 933 Ι,

863 937 971 983 Epist.
991 949 1045 973 111.
1060 939 1206 974 Veteres
1218 947 1335 974 autem
1348 948 1540 987 putarunt,

861 989 898 1024 in
915 990 1003 1024 mari
1021 1003 1093 1025 esse
1105 991 1296 1035 vorticem,
1308 992 1434 1028 fluctus
1446 1007 1543 1029 nunc

862 1044 1043 1076 sorbentem
1058 1045 1200 1086 (sorbere
1209 1050 1244 1078 et
1254 1047 1433 1085 resorbere,
1425 1046 1544 1095 ‚etuas-

861 1097 992 1144 [ηιὲδεῖν
1004 1120 1013 1138 ‚
1035 1095 1179 1140 ponitur
1195 1094 1238 1130 de
1255 1097 1384 1131 vortice
1397 1095 1412 1142 )
1425 1123 1433 1140 ,
1446 1110 1543 1132 nunc

861 1148 1060 1181 reddenlcm.
1070 1166 1115 1172 —
1128 1148 1244 1194 Scylla
1259 1147 1385 1193 (hodie
1397 1148 1543 1195 Sciglio)

863 1199 1147 1243 promontorium
1174 1206 1355 1244 petrosum
1380 1201 1417 1235 in
1440 1201 1543 1236 litore

867 1249 1036 1285 Calabriae
1046 1277 1055 1294 ,
1072 1250 1113 1285 ad
1127 1251 1220 1296 quod
1234 1253 1386 1286 maximo
1396 1266 1476 1287 cum
1486 1266 1545 1288 so-

864 1303 941 1337 nitu
953 1302 1145 1338 alliduntur
1156 1304 1259 1339 undae
1270 1305 1360 1339 sreti.
1375 1304 1546 1340 Cinctum

865 1362 916 1390 est
931 1356 1077 1401 scopulis
1094 1369 1112 1391 e
1133 1358 1220 1391 mari
1238 1358 1519 1403 prominentibus
1532 1381 1544 1402 ,

864 1408 901 1442 in
914 1408 1039 1453 quibus
1050 1409 1222 1454 speluncae
1233 1436 1242 1454 ,
1256 1410 1381 1455 quibus
1397 1418 1547 1456 augetur

863 1462 1027 1507 strepitus
1055 1462 1111 1496 ille
1138 1462 1324 1497 undarum.
1357 1464 1434 1499 Hos
1459 1477 1545 1510 ergo

864 1515 1014 1549 Veteres
1032 1515 1197 1559 (Homer.
1227 1515 1297 1550 Od.
1319 1523 1368 1560 M,
1390 1516 1430 1562 73
1445 1529 1518 1562 sqq.
1534 1530 1546 1560 ς

867 1566 964 1611 Virg.
982 1567 1066 1601 AEn.
1085 1567 1162 1610 111,
1181 1568 1271 1611 424)
1288 1580 1368 1602 cum
1388 1571 1543 1612 canibus,

865 1617 992 1652 seilicet
1009 1618 1154 1652 marinis
1163 1644 1172 1662 ,
1184 1622 1282 1653 saevis
1294 1627 1330 1654 et
1344 1623 1546 1655 latrantibus

865 1670 977 1717 (quod
991 1671 1136 1705 verbum
1151 1672 1256 1707 etiam
1271 1673 1313 1707 de
1324 1674 1470 1719 strepitu
1483 1687 1546 1708 un-

865 1722 988 1757 darum
1002 1749 1012 1767 ‚
1028 1723 1120 1769 apud
1133 1724 1230 1769 Virg.
1248 1725 1331 1759 AEn.
1341 1727 1414 1761 VII
1424 1752 1434 1770 ,
1454 1726 1546 1772 538)

865 1782 1115 1820 compararunt
1130 1801 1138 1818 ,
1165 1775 1317 1822 Scyllam
1342 1784 1459 1811 autem
1482 1777 1545 1822 ip·-

864 1839 938 1861 sam
955 1840 1035 1861 cum
1053 1834 1212 1861 monstro
1227 1827 1429 1872 horrendo,
1444 1830 1544 1873 cujus

866 1879 968 1913 facies
988 1880 1080 1913 varie
1106 1892 1124 1912 a
1140 1879 1271 1925 poetis,
1294 1887 1330 1914 et
1352 1880 1388 1914 in
1407 1893 1546 1916 monu-

867 1932 997 1967 mentis
1012 1933 1227 1978 exprimitur.
1247 1933 1326 1968 Vid.
1344 1934 1546 1981 Brydon.d.

867 1983 888 2018 l.
908 2003 952 2009 -
974 1986 1101 2019 cincta.
1127 1985 1184 2020 Sic
1207 1990 1380 2021 succincta
1405 1990 1547 2022 canibus

869 2035 994 2083 Scylla,
1006 2036 1096 2082 apud
1108 2037 1246 2073 Lucret.
1258 2038 1303 2082 V,
1315 2039 1380 2087 890
1393 2053 1401 2080 ;
1420 2039 1497 2073 Tib.
1511 2040 1546 2083 3,

869 2090 890 2132 4
901 2114 910 2131 ,
929 2089 992 2136 893
1007 2089 1104 2136 Virg.
1121 2090 1193 2125 Ecl.
1208 2090 1260 2125 VI
1273 2117 1282 2135 ,
1297 2095 1348 2136 75.
1365 2091 1547 2127 Caeterum

869 2141 974 2175 etiam
992 2142 1193 2187 Homerus,
1210 2143 1280 2178 Od.
1295 2144 1336 2177 M
1348 2171 1357 2188 ,
1381 2145 1444 2192 693
1465 2146 1546 2180 Or—

868 2193 1001 2238 pheus,
1029 2194 1113 2240 Arg.
1130 2208 1233 2229 versu
1254 2197 1356 2241 ¹²473
1383 2197 1546 2242 Apollod.

869 2260 900 2293 p.
912 2247 955 2282 55
967 2274 976 2292 ,
992 2248 1155 2292 tradunt,
1171 2249 1392 2294 Argonautas
1405 2250 1459 2284 illa
1472 2251 1549 2285 loca

869 2307 1079 2345 penetrasse.
1094 2300 1199 2335 Cons.
1215 2301 1363 2335 Heroid.
1375 2302 1459 2345 XII,
1476 2303 1548 2336 123.

921 2353 974 2388 66.
1013 2355 1137 2388 Tenere
1164 2354 1342 2399 eleganter
1373 2355 1523 2389 dicimur
1536 2382 1548 2399 ,

870 2418 976 2451 quem
992 2406 1093 2440 nobis
1109 2406 1280 2440 donatum
1297 2414 1355 2441 aut
1372 2415 1549 2442 servatum

869 2457 1038 2493 habemus
1049 2485 1058 2503 ,
1069 2458 1225 2503 adeoque
1238 2459 1310 2492 sere
1321 2460 1550 2506 conjungitur

869 2523 951 2545 cum
966 2513 1184 2555 amplexibus.
1210 2510 1268 2546 Sic
1284 2518 1319 2544 et
1339 2511 1429 2546 infra
1447 2526 1549 2548 versu

875 2564 946 2607 143.
965 2564 1057 2598 Vide
1077 2563 1118 2597 ad
1138 2564 1229 2598 Plin.
1247 2557 1299 2598 VI
1312 2591 1321 2608 ,
1339 2564 1403 2610 Ep.
1421 2577 1473 2600 vn
1488 2593 1498 2611 ,
1520 2581 1548 2602 1.

870 2618 1108 2660 -Quodamo‚
1125 2623 1164 2650 ut
1174 2629 1275 2650 versu
1286 2617 1340 2661 23,
1348 2621 1438 2662 quod
1444 2631 1548 2653 ames.

871 2688 915 2695 —
926 2671 1044 2713 longa
1055 2696 1063 2710 ,
1076 2669 1266 2715 longinqua
1276 2697 1285 2714 ,
1298 2677 1337 2705 ut
1349 2671 1440 2706 Vlll
1453 2698 1461 2714 ,
1478 2673 1549 2715 ¹42·

872 2739 915 2747 —
928 2723 1163 2757 Trahar'nunc
1172 2734 1245 2757 non
1259 2722 1301 2757 de
1311 2723 1466 2759 violento
1476 2736 1550 2766 rap-
