1832 3100
287 219 371 278 ,ἥδ

675 216 726 258 Ρ.
770 215 1013 261 OVIDII
1048 215 1361 262 NASONIS

317 331 342 353 >›
368 310 422 357 In
443 307 612 356 facinus
631 306 796 372 jurasse
818 319 947 374 putes
966 327 976 355 ε
998 307 1103 356 dent
1127 308 1249 357 ocius
1274 300 1424 357 omnes
1442 347 1454 368 ‚

321 408 344 430 »
373 387 497 449 Quas
519 403 712 434 meruere
732 385 825 451 pati
848 385 939 448 (sic
961 397 1048 434 stat
1069 386 1315 449 sententia)
1340 405 1504 453 poenas.
1530 408 1554 429 »
1587 374 1590 379 ¹

374 463 506 511 Dicta
527 462 652 510 Jovis
670 481 772 528 pars
790 481 895 511 voce
920 463 1113 529 probant
1127 501 1139 522 ,
1163 463 1454 532 stimulosque
1471 464 1636 529 furenti
1691 474 1697 488 ¹

313 539 561 606 Adjiciunt3
586 538 660 587 alii
678 551 825 605 partes
850 538 1109 589 adsensibus
1132 541 1330 608 implent.

1655 552 1720 601 245

311 620 394 669 Est
414 629 557 666 tamen
577 616 758 665 humani
783 618 954 680 generis
972 618 1139 683 jac—tura
1159 619 1306 668 dolori

316 694 538 743 Omnibus
559 713 568 741 :
593 705 656 752 et,
684 713 780 760 quae
802 694 860 742 sit
880 705 1023 754 terrae,
1048 696 1311 745 mortalibus
1332 690 1473 754 orbae,

311 773 470 820 Forma
492 771 659 843 futura,
683 774 877 834 rogant?
900 773 999 839 quis
1023 774 1081 821 sit
1102 773 1271 822 laturus
1292 774 1341 821 ‘in
1363 793 1457 822 aras

313 851 467 899 Tura?
489 849 647 897 ferisne
669 862 794 916 paret
815 849 1090 917 populandas
1115 852 1283 899 tradere
1303 852 1474 899 terras?

314 926 438 976 Talia
461 939 701 993 quaerentes
722 927 836 990 (sibi
862 928 979 975 enim
1001 928 1095 975 fore
1118 940 1259 976 cetera
1279 930 1425 989 curae)

1659 942 1724 992 350

315 1006 410 1054 Rex
434 1005 652 1071 Superum
676 1004 897 1070 trepidare·
913 1015 1051 1062 vetat,
1078 1004 1363 1070 sobolemque
1386 1005 1527 1070 priori

315 1081 585 1130 Dissimilem
603 1081 773 1148 populo
799 1080 1023 1147 promittit
1049 1081 1217 1143 origine
1239 1081 1361 1128 mira.

380 1165 436 1212 V.
462 1165 649 1231 Jamque
674 1174 766 1212 erat
786 1163 834 1211 in
855 1174 973 1211 totas
997 1164 1230 1229 sparsurus
1255 1161 1441 1210 fulmina
1462 1173 1628 1220 terras;

319 1314 462 1350 Eaedem
488 1320 571 1349 sunt
594 1315 701 1348 Furioe
714 1339 724 1355 ‚
762 1314 965 1347 Eumenides
980 1339 989 1355 ‚

321 1369 496 1413 En'rmyes.
512 1367 579 1399 Ed.

361 1418 436 1462 243.
456 1419 532 1452 Stat
545 1420 709 1452 sententia
722 1442 731 1460 ‚
750 1423 847 1451 certo
864 1416 992 1451 decre-—

319 1478 397 1506 tum
413 1476 473 1505 est.
494 1468 597 1514 Apud
621 1469 720 1514 Virg.
735 1468 817 1502 AEn.
840 1469 878 1511 1,
904 1469 966 1503 582
981 1494 991 1510 ,

320 1522 446 1557 eodem
463 1528 565 1567 tropo
577 1547 586 1563 ‚
603 1524 711 1565 surffl‘t
722 1523 897 1554 sententia.

365 1576 439 1617 244.
462 1575 608 1608 Furenti.
632 1572 738 1607 Multi
754 1572 923 1616 frementi.
948 1571 996 1606 Et

321 1638 410 1671 saepe
427 1624 500 1659 haec
515 1624 586 1658 duo
602 1624 744 1658 confusa
758 1630 840 1658 sunt
856 1636 874 1657 a
890 1623 995 1657 libra-

323 1679 381 1714 riis
395 1705 404 1723 ,
430 1678 557 1723 quippe
580 1677 703 1712 similia
719 1684 755 1711 et
773 1677 941 1722 scriptura
961 1682 996 1710 et

321 1731 366 1765 vi.
382 1732 612 1765 Furenlicum
629 1728 817 1763 Gebhardo
836 1727 941 1773 Crep.
958 1727 994 1771 Ι,

326 1797 365 1818 12
377 1809 386 1826 ‚
412 1782 607 1816 Burmann.
630 1781 780 1826 praetulit
796 1806 805 1824 ‚
824 1780 972 1814 maxime
985 1806 994 1823 ,

325 1835 405 1881 quia
423 1833 660 1868 Gunther.11.
687 1833 803 1878 Ligur.
828 1845 914 1879 270,
937 1832 997 1866 ubi

325 1888 360 1922 h.
384 1887 404 1922 l.
422 1886 578 1920 imitatur
591 1911 601 1929 ,
627 1885 674 1919 ita
690 1885 782 1931 legit.
805 1885 858 1919 lbi
874 1885 970 1919 enim
988 1896 996 1918 :

323 1944 469 1984 iramque
481 1939 618 1983 fhrenlz‘
639 1939 821 1984 AdJ'zkiunl
833 1965 841 1979 ‚
873 1942 997 1972 stimu—

323 1995 435 2036 losque
447 2004 572 2036 graues.
583 2010 627 2018 —
636 1992 775 2025 Pars.....
791 1993 871 2031 alii,
894 1990 999 2025 etiam

326 2044 446 2079 solutae
462 2043 627 2077 orationis
647 2043 829 2088 scriptores
855 2050 974 2077 amant
990 2057 998 2078 :

326 2095 404 2131 vide
418 2094 516 2130 Cort.
527 2094 571 2128 ad
580 2094 717 2129 Sallust.
735 2093 836 2129 Catil.
847 2095 883 2130 II
893 2122 903 2139 ,
925 2109 1003 2129 1.—

296 2183 301 2188 N
335 2150 439 2188 Voce,
459 2147 638 2188 oratione;
657 2147 712 2180 alii
728 2154 849 2181 contra
865 2147 1002 2182 oratio-

328 2213 415 2235 nem
444 2198 653 2234 habentibus
681 2201 909 2232 assentiuntur
919 2226 927 2239 ‚
963 2205 1004 2233 ut

331 2251 408 2286 fieri
420 2251 551 2285 solebat
559 2250 596 2284 in
608 2256 731 2284 senatu
745 2250 909 2284 Romano
920 2276 929 2293 ,
943 2250 1003 2284 ubi

329 2303 454 2348 triplex
478 2301 687 2337 assentiendi
703 2301 828 2335 modus
843 2327 850 2340 ‚
869 2301 981 2335 verbis
992 2327 1001 2344 ,

330 2362 421 2389 nutu
432 2362 467 2389 et
476 2355 608 2389 sublata
619 2366 740 2397 manu,
752 2353 895 2398 pedibus
907 2352 1003 2386 :vide

335 2407 434 2441 Cort.
450 2406 492 2440 ad
507 2406 642 2441 Sallust.
662 2405 802 2440 Catil.L
816 2431 824 2448 ,
844 2406 1005 2449 4.·-Sti-

332 2461 440 2493 mulos
446 2458 604 2502 adjicere,
618 2457 726 2503 magis
737 2457 842 2491 etiam
849 2456 982 2490 irritare
992 2483 1001 2500 ,

333 2510 538 2554 metaphora
553 2522 571 2543 a
586 2509 697 2543 bubus
711 2508 823 2543 ducta.
840 2510 956 2542 Furere
970 2514 1004 2542 et

323 2562 426 2606 furor
441 2561 579 2606 proprie
596 2561 639 2595 de
654 2561 748 2596 iratis
765 2574 772 2596 :
790 2560 867 2595 vide
882 2561 1004 2595 Burm.

336 2613 406 2648 Sed
423 2625 489 2647 nec
504 2612 560 2647 illa
575 2613 739 2656 irritatio,
758 2626 824 2647 nec
834 2612 983 2647 formula
994 2638 1003 2656 ,

333 2678 403 2710 qua
410 2677 567 2709 expressa
577 2672 628 2699 est
639 2691 648 2709 ‚
667 2665 746 2699 satis
757 2665 859 2710 digna
868 2665 1006 2699 videtur

335 2717 431 2753 Jovis
450 2717 639 2761 majestate.
655 2735 698 2743 -
714 2718 834 2753 Partes
851 2719 1003 2763 impleut,

1057 1312 1191 1347 addunt
1201 1325 1237 1347 se
1250 1312 1402 1358 partibus
1413 1311 1487 1357 ejus
1498 1311 1645 1348 adsensu
1654 1325 1727 1348 suo.

1058 1365 1128 1400 Sed
1138 1391 1147 1409 ,
1158 1371 1202 1399 ut
1213 1364 1252 1399 fit
1264 1391 1273 1407 ‚
1287 1371 1393 1399 restat
1405 1364 1583 1410 scrupulus
1594 1391 1604 1409 ,
1621 1378 1727 1411 quem

1057 1417 1119 1451 sibi
1132 1416 1356 1451 eximendum
1369 1415 1448 1450 Jovi
1461 1423 1673 1462 proponunt.
1685 1436 1730 1443 --

1057 1470 1127 1502 Est
1147 1473 1258 1502 lumen
1280 1470 1420 1502 humani
1436 1471 1566 1512 generis
1576 1469 1729 1513 jactura.

1059 1519 1187 1553 Scribit
1196 1519 1295 1554 Plato
1307 1519 1425 1553 omnia
1435 1519 1621 1553 hominum
1630 1533 1731 1554 causa

1059 1578 1237 1616 procreata
1251 1585 1259 1613 ;
1282 1571 1442 1606 homines
1457 1578 1601 1616 propter
1612 1571 1706 1606 Deos
1718 1598 1728 1616 ,

1060 1629 1100 1656 ut
1114 1622 1150 1657 hi
1173 1630 1425 1668 cognoscantur
1435 1649 1445 1667 ,
1471 1623 1518 1657 ab
1532 1623 1580 1658 eis
1596 1623 1730 1669 implo—

1059 1681 1185 1709 rentur
1201 1682 1236 1709 et
1251 1675 1418 1709 colantur.
1434 1676 1501 1709 Ed.

1105 1727 1179 1770 248.
1204 1729 1287 1770 Quis
1305 1730 1354 1761 sit
1368 1729 1498 1766 laturus
1518 1733 1582 1762 etc.
1607 1726 1732 1762 Priscis

1062 1779 1277 1824 temporibus
1298 1783 1373 1813 lum
1399 1778 1559 1813 nondum
1582 1779 1732 1814 adhibe-

1062 1830 1190 1864 bantur
1212 1831 1249 1864 in
1274 1830 1400 1874 sacris,
1436 1831 1562 1876 quippe
1588 1831 1706 1877 ignota
1721 1858 1731 1876 ,

1061 1883 1122 1918 sed
1138 1896 1260 1917 eorum
1272 1878 1436 1928 locosae‘r:
1449 1883 1517 1917 vid.
1527 1884 1616 1918 Plin.
1629 1885 1677 1919 H.
1688 1885 1734 1919 N.

1063 1935 1173 1977 XIII,
1190 1949 1202 1968 1
1216 1934 1404 1977 3Arnob.c.
1412 1933 1544 1969 Gentes
1554 1961 1564 1978 ‚
1575 1935 1732 1979 lib.V11‚

1062 2000 1096 2032 p.
1121 1987 1181 2021 231
1208 1999 1281 2032 sqq.
1303 1987 1424 2031 Itaque
1441 1985 1588 2021 Ovidius
1604 1986 1639 2020 h.
1655 1986 1677 2021 l.
1695 1993 1735 2022 ut

1063 2051 1151 2084 saepe
1165 2065 1175 2082 ‚
1204 2051 1244 2072 ex
1260 2050 1359 2072 more
1381 2050 1451 2072 suae
1470 2038 1577 2072 aetatis
1599 2037 1735 2073 locutus

1066 2097 1127 2125 est.
1150 2090 1296 2125 Phrases
1310 2089 1489 2126 solemnes*
1501 2095 1583 2124 sunt
1597 2091 1678 2124 dare
1698 2096 1734 2124 et

1056 2143 1149 2188 serre
1165 2149 1219 2178 tus
1234 2157 1243 2178 :
1260 2143 1327 2178 vid.
1343 2143 1496 2177 Brisson.
1511 2141 1554 2176 de
1567 2142 1685 2177 Form.
1698 2143 1732 2185 I,

1066 2209 1140 2241 pag.
1160 2199 1213 2231 25.

1111 2250 1186 2294 249.
1211 2249 1339 2282 Terras.
1359 2249 1482 2282 Gentes
1496 2259 1560 2292 pro
1575 2251 1678 2280 let-ras
1694 2258 1735 2280 ex

1067 2301 1088 2342 4
1111 2299 1217 2334 MSS.
1242 2299 1338 2334 dedit
1372 2300 1494 2334 Burm.
1525 2298 1737 2333 Probaverat

1068 2359 1103 2387 et
1127 2352 1334 2397 Zinzerling.
1354 2351 1526 2386 Promuls.
1548 2363 1601 2396 cp.
1624 2352 1676 2384 51.
1691 2365 1735 2378 --·

1068 2405 1240 2439 Revocavi
1254 2409 1380 2447 lemos,-
1396 2415 1470 2438 non
1487 2402 1582 2437 enim
1596 2402 1652 2437 hic
1663 2429 1673 2446 ,
1696 2409 1735 2437 ut

1068 2458 1190 2491 Burm.
1201 2457 1359 2502 putabat,
1373 2455 1416 2490 de
1425 2468 1526 2501 poena
1536 2467 1652 2490 sermo
1663 2462 1734 2499 est,

1069 2522 1136 2554 qua
1147 2513 1246 2552 paret
1259 2509 1279 2543 i.
1290 2521 1321 2542 e.
1331 2508 1411 2542 velit
1420 2507 1615 2542 humanum
1628 2519 1735 2553 genus

1069 2560 1214 2606 perdere
1228 2575 1236 2602 ;
1254 2559 1313 2594 sed
1329 2586 1338 2603 ,
1355 2572 1432 2605 quae
1448 2560 1560 2594 forma
1575 2564 1666 2593 teme
1679 2558 1736 2592 fu-

1069 2620 1147 2647 tura
1162 2612 1205 2646 sit
1218 2638 1227 2655 ,
1243 2612 1427 2656 quaeritur,
1448 2610 1568 2645 deletis
1583 2609 1736 2644 homini-

1068 2664 1142 2699 bus.
1158 2683 1202 2690 —
1222 2665 1413 2707 Trepidam,
1435 2662 1594 2698 sollicitos
1610 2673 1691 2695 esse.

1115 2716 1279 2760 253-415.
1292 2716 1433 2760 Jamque
1441 2716 1558 2750 etaim
1569 2717 1659 2749 (olas
1671 2718 1736 2748 etc.
