1832 3100
263 279 345 335 164

633 282 684 329 Ρ.
719 281 951 328 OVIDII
984 281 1287 329 NASONIS

257 374 428 439 Cuique
450 372 535 421 fuit
555 392 700 422 rerum
721 375 938 441 promissa
959 376 1181 442 potentia,
1206 376 1429 443 Thybrin:

253 449 431 498 Dissilit
453 469 582 498 omne
604 450 772 509 solum3
800 464 1087 519 penetratque
1112 453 1159 501 in
1180 455 1361 503 Tartara
1385 455 1508 504 rimis

1609 473 1674 507 260

256 530 446 586 Lumen,
473 539 516 576 et
538 527 758 576 infernum
779 540 910 577 terret
935 548 1032 578 cum
1054 530 1239 595 conjuge
1262 532 1442 594 Regem.

253 607 313 653 Et
334 624 450 653 mare
476 605 772 663 contrahitur;
800 606 1008 672 siccaeque
1034 618 1100 654 est
1126 626 1307 674 campus
1331 627 1492 668 arenae,

254 682 393 746 Quod
415 681 547 730 modo
572 694 739 748 pontus
764 694 878 740 erat3
906 702 1108 749 quosque
1132 683 1270 733 altum
1301 696 1467 735 texerat
1499 706 1673 754 aequor,

252 763 489 812 Exsistunt
510 776 707 822 montes,
737 775 780 811 et
804 783 977 830 sparsas
1001 764 1211 830 Cycladas
1235 779 1409 830 augent.

252 847 344 893 Ima
368 857 528 911 petunt
548 845 710 911 pisces;
737 865 816 893 nec
841 865 887 893 se
911 864 1045 911 super
1067 865 1242 912 aequora
1263 849 1384 895 curvi
1608 866 1674 899 265

250 926 426 975 Tollere
449 938 680 975 consuetas
703 927 866 974 audent
891 926 1119 993 delphines
1143 929 1190 975 in
1212 948 1351 977 auras.

254 1009 456 1074 Corpora
479 1007 722 1074 phocarum
744 1026 916 1055 summo
941 1009 1146 1074 resupina
1169 1011 1394 1075 profundo

252 1091 511 1139 Exanimata
532 1090 678 1154 jacent
700 1109 709 1137 :
735 1089 882 1154 ipsum
909 1109 1085 1156 quoque
1106 1092 1247 1140 Nerea
1269 1092 1383 1141 fama
1406 1105 1472 1141 est
1489 1131 1501 1151 ‚

252 1223 415 1258 dixerunt
431 1222 585 1257 Romani
599 1235 671 1256 non
688 1221 796 1256 modo
809 1221 931 1267 Hispa-

252 1276 349 1309 niam
367 1282 401 1309 et
414 1274 561 1309 Galliam
579 1301 587 1317 ,
614 1273 674 1308 sed
695 1274 800 1308 etiam
815 1300 824 1317 ‚
844 1286 932 1308 con—

254 1326 439 1362 suetudine
460 1325 666 1360 Graecorum
681 1352 690 1369 ‚
716 1325 825 1370 ipsam
851 1327 930 1360 Ita-

252 1380 355 1414 liam:
371 1378 448 1412 vide
467 1378 658 1423 Spanhem.
671 1377 714 1412 ad
729 1377 929 1413 callimach.

251 1433 286 1467 h.
297 1431 375 1466 Del.
390 1444 475 1465 vers.
492 1445 504 1464 1
513 1433 560 1475 74.
576 1449 619 1455 —
630 1433 750 1464 Rerum
758 1433 926 1473 potentia,

251 1482 440 1528 imperium
450 1482 541 1515 orbis
552 1488 736 1521 terrarum,
749 1481 840 1525 quod
854 1493 931 1526 pro-

251 1536 397 1570 missum
414 1541 464 1568 est
482 1534 606 1567 Romae
622 1533 665 1566 ad
685 1535 827 1566 Tiberim
837 1533 929 1574 sitae;

251 1585 311 1620 sed
328 1592 439 1630 poetae
455 1584 568 1618 fluviis
585 1583 763 1626 tribuunt,
780 1596 856 1628 quae
871 1597 931 1617 ur-

249 1638 350 1672 bibus
365 1636 600 1681 adjacentibus
614 1635 839 1670 conveniunt.

295 1690 369 1724 250.
389 1691 607 1732 Penelralque
617 1691 653 1721 in
672 1689 705 1720 T
700 1692 816 1721 artata
826 1690 929 1722 rimis.

252 1741 513 1778 Adumbratum
523 1739 590 1775 hoc
603 1753 643 1773 ex
657 1739 774 1785 Virgil.
786 1739 928 1774 AEneid.

252 1794 344 1829 VIII
358 1819 368 1836 ,
384 1792 538 1835 243-246
551 1817 560 1834 ‚
574 1791 632 1825 ubi
644 1790 824 1825 dehiscens
835 1798 929 1825 terra

250 1845 397 1881 recludit
414 1857 520 1890 regna
535 1843 659 1889 pallida
672 1870 680 1884 ,
703 1846 930 1888 trepidantque

249 1901 398 1932 immisso
407 1899 530 1930 lumine
538 1896 670 1928 Illam-s.
685 1894 786 1930 Idem
802 1896 929 1930 Noster

251 1949 379 1994 repetit
390 1948 422 1980 V
434 1974 442 1990 ‚
461 1947 535 1982 356.
551 1945 605 1981 Cf.
619 1947 767 1981 Homer.
778 1946 817 1981 Il.
827 1952 849 1981 Υ
860 1972 869 1989 ,
885 1947 924 1980 61

247 2015 320 2046 sqq.
346 2019 390 2026 —-·
417 2000 595 2045 Conjugem
607 2026 615 2041 ,
651 1999 897 2044 Proserpinam
916 2026 926 2044 ,

247 2053 338 2087 insra
354 2051 499 2085 demum
516 2052 635 2096 rapiet.

292 2104 366 2147 254.
398 2105 588 2137 Exsistunt.
624 2104 668 2137 In
701 2110 926 2149 conspectum

248 2155 426 2201 prodeunt
451 2180 461 2198 ‚
501 2161 670 2198 apparent
683 2180 692 2197 ‚
726 2156 863 2200 propria
893 2156 928 2190 vi

248 2208 344 2242 verbi
358 2222 366 2249 ;
384 2206 462 2241 vide
477 2206 633 2241 Gronov.
650 2206 691 2240 ad
709 2207 780 2242 Liv.
799 2208 904 2241 XXV
915 2235 925 2251 ‚

248 2273 301 2294 αι,
329 2251 371 2294 In
401 2257 513 2292 sundo
537 2257 641 2291 maris
663 2257 764 2291 multi
787 2265 927 2293 montes

245 2317 417 2356 surgunt,
447 2316 482 2343 et
496 2309 616 2343 insulae
638 2309 688 2342 nil
707 2309 799 2342 aliud
819 2317 923 2353 sunt,

247 2363 312 2398 nisi
324 2363 505 2398 cacumina
516 2362 702 2395 montium.
716 2361 840 2396 Manil.
853 2361 885 2396 d.
903 2362 924 2397 l.

245 2419 416 2451 Emarsere
426 2415 530 2458 srelis
543 2418 671 2448 montes
680 2441 688 2454 ,
709 2416 858 2458 orbisque
865 2427 929 2457 per

244 2472 354 2504 undas
366 2471 519 2503 Exsiliil.
533 2468 651 2503 Etiam
662 2467 696 2502 h.
707 2467 728 2502 l.
742 2480 832 2501 unus
850 2466 924 2500 Va-

244 2522 348 2556 tican.
371 2528 474 2565 atque
492 2534 583 2555 unus
606 2519 808 2554 Leidensis:
831 2522 925 2553 exsi—

242 2575 333 2606 liunt
348 2577 482 2607 montes.
503 2590 548 2597 -
566 2573 695 2616 Sparsae
710 2570 744 2606 h.
761 2571 780 2605 l.
802 2572 926 2617 Cycla-

243 2626 302 2657 des
312 2650 320 2663 ,
340 2635 541 2667 quanquam
553 2624 715 2667 Sporades
726 2650 734 2663 ‚
756 2623 776 2658 i.
788 2635 817 2658 e.
827 2635 922 2668 spar-

240 2686 290 2709 'sae
306 2674 426 2709 insulae
439 2701 449 2717 ,
466 2675 507 2708 ab
527 2674 579 2708 his
594 2674 747 2709 diversae.

287 2727 361 2761 265.
381 2729 451 2760 Nec
474 2740 511 2761 se
526 2740 627 2771 super
645 2741 774 2771 aquom
796 2734 860 2762 etc.
890 2727 921 2762 E

244 2778 409 2813 monstris
426 2778 567 2814 marinis
584 2785 695 2823 poetae
714 2778 920 2827 plerumque

988 1223 1119 1265 phocas
1133 1230 1169 1258 et
1184 1225 1359 1268 delphinos
1380 1234 1672 1262 commemorant.

994 1274 1049 1324 De
1061 1277 1449 1321 phocarum'corporibus
1463 1277 1612 1313 diximus
1627 1277 1671 1312 ad

994 1327 1012 1361 I
1024 1353 1033 1370 ,
1051 1328 1126 1363 300.
1137 1330 1335 1373 ——Delphis
1348 1329 1521 1364 Veterum
1535 1330 1672 1365 Linneo

995 1378 1121 1414 dicitur
1141 1381 1329 1424 Delphinus
1346 1382 1491 1425 Delphis·
1503 1409 1512 1422 ,
1538 1382 1672 1417 Nostris

995 1432 1055 1465 der
1068 1433 1397 1473 stramen—Curva
1409 1433 1454 1468 ob
1463 1432 1605 1469 dorsum
1619 1447 1673 1469 re-

994 1482 1162 1526 pandum.
1180 1484 1307 1518 Anacr.
1325 1483 1395 1519 Od.
1413 1496 1448 1519 LI
1462 1511 1472 1528 ,
1497 1499 1559 1531 27;
1584 1490 1673 1532 χορὸς

997 1537 1108 1578 ἰχθύων
1122 1538 1232 1583 κυρτός.
1250 1535 1374 1570 Solent
1384 1542 1501 1571 autem
1514 1536 1671 1583 delphini

994 1589 1117 1623 crebro
1140 1602 1159 1623 e
1179 1590 1267 1623 mari
1291 1590 1444 1634 exsilire,
1471 1598 1575 1636 atque
1597 1605 1669 1627 na-

993 1648 1106 1677 tantes
1131 1641 1323 1684 exsultare,
1350 1642 1445 1676 unde
1470 1649 1613 1692 χορευταὶ
1635 1651 1672 1679 et

992 1690 1172 1725 saltatores
1203 1691 1377 1726 dicuntur.
1409 1690 1464 1726 Cf.
1494 1693 1571 1734 111,
1603 1694 1670 1739 670

991 1756 1078 1788 sqq.;
1092 1743 1159 1779 vid.
1173 1744 1263 1778 Plin.
1275 1745 1323 1778 H.
1338 1745 1383 1779 N.
1397 1744 1449 1778 lx
1458 1770 1468 1788 ,
1480 1745 1560 1789 8‚et
1571 1747 1671 1781 Mul-

993 1795 1085 1830 lerus
1104 1795 1146 1829 ad
1163 1795 1290 1841 Linnei
1307 1795 1468 1843 Systema
1485 1797 1566 1833 Nat.
1588 1805 1612 1833 t.
1629 1799 1647 1833 I
1659 1825 1670 1841 ‚

992 1859 1024 1890 p.
1051 1847 1126 1880 505.
1157 1848 1278 1880 Jacere
1308 1846 1473 1881 dicuntur
1501 1848 1670 1883 cadavera

992 1898 1066 1932 sine
1091 1898 1268 1943 sepultura
1293 1899 1449 1943 abjecta,
1482 1907 1523 1934 ut
1545 1909 1670 1936 monet

992 1949 1115 1983 Burm.
1140 1949 1241 1984 Idem
1271 1957 1369 1995 putat
1383 1977 1393 1994 ,
1426 1957 1541 1986 totum
1570 1965 1668 1987 mare

992 2002 1171 2036 evanuisse
1189 2027 1198 2044 ,
1228 2008 1264 2037 et
1287 2014 1448 2036 summum
1465 2003 1668 2048 profundum

993 2054 1136 2099 explicat
1152 2066 1296 2088 arenam
1313 2066 1386 2087 non
1404 2054 1500 2099 aquis
1515 2061 1643 2090 tectam
1656 2084 1667 2101 ,

990 2105 1051 2139 sed
1068 2105 1202 2139 siccam.
1220 2105 1375 2140 Fallitur.
1393 2105 1495 2140 Mare
1510 2114 1670 2143 contrac-

991 2163 1069 2190 tum
1096 2155 1203 2190 modo
1227 2162 1302 2190 erat
1322 2181 1332 2199 ‚
1358 2162 1394 2190 et
1421 2156 1459 2191 in
1482 2157 1668 2202 superficie

990 2219 1088 2252 aquae
1098 2208 1267 2251 jacebant
1279 2210 1474 2241 exanimata
1487 2213 1661 2253 resupina,

992 2267 1033 2294 ut
1054 2260 1168 2294 solent
1189 2272 1335 2305 corpora
1355 2267 1496 2295 mortua
1516 2260 1555 2295 in
1575 2274 1665 2307 aqua

987 2319 1121 2347 natare.

1033 2364 1107 2399 268.
1128 2365 1262 2398 Jacent.
1290 2362 1411 2398 Codex
1435 2370 1556 2399 noster
1575 2364 1662 2409 Reg.

988 2416 1029 2450 B.
1048 2418 1211 2458 Natanoe'
1222 2415 1340 2449 minus
1356 2415 1456 2449 bene.
1477 2410 1521 2442 ·—'-
1538 2416 1662 2450 Heius.

988 2466 1132 2500 dederat
1147 2468 1357 2500 Exam'mala
1370 2470 1512 2510 natan&
1528 2466 1589 2500 sed
1597 2467 1665 2511 ja·-

986 2524 1063 2553 cenl
1075 2518 1249 2553 revocavit
1267 2519 1504 2554 Burmannus.
1528 2537 1572 2545 —
1589 2521 1663 2553 Do-

984 2573 1069 2605 rida.
1084 2570 1218 2605 Oceani
1231 2578 1267 2605 et
1278 2570 1433 2618 Tethyos
1445 2571 1551 2605 filiam
1562 2597 1572 2615 ‚
1589 2571 1662 2605 Ne-

984 2623 1036 2657 rei
1053 2635 1198 2657 uxorem
1210 2649 1220 2666 ‚
1246 2630 1397 2658 matrem
1413 2622 1663 2670 Nympharum

985 2675 1251 2709 maritimarum.
1269 2677 1334 2709 Ed.
1349 2692 1394 2702 -—-
1410 2675 1532 2709 Antris
1547 2674 1661 2708 Hein-

985 2727 1054 2762 sius
1068 2727 1191 2773 recipit
1205 2741 1245 2762 ex
1258 2727 1458 2762 melioribus
1470 2739 1534 2772 pro
1548 2728 1660 2760 undtlr.

988 2778 1134 2816 Codices
1156 2781 1288 2824 nostri,
1303 2783 1420 2817 antris.
1444 2798 1487 2805 —
1507 2780 1574 2813 Sub
1593 2792 1658 2814 an-
