1832 3100
288 226 370 288 ¹76

1609 24 1614 28 ,
1641 4 1675 22 w
1682 0 1703 23 ι’

653 228 706 271 Ρ.
747 228 987 274 OVIDII
1018 228 1321 275 NASONIS

283 342 308 362 >›
336 321 438 386 Ipse
463 331 588 383 agat;
614 331 665 369 ut
689 320 864 380 saltem,
890 322 993 371 dum
1017 336 1192 373 nostras
1216 336 1356 374 tentat
1378 324 1598 386 habenas,
1631 341 1698 387 390

280 418 306 440 2›
337 398 562 447 Orbatura
583 410 730 465 patres
753 399 990 466 aliquando
1013 401 1197 451 fulmina
1222 414 1374 469 ponat.

279 495 306 516 >›
336 475 454 523 Tum
477 474 605 532 sciet,
629 475 888 542 ignipedum
907 477 1020 525 vires
1039 490 1245 544 expertus
1263 498 1476 545 equorum
1490 515 1504 537 ‚

280 572 308 593 >›
336 551 438 599 Non
458 551 669 600 meruisse
693 570 866 611 necem,
892 553 969 619 qui
993 572 1084 601 non
1106 554 1218 602 bene
1241 555 1400 604 rexerit
1422 554 1536 603 illos.
1568 576 1591 598 »
1628 572 1634 579 ·

276 628 402 677 Talia
423 628 639 677 dicentem
660 630 943 678 circumstant
965 631 1112 679 omnia
1132 631 1282 680 Solem

277 706 471 754 Numina
489 726 499 764 ;
520 726 628 755 neve
649 707 756 755 velit
778 708 980 756 tenebras
1003 708 1210 757 inducere
1234 709 1389 767 rebus,

1630 724 1699 770 395

279 783 489 850 Supplice
512 804 617 832 voce
641 797 802 847 rogant
825 805 834 832 :
859 785 1020 834 missos
1046 806 1224 852 quoque
1245 786 1423 853 Jupiter
1444 787 1570 850 ignes

277 867 499 923 Excusat,
523 866 819 933 precibusque
842 867 983 915 minas
1006 867 1211 930 regaliter
1229 867 1366 915 addit.

281 947 467 1011 Colligit
489 960 704 1008 amentes,
731 961 774 997 et
798 949 941 998 adhuc
967 962 1132 998 terrore
1154 962 1363 1016 paventes

277 1031 477 1079 Phoebus
503 1049 666 1098 eqUOSJ
692 1032 962 1099 stimuloque
986 1033 1170 1081 domans
1195 1045 1239 1081 et
1260 1033 1439 1082 verbere
1464 1033 1614 1082 saevit:

280 1114 413 1163 Saevit
437 1115 582 1174 enim,
605 1127 847 1182 natumque
874 1116 1086 1180 objectat,
1111 1128 1156 1164 et
1177 1116 1367 1182 imputat
1385 1116 1486 1166 illis.

1637 1130 1704 1176 400

344 1199 426 1245 III.
453 1198 518 1246 At
539 1209 666 1264 pater
690 1197 973 1264 omnipotens
995 1198 1195 1261 ingentia
1216 1198 1376 1269 moenia
1399 1197 1491 1246 caeli

281 1340 354 1363 nas.
389 1327 594 1362 Periculum
617 1327 698 1362 facit
711 1354 720 1372 ,
749 1341 794 1361 an
820 1327 962 1363 flectere

283 1392 339 1414 eas
355 1379 470 1424 possit.
495 1380 548 1414 Ita
565 1384 692 1414 tentare
712 1384 827 1414 castra
840 1406 848 1419 ,
874 1393 965 1414 mare

283 1439 320 1466 et
336 1431 410 1466 alia.
426 1448 470 1458 —·
491 1432 659 1465 orbatum
683 1438 747 1466 etc.
772 1431 964 1478 Indignans

281 1483 456 1528 loquitur,
477 1483 574 1527 quasi
600 1483 741 1528 Jupiter
756 1483 828 1528 jam
848 1484 964 1529 plures

285 1542 398 1581 patres
414 1535 562 1570 fulmine
579 1535 765 1571 orbaverit.

327 1590 402 1635 392.
422 1590 628 1632 Ignipedum.
654 1589 820 1624 Heinsius
845 1589 964 1624 mallet

281 1644 512 1686 anguipedum.
544 1641 647 1676 Tales
672 1655 757 1676 vero
782 1642 862 1687 equi
889 1655 963 1676 non

285 1694 376 1728 bene
391 1693 557 1728 videntur
566 1693 640 1728 Soli
657 1693 742 1728 dari.
758 1694 880 1738 Unus,
896 1697 965 1728 ali-

284 1748 404 1789 pedum
416 1773 423 1786 ‚
442 1745 536 1790 quod
553 1758 626 1780 non
641 1746 775 1791 spernit
794 1747 964 1781 Burman.

286 1818 333 1825 —
345 1800 522 1843 Ignt'pedes
533 1799 614 1843 equi
628 1799 726 1833 valde
740 1799 964 1844 displicebant

291 1851 450 1886 Heinsio.
481 1850 553 1886 Sed
582 1851 680 1896 equis
700 1876 711 1894 ,
744 1852 802 1896 qui
832 1851 966 1886 vehunt

285 1904 402 1949 ignes,
420 1903 479 1948 qui
500 1903 596 1949 ignes
616 1906 652 1937 in
663 1909 798 1948 pectore
813 1906 938 1938 habent
949 1931 958 1946 ,

283 1960 377 2000 ignes
392 1969 447 1990 ore
456 1960 490 1989 el
498 1958 634 1989 naribus
649 1957 785 2000 efflant,
806 1956 847 1990 85
859 1982 868 1998 ,
884 1970 897 1990 1
907 1969 964 2003 19,

291 2010 351 2052 154
370 2035 378 2051 ,
405 2021 479 2042 non
498 2008 588 2042 male
605 2020 624 2041 a
640 2008 750 2053 poetis
765 2012 858 2053 &nei
862 2011 967 2052 pedes

289 2060 364 2094 dari
380 2060 557 2095 videntur.

328 2113 403 2159 395.
414 2114 502 2146 Neve
511 2114 595 2146 veli!
600 2114 763 2146 inducere.
771 2112 965 2157 Urbanius,

287 2176 392 2210 quam
402 2190 412 2207 ,
423 2176 468 2198 ne
479 2164 630 2198 inducat.
640 2181 684 2189 ·—
694 2166 765 2198 Bes
776 2192 784 2205 ,
799 2164 965 2199 mundus.

289 2217 377 2250 Mox
386 2215 549 2260 majestas
562 2216 658 2250 Jovis
674 2216 762 2250 bene
781 2223 910 2251 notata.
924 2235 968 2243 ——

288 2270 428 2307 Preces,
453 2268 578 2312 quibus
600 2269 698 2301 mt'noe
719 2267 898 2301 adduntur
912 2294 921 2311 ‚
949 2281 968 2302 a

292 2319 366 2355 Cic.
380 2319 485 2354 Attic.
498 2319 550 2353 IX
561 2345 570 2362 ‚
588 2330 632 2352 111
643 2344 653 2361 ,
670 2324 823 2357 armam,
854 2331 872 2352 a
885 2320 968 2353 Tac.

291 2372 387 2406 Ann.
406 2372 441 2406 II
453 2397 462 2414 ,
483 2372 522 2416 57
537 2396 546 2413 ‚
564 2375 774 2405 contumaces
792 2370 967 2405 dicuntur.

292 2423 396 2469 Apud
410 2423 551 2456 Lucian.
564 2422 655 2457 Dial.
673 2422 780 2456 Deor.
798 2424 851 2465 25,
864 2422 969 2467 Jupi—

289 2485 343 2511 ter
362 2477 442 2511 satis
455 2476 578 2511 acerbe
596 2476 632 2510 in
650 2475 850 2522 Apollinem
866 2476 967 2510 inve-

291 2530 387 2564 hitur
401 2556 409 2573 ,
430 2536 464 2564 et
481 2529 536 2564 ille
552 2543 588 2564 se
606 2543 760 2575 peccasse
775 2530 912 2564 fatetur.

336 2581 503 2627 398-.4oo.
521 2583 660 2625 Colligit
669 2586 816 2615 amenles
832 2588 895 2615 etc.
911 2580 970 2615 Fi-

292 2632 351 2666 des
373 2632 501 2666 horum
527 2646 690 2668 versuum
714 2633 861 2669 Heinsio
886 2646 969 2667 sus-

292 2690 391 2729 pecta
403 2690 487 2717 erat.
501 2684 728 2718 Burmannus
745 2685 886 2729 putabat
902 2684 969 2729 legi

1028 1331 1160 1364 verbere
1182 1331 1283 1363 coedit
1295 1342 1306 1363 ,·
1329 1341 1399 1374 quo
1410 1328 1497 1363 nihil
1516 1328 1702 1364 lucramur.

1029 1400 1073 1408 --
1085 1382 1276 1427 Perperam
1288 1381 1324 1415 hi
1331 1395 1448 1416 versus
1459 1381 1582 1416 Heius.
1593 1381 1704 1428 displi-

1028 1440 1126 1475 cent;
1142 1433 1232 1478 apud
1245 1445 1368 1468 omnes
1377 1432 1540 1479 leguntur
1550 1439 1585 1468 et
1594 1433 1705 1478 appri-

1028 1497 1086 1518 me
1104 1483 1216 1518 dolori
1231 1491 1379 1529 paterno
1394 1483 1620 1519 conveniunt.
1637 1485 1704 1518 Ed.

1030 1538 1122 1572 Nota
1132 1537 1340 1584 rhythmum
1350 1537 1387 1573 in
1394 1538 1507 1572 verbis
1517 1542 1665 1572 amentes
1671 1544 1706 1572 et

1023 1593 1192 1632 paventes.
1209 1587 1338 1622 Similis
1353 1588 1573 1634 negligentiae
1587 1600 1707 1623 exem-

1028 1638 1084 1683 pla
1101 1639 1263 1685 Heynius
1279 1638 1323 1673 ad
1340 1639 1462 1673 Tibul..
1473 1639 1489 1673 Ι
1501 1666 1510 1680 ,
1529 1650 1567 1673 1x
1579 1665 1589 1682 ,
1610 1639 1652 1674 23
1667 1639 1706 1673 in

1030 1690 1115 1725 Obs.
1127 1690 1274 1736 collegit.
1291 1691 1334 1724 In
1345 1704 1419 1735 sqq.
1434 1693 1629 1736 sthmsloquc
1640 1698 1710 1725 etc.-

1027 1742 1222 1776 luxuriatur
1248 1741 1368 1777 Ovidii
1391 1742 1586 1788 ingenium.
1626 1743 1707 1777 Hoc

1029 1796 1146 1839 enim,
1174 1795 1267 1840 quod
1290 1795 1451 1830 homines
1474 1796 1630 1831 furentes
1646 1796 1706 1830 sa-
1756 1824 1761 1830 .

1029 1862 1107 1883 cere
1119 1849 1252 1890 solent,
1271 1856 1309 1883 ut
1323 1849 1411 1883 iram
1424 1856 1588 1883 evomant
1601 1848 1636 1882 in
1651 1861 1707 1883 res

1028 1900 1185 1935 innoxias
1196 1928 1204 1941 ,
1224 1899 1314 1935 male
1329 1900 1505 1935 transtulit
1522 1899 1564 1934 ad
1575 1900 1705 1934 Deum.

1029 1972 1074 1979 -—
1093 1955 1228 1995 Soevlre,
1250 1954 1450 1989 verberibus
1469 1953 1597 1998 agitare
1612 1952 1706 1987 alios.

1037 2007 1173 2040 Verbere
1183 2032 1192 2046 ,
1215 2005 1361 2052 flagello.
1377 2023 1422 2032 -
1435 2006 1560 2041 Natum
1571 2031 1581 2046 ,
1600 2016 1706 2038 mor-

1030 2063 1103 2091 tem
1115 2057 1199 2091 nati.

1076 2110 1244 2154 401-530.
1259 2110 1296 2144 A
1298 2114 1314 2143 l
1315 2114 1416 2154 paler
1424 2113 1629 2154 ommjoolcns
1642 2114 1707 2143 etc.

1029 2164 1164 2207 Jupiler
1175 2162 1208 2196 vi
1226 2162 1426 2207 comprimit
1444 2163 1601 2203 Callisto,
1628 2161 1706 2207 Ly-

1030 2216 1147 2250 caonis
1160 2215 1266 2249 filiam
1277 2242 1287 2260 ,
1304 2229 1409 2261 quarn
1420 2222 1603 2261 propterea
1614 2215 1708 2248 Dia-

1030 2281 1076 2302 na
1086 2281 1104 2301 e
1116 2267 1223 2302 choro
1232 2280 1295 2302 suo
1308 2267 1468 2302 secedere
1479 2266 1577 2311 jubet
1589 2280 1597 2307 ;
1614 2266 1707 2299 Juno

1031 2327 1148 2354 autem
1159 2320 1196 2354 in
1203 2332 1314 2354 ursam
1320 2325 1443 2353 mutat.
1458 2319 1499 2352 In
1509 2329 1586 2351 eam
1596 2328 1707 2362 quum

1031 2373 1146 2406 Arcas
1158 2399 1166 2413 ,
1190 2372 1294 2417 ipsius
1309 2378 1345 2406 et
1360 2370 1458 2405 :Iovis
1474 2370 1563 2405 silius
1574 2396 1584 2414 ,
1610 2369 1706 2404 inci-

1032 2423 1137 2458 disset
1151 2449 1160 2467 ,
1183 2423 1304 2468 sagitta
1321 2435 1399 2456 eam
1418 2422 1621 2468 transfigere
1637 2434 1706 2466 pa-

1031 2475 1149 2515 rabat;
1177 2474 1236 2508 sed
1257 2473 1398 2519 Jupiter
1419 2474 1539 2508 ambos
1561 2479 1707 2518 repente

1032 2527 1191 2571 abreptos
1201 2526 1236 2560 in
1248 2526 1331 2560 caelo
1340 2525 1483 2560 collocat
1495 2550 1504 2568 ,
1524 2524 1706 2568 sideraque

1030 2578 1142 2612 vicina
1159 2578 1248 2612 sacit.
1269 2579 1404 2623 Nempe
1418 2603 1428 2621 ,
1446 2576 1598 2612 Arcades
1610 2602 1620 2619 ,
1646 2575 1708 2620 qui

1035 2629 1195 2666 Callistus
1227 2631 1424 2676 sepulcrum
1460 2628 1679 2664 ostentabant
1694 2653 1705 2671 ‚

1033 2684 1134 2718 Paus.
1146 2683 1238 2717 VIII
1250 2710 1259 2727 ‚
1274 2697 1307 2729 p.
1319 2684 1395 2729 571,
1409 2694 1555 2726 eamque
1569 2706 1578 2723 ,
1596 2691 1706 2725 quum

288 2735 394 2770 ctiam
416 2747 512 2779 posse
526 2762 535 2777 ,
575 2738 771 2780 stimuloque
785 2735 908 2779 furens
938 2739 973 2770 el
1033 2735 1069 2770 in
1089 2734 1172 2772 vivis
1190 2742 1297 2779 esset,
1324 2734 1533 2769 carissimam
1548 2731 1709 2767 habuisse
