1832 3100
319 223 1019 270 METAMORPHOSEON
1051 225 1182 270 LIB.
1218 227 1319 272 111.

1448 228 1533 271 223

112 318 436 369 Incustoditam
458 318 576 373 lente
602 318 723 367 videt
743 318 808 366 ire
827 318 1057 383 juvencam
1071 355 1083 376 ,
1500 336 1539 371 15

112 396 299 448 Nullum
326 395 494 446 servitii
516 396 693 459 signum
717 396 884 445 cervice
908 407 1143 459 gerentem.

114 473 438 541 Subsequitur,
463 491 709 541 pressoque
731 472 842 538 legit
861 474 1048 537 vestigia
1072 492 1249 537 gressu3

113 552 442 619 Auctoremque
462 552 543 601 viae
566 551 789 601 Phoebum
814 553 1061 602 taciturnus
1085 551 1253 601 adorat.

113 629 215 679 Jam
235 629 347 679 vada
369 623 575 697 Cephisi,
599 630 893 697 Panopesque
917 641 1111 679 evaserat
1133 647 1262 687 arva;

114 706 208 756 Bos
231 707 376 767 stetit;
405 718 450 756 et
471 706 634 756 tollens
658 708 897 774 spatiosam
921 707 1132 756 cornibus
1154 706 1256 756 altis
1501 735 1545 759 20

115 788 190 840 Ad
209 789 363 839 caelum
383 789 599 849 frontem,
623 790 880 854 mugitibus
896 789 1076 857 impulit
1098 808 1238 839 auras.

115 872 266 940 Atque
286 871 372 932 ita,
396 872 639 940 respiciens
663 872 847 921 comites
868 891 948 922 sua
969 884 1094 936 terga
1119 883 1353 939 sequentes
1368 910 1380 933 ,

67 964 77 977 ”
115 954 392 1015 Procubuit,
418 967 657 1023 teneraque
678 955 795 1004 latus
819 955 1028 1005 submisit
1051 955 1097 1003 in
1120 955 1273 1003 herba.

117 1037 312 1088 Cadmus
335 1039 429 1102 agit
450 1050 596 1102 grates
611 1076 623 1098 ‚
647 1038 980 1106 peregrinaeque
1005 1036 1158 1087 oscula
1180 1049 1306 1087 terrae

118 1182 200 1218 cino
227 1183 415 1219 Castalium
439 1189 552 1218 vocat.
578 1200 625 1210 ·—·
649 1183 773 1217 Presso
789 1208 798 1223 ‚

119 1233 232 1269 tardo.
249 1234 480 1270 Burmannus
494 1240 675 1280 comparat
689 1246 708 1268 e
726 1233 801 1267 Liv.

120 1296 242 1323 xxvm
252 1312 262 1330 ,
283 1287 324 1331 ¹4
342 1299 351 1322 ε
368 1288 543 1331 Hispanos
555 1299 675 1331 presso
693 1287 804 1330 gradu

120 1340 272 1374 incedere
283 1338 396 1384 jubet.
423 1339 516 1375 Lenz
541 1351 626 1374 vero
648 1350 657 1373 :
683 1352 802 1385 gressu

121 1391 292 1438 impresso
300 1392 337 1427 in
347 1392 496 1439 vestigiis
504 1405 625 1428 vaccae.
640 1410 684 1419 —
695 1393 802 1428 Ado-

121 1446 209 1478 ratio
229 1444 311 1480 alias
330 1444 435 1480 fiebat
459 1445 619 1480 formulis
635 1458 694 1480 ore
711 1457 803 1491 pro-

121 1495 199 1531 latis
206 1496 379 1543 certisque
389 1497 512 1533 ritibus
526 1512 535 1540 ;
552 1496 708 1532 Cadmus
719 1509 803 1532 vero

121 1547 216 1584 inter
225 1548 384 1584 eundum
392 1552 578 1585 taciturnus
591 1550 715 1595 gratias
727 1562 804 1595 age·

123 1599 182 1635 bat
205 1599 371 1646 Apollini.
395 1619 441 1628 --
459 1602 704 1646 Auctoremque
729 1604 804 1635 viae.

123 1650 354 1698 Gebhardus,
374 1651 481 1700 Crep.
496 1654 532 1695 1,
549 1667 587 1688 12
600 1679 610 1697 ‚
622 1653 724 1699 legit,
741 1666 804 1688 ac·-

122 1707 285 1750 torenque
292 1707 366 1747 vie,
385 1704 481 1751 quod
492 1705 721 1740 Burmannus
732 1717 803 1740 me-

76 1782 79 1785 ,
122 1756 191 1791 rito
205 1755 366 1803 ineptum
383 1756 524 1803 iudicat.
537 1775 583 1783 —
597 1757 717 1793 Nostri
735 1756 805 1792 Co-

123 1807 216 1844 dices
231 1808 334 1856 Regii
351 1809 483 1844 habent
499 1815 677 1846 auctorem.

170 1875 220 1910 ¹9·
233 1863 318 1898 Jarn
327 1865 420 1898 vada
435 1864 580 1908 Cephisi.
590 1863 647 1898 De
663 1865 806 1909 Cephiso

124 1914 203 1951 vide
218 1915 262 1951 ad
279 1917 296 1952 I
310 1943 320 1961 ,
346 1916 422 1964 369.
437 1934 482 1943 -
493 1919 712 1963 Panopesque
725 1931 807 1952 eoa-

124 1971 217 2001 serat
240 1979 333 2002 area.
363 1969 498 2012 Panope
520 1975 580 2002 aut
606 1970 805 2011 Panopeus,

127 2019 208 2054 urbs
223 2017 398 2055 Phocidis.
425 2019 610 2054 Mediceus
622 2045 632 2063 ,
651 2019 755 2055 Basil.
773 2025 809 2054 et

127 2070 285 2107 Gronov.
299 2074 455 2116 Panopes
468 2076 630 2106 evaserat.
641 2072 810 2106 Heinsius

127 2123 346 2168 conjecturat
360 2125 538 2168 Panopea,
566 2130 606 2158 ut
628 2131 717 2158 esset
739 2137 809 2170 ap·-

128 2175 261 2221 positio.
288 2176 405 2212 Etiam
423 2177 652 2212 Burmannus
668 2178 810 2223 putabat

127 2229 256 2264 rectius
284 2229 387 2265 scribi
418 2231 578 2273 Panopea
595 2257 604 2268 ‚
640 2229 811 2275 oppidum

128 2281 226 2315 enim
255 2281 433 2325 Panopeus
458 2293 477 2315 a
505 2281 678 2316 Strabone
692 2308 701 2324 ,
730 2282 783 2317 IX
799 2309 809 2326 ,

128 2345 160 2377 p.
177 2332 242 2377 416
255 2358 265 2377 ,
292 2332 361 2367 dici
376 2339 412 2367 et
426 2345 445 2366 a
461 2333 633 2367 Pausania
646 2360 656 2377 ‚
682 2333 715 2368 X
729 2360 739 2378 ,
761 2335 782 2378 4
799 2360 809 2378 ,

126 2384 208 2420 licet
231 2397 250 2419 a
275 2384 457 2431 Stephano
485 2389 605 2427 Πανόπη
638 2394 783 2422 vocetur
799 2413 810 2431 ,

127 2436 298 2472 Salmasio
308 2444 344 2472 et
354 2437 517 2472 Berkelio
527 2437 812 2474 defendentibus.

126 2507 171 2516 -—
188 2490 306 2525 Nostri
324 2490 425 2536 Regii
444 2490 530 2525 dant
546 2493 774 2536 Panopesque.

173 2554 226 2577 no.
251 2543 324 2576 Bos
347 2545 450 2577 stetit.
481 2542 603 2577 Codex
624 2544 756 2590 Regius
778 2543 813 2578 A

130 2594 220 2630 male
230 2620 239 2638 ‚
251 2597 406 2629 constiti!
415 2604 427 2635 ‚⁶
443 2594 529 2629 alter
539 2594 569 2630 B
579 2621 588 2638 ,
598 2599 699 2630 stelit.
710 2613 755 2623 —
764 2596 814 2631 11-

129 2645 190 2682 lud
203 2649 264 2681 bos
279 2649 376 2679 stetit
387 2652 422 2679 et
424 2648 604 2690 procubuit
613 2648 812 2691 exornavit,

132 2709 248 2732 mores
254 2697 363 2732 boum
371 2710 473 2732 erran
478 2698 567 2732 tium
574 2697 814 2733 describendo.

132 2768 175 2776 —-
194 2750 389 2799 Spatiosam
415 2749 545 2787 habeut
574 2750 652 2786 libri
678 2757 815 2789 veteres

868 1194 998 1227 magno
1008 1193 1161 1216 numero
1172 1182 1427 1227 praelatumque
1441 1189 1493 1218 est
1505 1183 1548 1217 ab

869 1234 1019 1270 Heinsio
1035 1241 1070 1269 et
1090 1233 1283 1269 Gehhardo
1297 1234 1445 1281 vulgatae
1469 1235 1549 1271 lect.

866 1289 1065 1330 speccbsam.
1092 1304 1137 1313 --
1156 1285 1267 1320 Recte
1292 1287 1482 1330 Spatt'osarn
1508 1299 1551 1321 ex

870 1335 1058 1372 Codicibus
1075 1337 1204 1383 Regiis.
1217 1356 1261 1363 —
1276 1339 1466 1382 Spatmsam
1476 1364 1484 1379 ‚
1506 1339 1551 1373 la-

868 1396 951 1424 tam.
967 1390 1055 1424 Mox
1070 1403 1174 1425 versu
1189 1391 1230 1425 56
1240 1415 1251 1434 ,
1270 1394 1454 1434 spatiosum
1468 1403 1551 1424 cor-

861 1455 940 1487 pus,
955 1449 990 1477 et
1003 1455 1106 1478 versu
1119 1444 1176 1490 95,
1193 1446 1339 1487 spatium
1353 1445 1471 1477 hostzs.
1484 1443 1552 1477 Bo-

866 1508 927 1530 ves
944 1494 1092 1540 spatiosa
1106 1495 1224 1529 fronte
1237 1493 1369 1530 Graecis
1384 1494 1553 1530 dicuntur

868 1549 1070 1594 εὐρυμέτωποι
1078 1572 1088 1591 ,
1106 1549 1389 1592 εἰη-λατυμὲτωποι·
1400 1548 1551 1583 Homer.

867 1598 903 1634 h.
922 1600 1035 1635 Merc.
1054 1600 1129 1635 355.
1149 1599 1201 1634 Hi
1218 1599 1342 1645 optimi
1364 1599 1552 1635 habeban-

868 1658 944 1687 tur:
954 1652 1081 1687 Varro.
1093 1651 1137 1686 R.
1148 1651 1192 1686 R.
1205 1652 1241 1686 ΙΙ
1250 1679 1259 1693 ,
1280 1655 1318 1694 5;
1333 1650 1551 1695 Colum.V1‚

872 1718 886 1739 1
904 1731 914 1748 ‚
938 1704 998 1739 ubi
1018 1705 1125 1739 etiam
1142 1717 1269 1738 cornua
1280 1717 1422 1749 procera
1442 1711 1477 1739 et
1497 1719 1554 1740 ro-

868 1760 968 1793 busta
975 1757 1417 1801 laudantur.—-·Muguibus‚
1428 1757 1465 1791 in
1477 1769 1554 1791 ora-

869 1809 948 1844 culo
974 1808 1154 1854 Apollinis
1176 1815 1320 1843 vocatur
1341 1835 1350 1852 ,
1388 1811 1524 1858 ἔρίμυκας
1543 1834 1553 1852 ,

869 1863 970 1895 valde
985 1865 1145 1905 mugiens.
1167 1879 1214 1886 --
1233 1861 1371 1904 Impelli
1383 1860 1555 1894 clamori-

871 1914 936 1948 bus
950 1926 968 1947 a
984 1913 1095 1958 poetis
1112 1912 1280 1947 dicuntur
1292 1924 1365 1945 non
1377 1911 1485 1946 modo
1499 1925 1557 1947 au-

871 1978 928 2000 res
942 1991 951 2008 ‚
969 1963 1030 1999 sed
1047 1971 1084 1998 et
1097 1976 1208 2007 aurae,
1226 1971 1366 1999 montes
1379 1970 1444 1999 ete.

917 2030 970 2050 22.
989 2016 1101 2060 Atque
1123 2020 1174 2050 1'ta
1189 2042 1197 2056 ,
1223 2027 1294 2060 quo
1313 2015 1404 2050 sacto
1418 2041 1428 2059 ,
1451 2022 1491 2050 ut
1514 2016 1531 2050 I
1545 2042 1555 2059 ,

873 2069 947 2114 377.
958 2085 1003 2095 —
1014 2069 1169 2102 Comites.
1184 2068 1333 2102 Pausan.
1343 2071 1392 2102 τὸν
1405 2072 1458 2102 σὺν
1474 2070 1558 2115 αὐτῷ

873 2123 995 2170 epatiu-
1006 2138 1052 2146 --
1060 2121 1170 2154 Latus
1177 2146 1184 2160 ,
1199 2131 1325 2164 corpus
1334 2145 1344 2162 ,
1355 2122 1556 2160 submittere,

874 2179 952 2215 aut,
969 2180 1009 2207 ut
1022 2172 1058 2206 II
1069 2198 1080 2215 ‚
1097 2171 1180 2214 865,
1198 2173 1375 2216 deponere,
1397 2172 1559 2207 sormulae

873 2224 1047 2259 solemnes
1064 2222 1107 2257 de
1125 2223 1391 2268 procumbente.
1410 2224 1452 2258 In
1467 2236 1559 2258 orac.

874 2283 983 2313 κλίνειν
1006 2280 1086 2322 γόνυ.
1109 2275 1227 2311 schol.
1253 2277 1362 2311 Hom.
1380 2276 1422 2310 ad
1445 2276 1485 2312 Il.
1509 2283 1532 2311 B
1549 2303 1560 2319 ‚

874 2331 953 2376 494,
967 2330 1120 2370 οἰιλήσασα
1131 2330 1280 2369 ἀνικλίθη.
1291 2329 1441 2363 Pausan.
1454 2333 1555 2373 ’ἔμελλε

874 2391 1014 2428 καμοῦσα
1042 2385 1187 2419 baldurno.
1226 2383 1375 2417 Pausan.
1406 2396 1438 2427 p.
1469 2382 1532 2428 733
1548 2408 1560 2427 ‚

875 2443 999 2471 narrat
1011 2462 1020 2479 ‚
1038 2448 1102 2470 suo
1116 2435 1230 2470 adhuc
1245 2442 1404 2480 tempore
1423 2433 1563 2468 ostendi

875 2489 993 2523 locum
1006 2488 1062 2522 ubi
1075 2488 1137 2522 bos
1147 2487 1372 2532 procubuerit
1383 2513 1392 2529 ,
1402 2486 1437 2520 in
1448 2499 1561 2531 eoque

876 2557 948 2579 esse
966 2555 1063 2576 aram
1081 2554 1163 2576 curn
1176 2541 1276 2586 signo
1294 2540 1487 2583 Minervae,
1504 2539 1562 2574 de-

877 2596 1027 2630 dicatam
1045 2607 1064 2628 a
1082 2593 1231 2628 Cadmo.

923 2648 974 2690 24.
994 2647 1241 2689 Peregrinoeque
1256 2646 1374 2678 oscula
1384 2648 1488 2678 Aerrae.
1506 2642 1562 2677 De

877 2698 945 2732 hoc
964 2709 1062 2731 more
1080 2695 1252 2731 salutandi
1269 2703 1378 2731 terras
1399 2695 1563 2741 peregri—

879 2762 964 2796 nas,
989 2761 1097 2796 quem
1114 2747 1207 2794 apud
1229 2755 1349 2794 poetas
1364 2747 1465 2794 prisci
1491 2747 1563 2781 ho-
