1832 3100
386 209 1104 258 METAMORPHOSEON
1148 212 1277 258 LIB.
1315 214 1354 258 1.

1523 231 1582 277 97

151 304 325 373 Sponte
345 322 426 354 sua
446 304 651 372 peperit3
679 286 919 371 postquam
939 315 1066 352 vetus
1088 304 1250 354 humor
1272 306 1327 355 ab
1352 306 1455 371 igne

148 381 372 432 Percaluit
393 380 510 431 Solis
524 419 536 441 ‚
563 400 826 449 coenumque
849 380 1034 448 udaeque
1059 380 1246 449 paludes

147 461 404 515 Intumuere
429 471 561 518 aestu;
586 459 863 526 fecundaque
886 459 1054 508 semina
1072 477 1245 519 rerum,

147 536 299 587 Vivaci
321 537 492 586 nutrita
517 536 640 596 solo,
666 556 746 586 ceu
769 537 920 586 matris
944 537 992 584 in
1017 535 1115 585 alvo

146 617 412 675 Creverunt‚
437 616 682 683 faciemque
704 615 897 683 aliquam
921 634 1076 682 cepere
1101 614 1330 664 morando.

145 696 221 745 Sic
242 695 325 745 ubi
347 696 544 749 deseruit
565 695 768 744 madidos
790 694 1076 762 septemfluus
1100 712 1232 756 agros

142 774 275 825 Nilus
291 811 304 833 ‚
330 785 375 823 et
395 774 584 840 antiquo
610 792 690 822 sua
711 772 895 821 flumina
917 772 1113 821 reddidit
1135 771 1259 821 alveo
1275 809 1287 830 ‚

141 851 442 919 AEtherioque
464 870 617 900 recens
641 851 804 899 exarsit
823 850 965 898 sidere
988 849 1148 908 limus3

143 929 344 979 Plurima
367 928 562 978 cultores
588 929 727 978 versis
751 927 957 977 animalia
980 927 1124 991 glebis

1512 941 1580 988 425

138 1009 402 1068 Inveniunt3
424 1020 470 1057 et
490 1008 539 1056 in
559 1007 631 1056 his
659 1006 859 1075 quaedam
881 1005 1017 1054 modo
1045 1016 1213 1072 coepta,
1241 1005 1324 1054 sub
1345 1004 1494 1073 ipsum

135 1169 178 1194 lx
190 1186 199 1194 .
216 1160 270 1194 25.
282 1157 401 1193 Etiam
417 1156 562 1192 Aristot.
577 1156 626 1190 H.
642 1155 685 1190 A.
702 1156 751 1199 V,
769 1167 825 1202 19,

137 1211 251 1258 placet
269 1237 279 1255 ‚
303 1210 399 1246 nasci
423 1208 586 1244 animalia
611 1220 653 1242 ex
678 1220 766 1253 aqua
790 1213 827 1242 et

135 1263 216 1298 solis
222 1262 337 1298 calore
347 1288 357 1305 ,
370 1268 478 1297 vento
488 1260 637 1306 adjuvan
643 1267 688 1295 te.
699 1259 826 1294 Talem

136 1314 421 1362 procreationem
432 1312 594 1348 describit
612 1312 751 1347 Lucret.
767 1313 821 1356 V,

138 1368 315 1416 793-8153
332 1379 440 1413 quem
453 1366 518 1401 loc.
530 1378 610 1401 cum
622 1365 690 1401 hoc
700 1372 822 1400 nostro

134 1420 307 1455 conseras:
318 1419 445 1464 Neque
459 1417 593 1452 mirum
604 1424 656 1452 est
667 1443 677 1461 ,
696 1416 821 1462 cupide

133 1472 307 1509 Nostrum
321 1471 396 1508 haec
405 1471 590 1518 arripuisse
605 1497 615 1515 ‚
632 1471 742 1516 iisque
754 1471 821 1504 im-

133 1523 313 1560 moratum
331 1538 424 1569 esse,
447 1523 490 1559 ad
509 1523 683 1571 Pythonis
704 1523 820 1569 origi—

132 1589 219 1612 nem
235 1576 489 1623 expediendam
502 1602 512 1620 ,
533 1588 640 1622 quem
657 1575 714 1610 alii
731 1583 819 1610 tan—-

130 1636 210 1665 tum
228 1630 312 1665 terri
337 1642 443 1664 enam
457 1636 594 1664 vocant.
610 1646 655 1655 —-
665 1630 819 1662 Diversis

129 1677 298 1710 animalia
324 1678 445 1715 ormis,
466 1673 602 1708 diversa
612 1672 817 1708 animalium

130 1740 284 1774 genera,
313 1739 468 1773 quorum
494 1725 684 1762 discrimen
697 1726 817 1771 forma

128 1787 280 1822 maxime
295 1786 339 1822 fit
353 1786 592 1833 conspicuum.

173 1841 213 1885 4¹
221 1853 250 1886 7.
263 1840 387 1884 Sponte
396 1852 476 1880 sua,
499 1838 575 1874 sine
589 1838 724 1874 semine
737 1839 816 1874 ani-

127 1892 231 1937 mali,
256 1905 323 1927 nec
346 1890 590 1927 intercedente
613 1904 721 1937 opera
743 1891 814 1926 Dei

127 1945 362 1981 aut'hominis
383 1944 537 1990 alicujus.
556 1962 601 1970 —
623 1947 728 1980 Vetus
741 1946 814 1979 bu-

125 2010 214 2038 mor,
234 2010 324 2043 aqua
340 1996 384 2031 ab
402 1996 566 2032 eluvione
587 1996 625 2030 in
642 1996 725 2030 locis
742 1996 814 2030 de-

126 2050 252 2095 pressis
264 2049 384 2084 relicta
396 2061 404 2084 :
419 2051 465 2083 ab
477 2061 616 2083 causam
628 2048 791 2093 exprimit
799 2074 810 2092 ,

127 2114 192 2147 per
206 2114 314 2148 quam
334 2100 375 2136 fit
390 2100 519 2146 aliquid
533 2126 542 2143 ,
566 2107 606 2134 ut
622 2112 704 2134 mox
720 2100 781 2145 431
797 2126 808 2145 ,

127 2154 183 2189 IV
193 2157 206 2198 ’,
227 2156 291 2190 282
304 2180 313 2198 ,
330 2158 427 2188 salos
442 2156 486 2188 ab
505 2156 613 2187 imbri.

170 2208 192 2251 4
198 2207 246 2242 ι8.
255 2208 437 2241 Per-caluit.
446 2206 554 2241 Multi
564 2208 722 2241 Incaluit.
728 2206 810 2241 Me-

95 2284 100 2287 >
125 2259 384 2304 die.praecalu1'!.
402 2278 446 2286 —
462 2259 582 2295 Nostri
596 2272 680 2295 vero
694 2259 809 2295 Codd.

118 2315 297 2357 percaluit.

168 2365 244 2413 4¹9·
271 2366 460 2400 Inlumuere
474 2391 484 2407 ,
509 2363 617 2399 veluti
643 2364 809 2400 mulieres

123 2417 284 2463 gravidoe.
303 2418 438 2453 Eadem
457 2418 688 2464 comparatio,
708 2419 781 2454 VII
795 2445 806 2464 ‚

128 2470 209 2513 126,
222 2477 258 2504 et
275 2469 414 2505 Lucret.
430 2471 477 2515 V,
492 2472 557 2505 805
573 2484 667 2516 sqq.,
684 2484 808 2506 cresce-

122 2527 208 2560 bant
213 2527 398 2558 ulen'lerroe
403 2526 574 2559 radicibus
580 2526 807 2569 apli—Semi—

121 2590 170 2613 na
177 2588 296 2615 mrum,
309 2576 422 2622 prima
433 2577 635 2612 animalium
646 2579 806 2613 stamina.

165 2631 242 2674 4²⁰·
269 2630 379 2664 Vivam
399 2628 433 2663 h.
456 2629 474 2663 l.
499 2629 590 2674 quod
604 2630 711 2664 vitam
726 2630 804 2674 dat,

120 2682 288 2716 belebend.
318 2679 415 2715 Raro
439 2681 486 2715 ita
511 2682 672 2716 occurrit.
694 2682 806 2715 Terra

121 2740 241 2770 autem
263 2733 413 2768 humore
432 2732 584 2778 quodam
601 2733 680 2768 lacti
702 2733 806 2769 simili

253 2801 360 2846 ΙΙΙ.

892 1155 996 1190 soetus
1014 1154 1089 1190 illos
1106 1155 1218 1190 alebat
1234 1169 1275 1190 ex
1297 1163 1418 1191 mente
1438 1156 1580 1192 Lucret.

893 1207 926 1242 d.
944 1208 965 1242 l.
985 1207 1041 1243 Cf.
1057 1208 1213 1243 Lactant.
1233 1209 1346 1243 Instit.
1365 1209 1401 1243 II
1414 1234 1423 1252 ‚
1450 1223 1498 1243 ιι.

939 1261 1014 1304 421.
1031 1262 1167 1295 Faciem
1177 1263 1338 1305 aliquam,
1356 1261 1507 1295 sormam
1521 1275 1582 1296 ex·-

890 1325 1045 1357 pressam
1071 1313 1229 1347 animalis
1256 1312 1438 1358 cujusdam
1465 1315 1581 1348 :Hb-1

889 1367 990 1399 mt‘nis
996 1364 1128 1408 faciem
1143 1378 1270 1400 sumere
1289 1372 1363 1409 est,
1384 1365 1457 1400 VII
1468 1392 1477 1410 ,
1505 1366 1579 1401 126.

886 1438 931 1447 —-
945 1421 1117 1466 Aliquam.
1136 1419 1224 1456 Obr.
1243 1420 1334 1455 Cod.
1351 1423 1467 1456 aliam.

931 1474 1006 1517 422.
1028 1474 1244 1518 Septemstaus
1266 1476 1377 1508 Nilus.
1404 1474 1579 1520 Exemplo

886 1524 1038 1560 declarat
1051 1552 1060 1569 ,
1087 1526 1224 1571 reliqua
1241 1526 1403 1561 animalia
1419 1539 1460 1561 ex
1482 1534 1576 1562 terra

883 1584 1008 1623 sponte
1023 1577 1125 1612 fuisse
1143 1585 1240 1620 orta3
1259 1578 1359 1613 Nilus
1371 1586 1491 1613 autem
1503 1579 1576 1614 ssu-

883 1630 959 1664 vius
987 1656 996 1674 ,
1047 1630 1190 1676 singulis
1232 1630 1427 1676 quibusque
1472 1632 1574 1667 annis

883 1683 1079 1730 AEgyptum
1087 1683 1279 1727 inundans,
1287 1683 1489 1719 soecundam
1498 1698 1572 1719 non

881 1735 996 1770 solum
1009 1737 1275 1771 frumentorum
1287 1763 1296 1780 ,
1313 1736 1373 1771 sed
1391 1737 1571 1771 variorum

882 1800 1022 1833 quoque
1041 1788 1247 1823 animalium
1256 1801 1334 1823 eam
1347 1788 1474 1823 reddit.
1486 1788 1571 1835 Sep-

881 1840 1048 1876 temssuus
1068 1840 1198 1876 idcirco
1219 1841 1349 1875 dicitur
1370 1840 1463 1886 quod
1480 1849 1570 1887 sep·-

879 1902 954 1930 tem
986 1896 1080 1930 ostiis
1111 1896 1149 1929 in
1176 1907 1274 1929 mare
1305 1894 1471 1940 erumpit.
1502 1897 1571 1930 Ed.

879 1947 1031 1991 Noster,
1048 1947 1106 1982 lib.
1125 1947 1172 1991 V,
1196 1948 1270 1993 187,
1287 1950 1510 1993 septemplex,
1534 1954 1572 1982 et

879 1999 978 2045 Virg.
991 1998 1132 2034 AEneid.
1146 1999 1199 2034 Vl
1209 2025 1219 2043 ‚
1232 1999 1298 2033 800
1309 2025 1318 2043 ,
1335 2004 1568 2044 septemgem1-

877 2064 950 2086 nus.
961 2070 1005 2077 —
1014 2052 1177 2096 Antiquo,
1191 2064 1310 2096 quem,
1322 2057 1403 2086 ante
1413 2051 1568 2087 inunda-

876 2104 1011 2139 tionem
1026 2130 1035 2148 ‚
1051 2104 1272 2149 sequebatur.
1290 2103 1383 2138 Vide
1401 2117 1506 2150 supra
1519 2104 1564 2139 ad

875 2171 963 2194 vers.
983 2158 1055 2192 116.
1071 2158 1197 2204 Pomp.
1214 2157 1332 2201 Mela,
1351 2158 1368 2193 1
1381 2184 1390 2201 ,
1410 2169 1472 2202 11,
1491 2157 1532 2192 32
1552 2171 1561 2193 :

873 2212 936 2245 ubi
945 2211 1048 2245 Nilus
1064 2223 1102 2244 se
1118 2212 1191 2244 sibi
1201 2211 1356 2244 reddidil.

917 2263 993 2306 424.
1009 2263 1194 2297 AElherium
1203 2264 1309 2302 sidus,
1321 2261 1372 2296 sol
1381 2261 1417 2295 in
1429 2260 1562 2296 aethere

873 2327 1069 2360 suspensus.
1080 2315 1202 2360 Eurip.
1218 2314 1348 2349 Electr.
1362 2314 1426 2358 465
1439 2326 1447 2348 :
1459 2315 1564 2360 ἅςρων

874 2370 1001 2418 αἰθέριοι
1027 2373 1123 2413 χοροί.
1149 2369 1291 2408 limus,
1328 2378 1436 2411 quem
1459 2365 1562 2400 Nilus

873 2433 914 2455 ex
930 2420 1110 2466 AEthiopia
1132 2432 1252 2455 secum
1276 2419 1355 2452 sert.
1382 2417 1462 2452 Vid.
1486 2417 1561 2451 Se-

873 2487 959 2509 neca
985 2474 1065 2509 Nat.
1091 2474 1226 2518 Quaest.
1245 2473 1298 2507 IV
1314 2499 1323 2516 ,
1344 2485 1362 2505 2
1377 2499 1386 2515 ,
1410 2478 1446 2505 et
1471 2473 1562 2506 Ver-

872 2529 1013 2561 me'scbte
1027 2528 1215 2572 Beylraege
1235 2538 1299 2559 zur
1311 2526 1445 2571 physic.
1461 2524 1562 2558 Erd-

873 2580 999 2612 beschr.
1035 2579 1289 2620 Brundenburg.
1335 2576 1418 2622 1773
1437 2601 1446 2620 ,
1482 2589 1560 2621 pag.

922 2683 998 2726 426.
1031 2684 1216 2717 Inveniam.
1246 2682 1440 2728 Disputant
1475 2682 1564 2716 Intt:

873 2734 968 2770 unde
980 2735 1160 2782 pendeant
1175 2736 1282 2771 verba
1290 2739 1352 2772 sub
1362 2740 1470 2781 insum
1480 2748 1565 2771 nas-

1355 2822 1379 2864 7
