1832 3100
357 208 446 253 DE
477 206 710 251 OPERE
752 204 1481 250 METAMORPHOSEON.
1583 208 1639 251 23

203 301 342 367 Quod
356 299 471 349 idem
483 298 718 357 variatum,
737 299 852 357 VII,
882 297 971 366 781
996 317 1094 365 sqq.
1113 297 1241 346 Adde
1255 299 1299 347 II
1312 336 1324 357 ‚
1347 297 1438 347 861
1458 337 1470 358 ‚
1493 298 1642 350 lusum

200 387 393 452 Europae
406 395 450 433 et
462 383 558 433 falsi
579 382 716 442 tauri3
738 385 828 442 III,
848 381 911 431 66
931 402 1047 450 sqq„
1063 393 1312 449 serpentem
1331 383 1486 433 Cadmi
1498 383 1644 450 jaculo

201 466 504 526 vulneratum;
535 466 624 515 125
647 475 744 535 sqq.
762 504 774 526 ‚
796 466 1022 517 Actaeonis
1038 486 1118 534 per
1141 486 1270 517 canes
1290 466 1644 526 dilaniationem3

201 552 294 610 IV,
322 550 444 611 358,
483 550 740 602 Salmacidis
767 563 811 600 et
828 549 1198 619 Hermaphroditi
1223 550 1401 601 luctam.
1429 552 1499 601 lb.
1523 551 1644 614 480,

318 697 329 707 .
345 697 355 707 .
372 697 383 707 .
413 668 627 723 Tisiphone
647 668 888 709 madefactam
911 668 1095 725 sanguine
1117 667 1234 708 sumit

300 731 535 789 'Importuna
556 734 674 775 facem
688 765 700 786 ‚
719 735 916 789 fluidoque
941 749 1079 775 cruore
1101 733 1304 774 rubentem

311 800 492 841 Induitur
513 801 647 856 pallam
662 831 675 851 ‚
694 809 878 855 tortoque
899 801 1108 858 incingitur
1126 815 1250 858 angue
1266 831 1279 852 ‚

309 867 596 923 Egrediturque
616 868 747 908 domo.
775 869 923 908 Luctus
946 868 1152 909 comitatur
1173 877 1330 909 euntem

309 934 364 974 Et
383 934 532 987 Pavor,
551 943 592 976 et
612 936 759 976 Terror
773 965 786 986 ‚
805 935 1034 990 trepidoque
1052 937 1203 978 Insania
1226 936 1349 978 vultu.

201 1039 403 1088 Incessus
438 1039 601 1104 reginae
636 1040 840 1108 superbae
869 1041 1155 1108 ejusdemque
1175 1040 1299 1091 iratae
1321 1039 1528 1098 mirifice,
1557 1040 1646 1095 Vl,

208 1121 297 1171 165
311 1161 325 1183 ,
347 1135 530 1173 notatus
549 1141 561 1170 :

311 1241 414 1280 Ecce
435 1240 543 1281 venit
561 1240 747 1281 comitum
766 1239 896 1281 Niobe
917 1240 1160 1282 celeberrima
1178 1241 1289 1282 turba
1302 1271 1315 1293 ‚

313 1306 494 1347 Vestibus
513 1307 662 1347 intexto
683 1307 863 1364 Phrygiis
883 1308 1098 1363 spectabilis
1114 1323 1209 1349 auro
1223 1338 1237 1357 ‚

311 1374 391 1425 Et,
408 1382 594 1429 quantum
607 1374 662 1414 ira
681 1375 796 1424 sinit,
818 1373 1010 1423 sorm0s23
1033 1389 1271 1429 movensque
1288 1374 1432 1416 decoro

314 1440 416 1481 Cum
434 1442 557 1496 capite
572 1442 764 1484 immissos
779 1442 982 1483 humerum
996 1456 1065 1497 per
1081 1450 1289 1496 utrumque
1304 1442 1461 1497 capillos

313 1506 503 1549 Constitit
519 1523 530 1548 2
549 1517 671 1563 utque
686 1509 822 1550 oculos
843 1510 1079 1550 circumtulit
1098 1509 1171 1550 alta
1190 1508 1378 1564 superbos
1391 1538 1404 1559 ‚
1424 1516 1500 1549 etc.

202 1616 403 1680 Pugnam
421 1617 570 1667 Persei
590 1637 691 1667 cum
708 1617 859 1668 bellua
875 1618 1041 1668 marina
1056 1656 1068 1678 ‚
1097 1620 1163 1668 IV
1177 1656 1189 1678 ‚
1222 1636 1317 1686 710
1333 1656 1346 1677 ‚
1377 1617 1653 1667 venationem

201 1699 304 1753 ferae
326 1701 552 1752 Thebanae
568 1739 580 1761 ‚
604 1703 694 1751 VII
708 1740 721 1761 ‚
755 1701 848 1769 765
863 1739 876 1761 ‚
899 1714 945 1751 et
961 1702 1059 1770 apri
1079 1700 1315 1770 Calydonii
1330 1739 1344 1761 ,
1368 1702 1509 1758 VIII,
1534 1698 1652 1766 329,

202 1785 305 1853 quis
327 1805 506 1838 narrare
531 1786 807 1851 ingeniosius
823 1786 998 1854 possit?
1022 1787 1182 1855 Byblis
1199 1786 1324 1837 fratri
1343 1786 1494 1836 literas
1512 1785 1655 1852 scrip-

203 1881 327 1930 tura,
350 1872 444 1930 IX,
466 1870 555 1919 521
581 1891 592 1920 ε

268 1989 271 1991 ’
309 1995 453 2035 Dextra
472 2001 580 2036 tenet
601 1993 768 2045 ferrum,
789 2009 947 2035 vacuam
967 2001 1072 2035 tenet
1090 1993 1207 2035 altera
1227 2006 1363 2034 ceram.

314 2066 459 2121 Incipit
478 2075 518 2107 et
537 2066 706 2115 dubitat3
732 2066 865 2107 scribit
883 2066 1111 2121 damnatque
1127 2065 1311 2118 tabellas;

314 2138 370 2179 Et
388 2147 499 2179 notat
519 2147 559 2179 et
578 2139 703 2187 delet;
726 2147 869 2191 mutat,
886 2139 1090 2194 culpatque
1103 2169 1116 2190 ‚
1134 2139 1373 2194 probatque,

316 2211 443 2264 Inque
464 2210 586 2252 vicem
610 2220 751 2252 sumtas
772 2212 910 2266 ponit,
932 2211 1154 2266 positasque
1172 2212 1345 2252 resumit.

207 2320 467 2388 Pygmalion
484 2359 497 2380 ‚
523 2341 664 2389 quum
680 2333 870 2371 statuam
887 2341 1013 2372 suam
1029 2321 1320 2381 absolvisset,
1343 2324 1389 2372 X
1404 2360 1416 2381 ‚
1442 2322 1538 2385 254
1558 2343 1568 2372 :

317 2445 427 2500 Saepe
450 2459 583 2486 manus
608 2446 718 2500 operi
737 2453 927 2488 tentantes
946 2446 1125 2489 admovet
1138 2477 1150 2498 ‚
1171 2462 1219 2488 an
1241 2447 1292 2487 sit

320 2516 476 2572 Corpus
490 2547 503 2569 ‚
521 2532 568 2558 an
592 2518 688 2558 illud
707 2517 804 2559 ebur
824 2531 835 2556 ε
857 2533 930 2560 nec
948 2518 1045 2560 ebur
1073 2527 1200 2559 tamen
1219 2532 1301 2559 esse
1325 2518 1480 2560 fatetur.

326 2589 471 2630 Oscula
489 2590 577 2642 dat,
596 2590 780 2646 reddique
802 2600 912 2647 putat
931 2607 940 2631 ε
964 2591 1215 2645 loquiturque
1234 2600 1416 2647 tenetque
1428 2622 1440 2644 ,

324 2663 380 2702 Et
397 2661 542 2712 credit,
562 2663 672 2703 tactis
692 2662 834 2719 digitos
853 2663 1018 2704 insidere
1040 2662 1218 2704 membris
1232 2694 1244 2716 ‚

319 2735 374 2774 Et
395 2734 557 2786 metuit,
580 2748 733 2788 pressos
756 2735 883 2778 veniat
901 2750 949 2775 ne
971 2735 1072 2779 livor
1093 2735 1133 2775 in
1153 2743 1270 2778 artus.
