1832 3100
318 236 1013 283 METAMORPHOSEON
1048 241 1172 285 LIB.
1203 242 1325 287 V11.

1452 243 1537 305 497

120 331 336 398 Squamea
357 329 567 397 Cinyphii
590 330 734 378 tenuis
755 324 1008 379 membrana
1030 332 1225 400 chelydri
1243 373 1255 393 ,

121 408 385 474 Vivacisque
404 407 688 472 jecur⁴cervi;
714 406 878 474 quibus
899 407 1080 475 insuper
1101 410 1224 459 addit

124 486 218 534 Ora
235 495 454 550 caputque
473 503 632 532 novem
653 484 839 532 cornicis
862 484 1007 533 secula
1026 505 1176 552 passae.

122 563 207 612 His
228 573 273 610 et
291 561 411 611 mille
436 561 533 610 aliis
558 573 795 628 postquam
818 561 911 610 sine
934 563 1112 611 nomine
1136 563 1269 613 rebus

121 638 413 707 Propositum
434 639 645 688 instruxit
663 637 839 687 mortali
860 639 1048 688 barbara
1069 659 1231 689 munus
1250 661 1260 699 ;

1478 582 1543 615 2⁶5
1565 602 1572 607 -

124 717 283 767 Arenti
304 736 426 765 ramo
442 716 703 783 jampridem
724 717 844 764 mitis
868 717 991 765 olivae

128 797 293 847 Omnia
316 795 574 853 confundit,
593 795 862 862 summ1sque
884 795 1121 843 immiscuit
1145 795 1243 844 ima.

129 920 245 956 Tibul.
258 920 315 956 HI
324 947 333 964 ‚
352 931 389 964 v,
403 934 443 954 22
454 945 464 963 ,
484 920 569 953 dura
580 921 680 952 terlio
690 930 806 962 regna,

130 974 190 1009 ubi
205 972 274 1008 vid.
294 973 466 1020 Heynius.
491 971 689 1015 Glareanus¹
702 973 810 1004 lenuis·

131 1027 175 1062 ad
189 1026 455 1074 chelydriresert
466 1052 476 1069 ,
495 1032 530 1060 et
545 1037 623 1060 rem
635 1024 682 1059 sic
698 1036 810 1069 expe—

131 1078 184 1113 dit
203 1092 212 1114 2
237 1090 312 1113 non
337 1077 522 1122 cujuslibet
549 1077 711 1122 Cinyphii
729 1077 809 1110 che-

131 1131 240 1177 lydri,
263 1128 323 1165 sed
335 1127 692 1171 tenuia—Profecto,
716 1134 810 1162 exta:

132 1182 201 1218 vid.
231 1181 403 1217 Cellarius
433 1180 476 1216 ad
501 1180 672 1214 Lactantii
698 1179 810 1214 Instit.

136 1235 204 1278 lv,
222 1243 327 1268 xxvn
339 1259 349 1277 ,
373 1235 405 1277 4.
421 1250 466 1258 —
481 1233 571 1266 Illic.
594 1230 715 1266 Codex
731 1231 813 1265 Re-

135 1286 210 1332 gius
222 1286 272 1330 A,
286 1287 356 1326 illi,
373 1285 501 1320 scilicet
514 1282 653 1318 Medeae
666 1298 673 1325 ς
691 1281 813 1316 Codex

135 1341 166 1376 Β
177 1366 187 1385 ,
197 1342 283 1379 illis,
294 1339 398 1374 rebus
408 1345 510 1373 antea
521 1337 735 1372 memoratis.
748 1337 814 1369 Ed.

134 1412 179 1420 -
197 1394 395 1440 Chelydros‚
414 1403 475 1426 seu
497 1393 622 1438 hydrus
641 1403 660 1424 e
686 1401 814 1434 genere

134 1444 353 1490 serpentium
365 1469 375 1487 ,
390 1443 514 1476 foetore
530 1439 738 1476 intolerabili
754 1445 815 1473 est.

137 1495 316 1532 Nicander
330 1521 340 1538 ,
359 1494 519 1529 Theriac.
532 1495 569 1537 41
579 1507 591 1528 1
605 1505 679 1537 sqq.
694 1510 739 1517 —
758 1493 817 1525 Ci-

135 1561 222 1595 nyps
231 1574 240 1588 ,
261 1547 380 1594 Libyae
390 1545 516 1580 fluvius
526 1572 535 1588 ,
554 1545 591 1579 in
601 1545 715 1579 sinum
727 1543 814 1589 Syr-

138 1600 248 1635 ticum
256 1611 292 1634 se
303 1610 555 1633 exonerans.-
563 1598 699 1631 Vivacis
709 1597 814 1635 cervi,

139 1653 354 1703 rcrfmtopdmu
366 1663 375 1684 ι
385 1662 469 1684 nam
477 1656 600 1694 quater
608 1646 754 1682 cornicis
767 1659 817 1680 se-

140 1705 366 1740 culaoorvus:
378 1703 553 1737 Ausonius
561 1727 571 1745 ,
583 1700 625 1735 de
637 1706 736 1735 oetate
747 1699 817 1734 ani-

139 1757 221 1793 mal.
235 1758 302 1792 Ed.
326 1775 371 1782 —
399 1757 580 1791 Vimcibus
605 1761 723 1788 autem
747 1752 818 1787 istis

139 1809 222 1845 seris
235 1809 306 1844 vita
319 1808 423 1854 longa
439 1807 648 1842 transfertur
659 1806 695 1839 in
713 1804 820 1838 AEso-

141 1857 302 1897 nem.-—-
324 1861 448 1896 Novem
463 1861 605 1893 cornicis
619 1865 684 1892 etc.
714 1855 819 1901 Apud

144 1912 344 1949 Hesiodum
366 1910 486 1946 cornix
509 1910 591 1943 vivii
617 1911 696 1943 t'weeie
721 1910 822 1951 γενέας

143 1967 261 2015 ἐναγῶν
281 1977 290 1998 :
307 1964 349 1998 ab
369 1962 497 2004 Arato,
519 1962 555 1995 in
574 1958 821 1995 Phaenomenis

145 2012 273 2053 dicitur
290 2028 430 2062 quoque
449 2016 612 2059 ἓννεάχηρα
628 2015 751 2062 κορώνη.
770 2013 824 2047 lta

147 2071 276 2106 Nestor
299 2068 543 2104 triseciisenex.
562 2083 607 2091 —
621 2067 744 2099 Novem
762 2077 824 2098 se-

147 2124 343 2165 culapassa·
357 2131 370 2162 ,·
389 2128 467 2165 (με
483 2124 622 2154 aetatem
637 2116 825 2152 hominum

147 2174 268 2209 novies
282 2171 467 2218 superavit.

193 2227 269 2271 275.
278 2226 358 2259 Sine
369 2226 518 2263 nomine,
538 2222 723 2268 ignobiles,
740 2234 828 2266 qua-

149 2289 231 2312 rum
250 2288 382 2310 nomen
399 2286 678 2310 commemorare
700 2273 749 2307 nil
766 2279 827 2307 at—

150 2330 250 2365 tinet.
262 2326 405 2362 AEneid.
420 2327 474 2361 lx
483 2353 493 2371 ,
508 2326 572 2370 343
583 2352 593 2370 ‚
609 2329 683 2360 sine
697 2327 829 2359 nomine

144 2383 285 2426 plebem.
300 2397 346 2406 -
362 2379 472 2414 MSS.
488 2391 612 2413 omnes
629 2403 639 2420 ‚
670 2379 828 2411 morlali:

151 2433 213 2468 sed
223 2446 334 2479 quum
344 2433 381 2467 in
393 2445 466 2466 uno
478 2431 587 2478 glossa
599 2430 714 2465 addita
726 2436 828 2473 esset,

150 2488 260 2527 idest,
269 2489 308 2520 in
315 2490 490 2527 mortario,
505 2485 627 2520 Heius.
641 2484 737 2518 dedit
749 2497 831 2517 morb

152 2541 235 2578 tari,
256 2537 350 2583 quod
359 2544 395 2572 et
406 2537 527 2572 Barth.
538 2536 682 2571 Advers.
692 2536 839 2579 xxxls

155 2591 176 2625 3
186 2616 196 2633 ,
208 2589 405 2634 coniecerat
414 2616 423 2633 ‚
435 2595 473 2623 et
481 2589 650 2633 approbat
660 2588 833 2622 Burman-

156 2655 234 2678 nus.
244 2643 382 2677 Verum
392 2645 534 2675 moriare
540 2653 584 2675 ne
596 2641 742 2675 verbum
753 2640 835 2685 qui-

158 2695 241 2730 dem
256 2695 405 2730 latinum
421 2700 472 2729 est
483 2719 493 2737 ,
516 2693 610 2738 quod
628 2694 698 2738 ipse
718 2692 835 2727 Hein-

159 2748 228 2784 sius
253 2749 383 2784 fatetur
397 2762 407 2791 ;
431 2747 546 2781 Latini
570 2745 666 2781 enim
686 2744 807 2779 dicunt
824 2771 834 2789 ‚

293 2824 396 2867 III,

875 920 1066 951 mortarium
1084 931 1093 952 :
1112 917 1260 953 Lenzius
1282 918 1387 964 igitur
1406 919 1552 965 conjun-

875 969 924 1014 git
933 967 1088 1010 mortuil,
1108 969 1284 1012 mortarii,
1302 983 1436 1011 munus,
1457 978 1495 1005 ut
1511 972 1554 1006 sit

875 1021 1008 1066 poetica
1030 1021 1292 1056 circumlocutio
1316 1022 1422 1067 ipsius
1447 1036 1553 1056 mor-

875 1073 964 1108 tarii.
982 1074 1064 1108 Non
1077 1074 1198 1119 placet.
1213 1073 1303 1118 Quis
1318 1074 1415 1109 enim
1432 1082 1532 1120 putet
1544 1100 1555 1118 ,

876 1125 1045 1160 Medeam
1059 1152 1068 1169 ‚
1093 1126 1150 1160 illa
1166 1125 1399 1161 medicamina
1421 1128 1493 1172 jam
1516 1127 1554 1162 in

877 1178 992 1213 aheno
1003 1186 1110 1222 cocta,
1122 1192 1217 1214 nunc
1229 1180 1264 1214 in
1279 1181 1486 1215 mortarium
1498 1181 1556 1215 in·-

877 1232 1007 1276 tulisse,
1016 1233 1131 1277 ibique
1142 1232 1361 1268 instruxisse?
1372 1234 1444 1268 Nec
1452 1245 1558 1279 porro

877 1285 1058 1330 sequentia
1074 1285 1141 1321 hoc
1156 1287 1337 1331 patiuntur
1354 1313 1363 1329 ,
1381 1287 1439 1321 ubi
1458 1299 1557 1321 ramo

880 1339 998 1372 omnia
1015 1338 1199 1374 confundit
1217 1353 1226 1381 ;
1260 1346 1296 1374 et
1321 1352 1401 1373 mox
1417 1341 1559 1374 ahenum

879 1403 998 1425 rursus
1009 1390 1135 1426 diserte
1147 1399 1458 1435 commemoratur,
1473 1392 1562 1427 sicut

878 1444 970 1478 bene
987 1445 1122 1479 notavit
1139 1444 1367 1480 Schirachiu&
1393 1444 1560 1490 Denique

877 1495 1018 1541 vulgata
1034 1496 1136 1531 lectio
1148 1509 1290 1531 sensum
1302 1497 1406 1531 habet
1416 1509 1487 1530 non
1503 1496 1562 1530 in-

882 1546 1121 1582 commodum.
1136 1548 1223 1582 AEso
1237 1561 1332 1582 nunc
1347 1550 1498 1582 mortalis
1510 1547 1563 1581 di-

882 1599 972 1635 citur
991 1600 1061 1634 sive
1075 1626 1085 1643 ‚
1096 1607 1144 1635 *ut
1161 1600 1380 1635 Schirachius
1396 1601 1539 1646 putabat
1553 1627 1563 1644 ,

884 1651 964 1696 quia
979 1664 1084 1685 senex
1101 1651 1173 1695 jam
1190 1651 1386 1696 decrepitus
1403 1658 1439 1686 et
1455 1653 1564 1686 morti

883 1703 1061 1748 proximus
1077 1711 1169 1745 erat;
1187 1704 1257 1738 sive
1271 1730 1280 1746 ‚
1298 1704 1391 1749 quod
1404 1717 1468 1749 ego
1486 1717 1563 1738 ma-

883 1755 945 1789 lim
959 1781 968 1797 ,
987 1755 1067 1800 quia
1078 1755 1306 1789 nihilominus
1322 1758 1473 1790 mortalis
1487 1769 1568 1790 ma-

885 1809 1011 1852 nebat,
1029 1809 1092 1843 etsi
1106 1808 1137 1842 ei
1149 1808 1219 1842 istis
1230 1808 1496 1843 medicamentis
1506 1809 1568 1854 ju-

885 1867 1010 1895 ventus
1037 1859 1256 1894 redderetur.
1282 1879 1327 1887 —
1355 1863 1565 1905 Propositum

886 1925 1023 1955 munus‚·
1034 1911 1334 1946 medicamentum
1346 1919 1465 1947 autem
1482 1911 1567 1946 illud

889 1966 1030 2012 parabat
1048 1966 1122 2002 seni
1139 1966 1266 2000 mulier
1282 1969 1451 2008 barbara5
1472 1964 1568 2011 quod

888 2019 1057 2054 invidiose
1073 2018 1230 2053 additum
1249 2026 1345 2064 puto.
1362 2020 1483 2064 ltaque
1501 2031 1568 2053 nec

890 2071 981 2106 hanc
990 2083 1113 2105 vocem
1125 2071 1253 2106 tentari
1265 2070 1567 2106 debebat—Bar-

890 2125 974 2156 bara
985 2124 1108 2157 Medea
1125 2123 1231 2157 etiam
1247 2122 1338 2168 apud
1354 2123 1545 2158 Horatium
1557 2149 1566 2163 ‚

892 2176 958 2221 Ep.
974 2187 1012 2220 v,
1029 2175 1071 2210 62
1089 2189 1097 2211 :
1115 2176 1282 2211 Heinsius
1294 2182 1412 2210 tamen
1429 2182 1464 2209 et
1476 2176 1571 2210 Bur-

893 2240 1043 2263 mannus
1059 2227 1210 2273 probant
1226 2227 1369 2262 Daumii
1385 2228 1571 2262 correctio-

892 2293 978 2315 nem
989 2307 999 2324 ,
1016 2292 1081 2326 pro
1091 2282 1235 2314 barbara
1245 2280 1448 2325 reponentis
1458 2307 1466 2323 ,
1482 2293 1573 2314 mar-

894 2346 1004 2375 more,
1036 2333 1072 2368 id
1099 2341 1150 2368 est
1168 2360 1177 2375 ‚
1208 2333 1245 2367 in
1266 2346 1443 2367 marmore
1465 2346 1569 2367 mor-

895 2386 972 2420 tarii
988 2399 996 2428 ;
1014 2386 1050 2420 in
1069 2385 1239 2420 mortario
1256 2398 1467 2419 marmoreo.

940 2451 978 2483 27
986 2451 1013 2483 7.
1024 2438 1133 2472 Afflis.
1150 2438 1297 2472 Lenzius
1308 2439 1572 2482 interpretatur,

898 2504 974 2536 quae
985 2491 1057 2536 jam
1071 2491 1131 2524 diu
1144 2490 1243 2525 desiit
1257 2491 1388 2524 fructus
1399 2490 1502 2525 serre.
1524 2489 1576 2524 Ea

897 2556 981 2578 vero
997 2544 1095 2577 notio
1113 2556 1187 2577 voc.
1210 2546 1301 2577 milis
1317 2555 1386 2587 quo
1407 2542 1485 2586 jure
1511 2542 1576 2576 in-

899 2602 1057 2638 seratur,
1077 2608 1148 2629 non
1168 2595 1280 2630 video.
1313 2595 1410 2630 Num
1428 2594 1578 2629 Ovidius

894 2651 1005 2693 putris
1020 2646 1153 2692 scripsit
1169 2646 1185 2680 ?
1208 2649 1304 2681 Rode
1319 2647 1435 2681 omisit
1446 2646 1481 2680 in
1497 2660 1579 2680 ver-

899 2701 1007 2736 sione.
1030 2718 1074 2725 —-
1089 2701 1303 2742 Immiscuil,·
1334 2698 1550 2734 Genevcnsis
1568 2725 1578 2742 ,

901 2755 1087 2796 reme'scuil,
1109 2751 1203 2797 quod
1219 2752 1329 2798 placet
1347 2752 1555 2786 Burmanno
1571 2777 1580 2794 ,

1340 2821 1395 2863 32
