1832 3100
277 198 363 241 328

652 200 704 242 P.
743 199 975 244 OVIDII
1007 199 1308 246 NASONIS

272 313 296 334 »
325 290 464 353 Regia
486 291 604 341 dives
627 291 781 350 habet,
803 292 879 360 qui
900 296 971 342 'me
991 312 1090 342 cum
1111 295 1297 359 conjuge
1321 313 1492 361 semper

278 388 302 413 n
329 368 539 434 Sprevit?
563 389 586 411 n
616 381 660 418 et
681 371 864 436 exponit
887 390 1037 420 causas
1060 372 1238 438 odiique
1261 373 1454 439 viaeque;

274 446 486 512 Quidque
507 445 611 495 velit
631 467 641 494 :
668 448 789 515 quod
811 447 962 504 vellet,
991 459 1104 505 erat,
1129 467 1184 496 ne
1206 449 1325 511 regia
1349 449 1502 498 Cadmi

275 523 441 579 Staret;
467 536 512 572 et
531 524 578 592 in
601 524 770 573 facinus
795 525 1017 573 traherent
1037 525 1299 574 Athamanta
1320 544 1505 574 sorores.

1613 535 1679 583 47⁰

272 600 535 671 Imperium,
560 601 801 667 promissa,
821 620 970 667 preces
993 601 1222 650 confundit
1244 602 1291 649 in
1312 621 1450 650 unum
1464 640 1476 660 ‚

273 677 582 745 Sollicitatque
605 680 734 727 Deas.
758 679 830 726 Sic
853 679 945 726 haec
968 679 1144 727 Junone
1170 678 1355 744 loquuta
1370 715 1383 737 ‚

273 754 518 820 Tisiphone
543 774 676 803 canos
692 792 703 812 ‚
729 767 780 802 ut
800 766 892 803 erat
913 756 1086 804 turbata
1100 793 1111 813 ‚
1138 755 1320 821 capillos

273 833 446 890 Movit,
473 845 516 881 et
540 834 765 881 obstantes
787 832 936 896 rejecit
956 833 1011 880 ab
1030 852 1104 881 ore
1131 832 1347 881 colubras.

273 914 423 980 Atque
446 914 507 961 ita
522 951 534 971 ‚
563 936 585 956 «
611 915 710 961 Non
734 912 880 975 longis
902 933 1016 980 opus
1040 926 1105 962 est
1127 914 1412 976 ambagibus,
1436 913 1547 962 infit.
1614 926 1680 973 475

278 1017 301 1038 »
328 997 460 1043 Facta
482 1006 616 1061 puta,
643 1013 925 1060 quaecumque
946 995 1075 1060 jubes
1098 1015 1108 1042 :
1131 994 1364 1043 inamabile
1381 1013 1563 1057 regnum

275 1098 299 1119 »
328 1078 514 1132 Desere3
539 1088 668 1142 teque
691 1075 804 1124 refer
824 1075 914 1124 caeli
938 1076 1129 1124 melioris
1152 1076 1207 1124 ad
1230 1095 1367 1124 auras.
1392 1097 1415 1118 »

335 1161 454 1207 Laeta
477 1159 593 1207 redit
611 1160 732 1206 Juno
751 1178 760 1215 ;
788 1178 919 1225 quam
940 1159 1094 1207 caelum
1117 1159 1278 1207 intrare
1300 1170 1526 1225 parantem

273 1241 454 1288 Roratis
479 1239 681 1288 lustravit
703 1240 829 1306 aquis
850 1240 1164 1289 Thaumantias
1186 1241 1283 1288 Iris.

269 1324 361 1370 Nec
385 1342 533 1380 mora3
560 1322 806 1388 Tisiphone
829 1322 1113 1372 madefactam
1135 1322 1346 1386 sanguine
1368 1322 1502 1371 sumit

268 1453 305 1487 in
323 1455 412 1498 ipsos
428 1454 534 1488 Deos.
549 1456 712 1497 -Jzeffl'a
729 1467 811 1488 eum
825 1457 941 1496 babet,

267 1505 400 1539 habitat
414 1506 450 1539 in
468 1506 560 1549 regia
592 1524 635 1531 —
651 1509 774 1545 Dives,
799 1507 944 1551 magni-

269 1557 333 1592 fica
352 1583 362 1599 ,
386 1558 522 1602 egregie
547 1557 723 1591 instructa.
745 1557 942 1591 Commode

270 1617 387 1644 autem
405 1622 423 1643 a
440 1610 580 1655 Sisypho
597 1609 758 1643 transitus
769 1609 808 1643 fit
825 1608 867 1642 ad
879 1609 943 1642 iti-

269 1662 363 1696 neris
377 1661 569 1696 consilium.

314 1713 388 1760 459.
412 1715 512 1757 Quod
528 1715 636 1748 vellet.
665 1712 786 1747 Codex
812 1712 942 1757 Regius

269 1765 300 1799 Β
311 1791 320 1808 ,
333 1767 422 1808 quid.
437 1783 482 1791 —
496 1766 547 1799 Ne
557 1769 646 1808 regia
663 1766 785 1798 Cadmi
791 1764 918 1799 *domus
932 1791 941 1808 ‚

270 1829 289 1850 e
315 1829 382 1860 qua
410 1817 496 1859 Ino,
524 1815 677 1850 floreret.
698 1834 741 1841 —·
754 1817 853 1850 Stant
867 1829 944 1861 quae

272 1868 477 1912 dignitatem
493 1874 527 1901 et
538 1868 693 1901 fortunas
702 1880 778 1901 suas
789 1874 944 1902 tuentur.

271 1921 354 1955 Non
366 1921 455 1954 bene
471 1918 571 1954 Rode
583 1944 592 1961 ‚
616 1921 738 1953 Cadmi
747 1921 842 1963 Barg
848 1921 945 1953 sollte

270 1974 366 2006 m'chl
377 1973 491 2004 slehen
503 1973 640 2004 bleiben.
661 1970 765 2004 Arces
785 1970 945 2004 demoliri

269 2037 340 2058 non
356 2024 513 2068 solebant
529 2023 941 2064 Eumenides.-Sorores,

269 2076 386 2111 Furiae
401 2089 408 2109 ε
428 2075 503 2109 vide
519 2076 714 2111 Heinsium.
731 2094 774 2102 —
790 2075 944 2120 Confun-

270 2130 355 2167 dere,
371 2127 468 2172 plura
481 2128 583 2161 simul
594 2128 748 2172 proferre
761 2135 820 2162 aut
834 2141 944 2173 agere.

272 2180 330 2215 Sic
342 2187 377 2213 et
386 2182 531 2213 miscere.
544 2180 633 2214 Plin.
646 2181 690 2216 V,
705 2181 768 2225 Ep.
781 2191 869 2223 vni,
886 2194 897 2213 ι
907 2192 942 2214 1:

268 2236 307 2265 nl
315 2233 496 2265 dissimilia
506 2229 709 2273 confundam
718 2234 942 2275 mesceamque.

313 2285 386 2327 473.
407 2284 584 2325 Tz'szphone
593 2295 706 2322 canos,
718 2287 756 2316 ul
767 2287 846 2316 erat.
871 2282 945 2316 Co-

270 2335 337 2369 dex
344 2333 655 2379 Regius,mend0sa
662 2333 941 2378 transpositione,

268 2392 412 2430 propter
427 2393 580 2420 metrum
594 2411 603 2429 ‚
629 2386 804 2428 Tisiphone
819 2390 857 2419 ut
872 2389 946 2419 erat

266 2450 382 2473 canos.
401 2437 521 2471 Ed.—-·
535 2439 696 2477 Turbata,
717 2438 842 2482 quippe
862 2450 944 2482 pec-

269 2489 379 2524 tendo
405 2489 542 2534 capillos
567 2490 604 2524 in
637 2502 674 2523 os
706 2489 942 2534 dependentes

270 2549 443 2585 occupata.
470 2541 523 2575 De
550 2541 699 2576 formula
719 2546 756 2575 ut
778 2546 852 2575 erat
866 2546 942 2575 lur-

269 2594 368 2632 bata,
393 2593 470 2627 vide
492 2592 533 2627 ad
563 2594 622 2635 ΙΙ,
651 2607 712 2638 27²
732 2607 740 2635 ;
765 2593 879 2627 Tibul.
897 2594 913 2627 I
932 2619 941 2636 ‚

268 2653 333 2686 111,
358 2656 397 2690 91
411 2658 419 2685 3
447 2644 489 2677 ad
513 2644 663 2689 puellam
680 2671 690 2688 ,
719 2648 828 2690 qualis
850 2647 915 2678 eris
931 2672 939 2685 ,

264 2695 382 2738 longos
391 2697 525 2729 turbata
531 2697 681 2738 capillos.
689 2715 734 2722 —
745 2697 937 2736 Obstantes,

1611 1334 1679 1379 480

1008 1469 1112 1501 super
1127 1468 1164 1490 os
1178 1454 1426 1500 dependentes.
1437 1471 1482 1480 -·
1491 1454 1627 1498 ReJ'ecil
1633 1455 1679 1487 ab

1007 1520 1062 1541 ore
1076 1510 1238 1541 colubras.
1258 1505 1379 1540 Codex
1396 1505 1428 1540 A
1452 1506 1499 1540 ita
1522 1505 1602 1549 dat,
1621 1518 1680 1540 co-

1006 1561 1120 1591 lubras
1140 1559 1257 1601 rejecit
1271 1562 1315 1593 ab
1330 1570 1406 1600 om‚·
1435 1557 1522 1593 nihil
1546 1557 1654 1591 refert
1667 1582 1678 1599 ‚

1008 1609 1073 1643 nisi
1089 1609 1182 1653 quod
1194 1609 1311 1644 minus
1325 1610 1437 1644 suavis
1452 1617 1488 1644 et
1502 1617 1596 1654 grata
1607 1607 1678 1642 lec.-

1007 1659 1065 1693 tio.
1085 1661 1151 1693 Ed.
1162 1677 1205 1685 —-
1217 1660 1366 1703 Bejea‘t,
1385 1660 1421 1693 in
1437 1666 1575 1704 tergum
1589 1670 1679 1704 pro-

1006 1713 1098 1757 jecit.
1115 1713 1274 1747 Imitatus
1291 1719 1341 1747 est
1361 1711 1542 1747 claudian.
1554 1712 1592 1748 in
1606 1711 1678 1746 Ru-

1008 1765 1068 1800 fin.
1085 1767 1102 1801 l
1115 1792 1124 1809 ,
1142 1768 1184 1809 42
1194 1778 1201 1800 ε
1212 1767 1334 1800 Alecto
1388 1768 1557 1799 obstantes
1567 1767 1602 1798 in
1613 1767 1680 1798 let·—

1004 1831 1082 1862 gnm
1095 1820 1237 1861 reppulit
1243 1829 1379 1861 angues.
1386 1834 1430 1842 —-
1435 1816 1547 1860 Atque
1554 1819 1605 1850 ita
1615 1821 1680 1850 etc.

1014 1869 1169 1908 AliasDii
1177 1869 1331 1903 minores
1342 1867 1468 1913 aliquid
1477 1869 1588 1902 facere
1596 1866 1680 1912 iussi

1009 1933 1081 1954 non
1099 1919 1311 1966 respondent
1324 1945 1333 1962 ,
1354 1918 1416 1954 sed
1438 1918 1554 1953 statim
1576 1930 1680 1952 exse—

1009 1979 1166 2017 quuntur
1182 1971 1353 2006 mandata.
1381 1969 1435 2004 Ab
1449 1969 1514 2006 hac
1525 1969 1600 2015 lege
1615 1980 1680 2003 re-

1008 2023 1100 2058 cedit
1116 2023 1320 2069 Tisiphone.
1338 2039 1382 2048 —·
1396 2023 1476 2067 Infit
1489 2034 1508 2055 e
1525 2019 1680 2055 secundo

1009 2075 1168 2110 Palatino
1181 2101 1190 2118 ,
1217 2087 1280 2120 pro
1302 2077 1410 2119 inquit
1429 2073 1596 2107 Heinsius
1616 2072 1680 2106 in—

1008 2127 1108 2161 vexit.
1134 2126 1281 2161 Codices
1297 2125 1405 2160 nostri
1425 2124 1547 2170 Regii,
1564 2126 1680 2169 inquit.

1009 2181 1245 2213 ——lnamabilc
1253 2204 1262 2221 ,
1274 2178 1432 2227 ἀνέραστον
1441 2203 1450 2220 ,
1466 2178 1604 2226 ἀτερπὲς,
1616 2175 1681 2210 de-

1008 2230 1160 2265 testabile
1177 2256 1186 2274 ,
1204 2230 1374 2264 odiosum.
1404 2229 1526 2274 Vix-gil.
1551 2228 1679 2273 Georg-

1009 2282 1075 2326 IV,
1093 2284 1175 2329 479,
1189 2285 1291 2326 palus
1305 2284 1507 2316 inamabilis.

1050 2335 1125 2381 479.
1143 2336 1224 2375 Iris,
1248 2332 1476 2368 Thaumantis
1501 2331 1570 2366 filia
1582 2357 1592 2374 ‚
1610 2331 1681 2365 Ju-

1007 2397 1141 2419 nonem
1165 2398 1206 2419 ex
1229 2385 1368 2418 inferno
1389 2381 1597 2417 redeuntem
1608 2385 1680 2417 lus-

1007 2441 1083 2476 trat,
1109 2436 1144 2470 id
1155 2443 1217 2479 est,
1231 2441 1367 2481 purgat,
1381 2434 1476 2480 aquis
1486 2435 1563 2470 suis.
1579 2433 1679 2469 Cor—

1007 2488 1107 2522 nibus
1120 2488 1216 2521 enim
1232 2487 1300 2522 suis
1312 2499 1437 2532 aquam
1452 2486 1589 2520 haurire
1604 2498 1679 2521 cre-

1008 2539 1162 2574 debatur.
1185 2540 1222 2582 1,
1242 2552 1314 2584 271.
1331 2558 1375 2565 —
1392 2541 1532 2573 Boratis
1551 2540 1647 2582 aquis
1661 2563 1670 2577 ‚

1006 2603 1085 2625 rore
1099 2617 1108 2634 ,
1136 2603 1226 2636 aqua
1251 2597 1421 2635 quatenus
1450 2588 1645 2624 infunditur
1666 2600 1674 2621 t

1007 2643 1099 2678 Vide
1115 2642 1214 2685 adl,
1232 2643 1307 2688 371.

1051 2697 1124 2739 480.
1138 2697 1208 2732 Nec
1223 2707 1339 2737 mora,·
1364 2696 1541 2738 D'siphone
1555 2694 1675 2727 made-—
