1832 3100
309 238 1027 328 MErAMORPHosssoN
1059 271 1312 318 L113.v1.

1448 273 1535 341 435

110 362 236 412 Dixit
257 361 375 420 idem
397 361 566 411 Phoebe
582 365 604 419 ;’
617 359 836 428 celerique
860 380 942 428 pcr
964 381 1063 410 aera
1085 362 1212 429 lapsu

112 440 408 505 Contigerant
430 439 536 489 tecti
560 437 800 488 Cadmeida
822 438 1022 487 nubibus
1047 458 1204 488 arcem.

108 517 275 568 'Planus
298 528 414 575 erat,
439 516 615 584 lateque
633 529 791 584 patens
815 535 955 584 prope
982 518 1144 566 moenia
1169 537 1371 586 campus,

109 594 324 650 Adsiduis
347 593 552 662 pulsatus
574 595 730 661 equis;
753 593 834 642 ubi
859 595 990 644 turba
1014 606 1211 643 rotarum
1228 634 1239 654 ,

109 673 324 740 Duraque
344 670 599 723 mollierunt
620 672 842 738 subjectas
866 672 1031 737 ungula
1057 672 1222 737 glebas.

1478 703 1543 726 220

110 751 220 801 Pars
242 751 315 800 ibi*
333 751 385 800 de
408 762 578 818 septem
601 751 765 814 genitis
786 751 1041 817 Amphione
1062 752 1201 800 fortes

112 830 431 881 Conscendunt
453 830 501 878 in
523 848 689 896 equos,
715 830 943 896 Tyrioque
964 830 1172 880 rubentia
1194 831 1298 880 fuco
1346 831 1348 833 ¹

111 909 257 972 Terga
279 919 519 976 premunt;
547 927 747 974 auroque
770 927 922 971 graves
946 909 1235 958 moderantur
1254 910 1460 959 habenas.

79 990 88 995 ’
111 988 152 1037 Ε
177 987 341 1055 quibus
362 988 562 1035 Ismenos
577 1024 589 1045 ‚
618 986 694 1053 qui
718 987 849 1035 matri
873 989 1043 1037 sarcina
1069 989 1295 1056 quondam

112 1065 262 1115 Prima
284 1084 373 1114 suae
395 1065 560 1122 fuerat,
587 1064 693 1113 dum
718 1077 886 1114 certum
906 1066 1044 1115 flectit
1066 1067 1114 1114 in
1138 1067 1291 1116 orbem

1482 1084 1547 1117 225

115 1145 441 1213 Quadrupedes
463 1146 642 1204 cursus,
667 1145 1008 1211 spumantiaque
1033 1164 1109 1193 ora
1134 1157 1334 1205 coercet,

158 1279 235 1314 216.
257 1281 388 1314 Phaebe.
405 1278 543 1322 Diana,
569 1291 646 1324 quae
670 1277 796 1313 eadem

116 1344 188 1367 esse
200 1343 280 1366 cum
294 1330 396 1365 Luna
411 1329 548 1365 dicitur.
560 1330 799 1364 Eut—Conti-

111 1388 234 1429 gerant
248 1398 257 1426 ;
290 1396 382 1419 unus
393 1410 403 1427 ,
429 1381 652 1421 co'nstilerdnt
665 1410 674 1424 ‚
703 1382 797 1428 quod

117 1437 256 1484 elegans
275 1464 284 1482 ,
321 1444 358 1472 et
391 1437 546 1473 divinam
582 1438 799 1472 celeritatem

116 1490 292 1526 declarare
314 1490 526 1525 Bur-manno
550 1489 800 1524 videbatur.—

120 1544 306 1578 Cadmeida
334 1555 444 1576 arcem
454 1553 470 1586 ς
501 1541 710 1576 Thebanam
735 1555 799 1576 ar-

117 1607 194 1631 cem
205 1621 215 1638 ,
234 1607 253 1629 a
275 1592 415 1629 Cadmo
433 1600 656 1629 exstructam.
673 1595 739 1628 Ed.
756 1612 801 1620 —·

122 1648 222 1681 Tecti
227 1657 240 1689 ‚·
258 1657 349 1680 unus
359 1671 370 1688 ,
386 1648 483 1680 moti.
493 1660 543 1671 -·
553 1646 801 1679 Tectinnbibus

116 1698 232 1734 solent
247 1692 399 1734 esse-Dii
413 1696 670 1732 descendentes
681 1696 723 1731 ad
739 1710 802 1743 pu-

117 1750 292 1786 niendum
304 1776 315 1794 ,
332 1756 372 1784 ut
387 1749 532 1795 Apollo,
550 1749 590 1784 ΙΙ.
607 1755 644 1786 A.

161 1804 375 1839 218.Planus
382 1806 464 1844 nal,
476 1809 540 1836 etc.
552 1801 582 1836 E
592 1801 710 1848 priscae
721 1801 800 1836 vitoe

115 1856 184 1892 ritu
194 1863 276 1892 ante
285 1856 390 1897 urbes
400 1862 501 1890 erant
507 1855 581 1895 loca
590 1854 799 1900 lata,campi,

117 1910 155 1945 in
172 1910 299 1955 quibus
309 1909 456 1955 juvenes
470 1908 575 1942 armis
589 1907 802 1941 excroeban-

118 1969 178 1997 tur
185 1969 222 1996 et
233 1974 347 1996 cursu.
359 1961 509 1994 Homer.
523 1959 562 1994 ll.
571 1965 594 1993 Β
604 1985 613 2002 ,
628 1959 666 1993 8ι
676 1973 687 1992 ι
702 1971 775 2004 sqq.
790 1972 799 2000 3

120 2012 262 2049 AEneid.
282 2013 375 2055 Vll,
397 2012 469 2047 162.
480 2012 643 2047 Homero
659 2017 800 2045 auctore

120 2066 220 2112 pueri
234 2077 335 2110 aeque
349 2077 390 2100 ac
403 2063 485 2100 filiae
497 2064 532 2098 in
544 2063 674 2099 aedibus
687 2063 803 2109 perie-

120 2125 226 2160 runt;
254 2116 451 2157 secundum
471 2116 632 2162 Apollod.
656 2129 697 2150 ex
724 2115 801 2150 Eu-

121 2170 293 2217 phorione
308 2177 346 2205 et
362 2169 674 2218 Hygin.venantes
688 2169 724 2203 in
743 2168 803 2203 Ci-

122 2223 279 2258 thaerone
295 2229 419 2257 monte
430 2222 604 2260 interfecti
620 2229 712 2256 sunt.
730 2221 803 2255 Ti-

121 2287 281 2322 magoras
294 2301 305 2319 ,
330 2274 423 2321 apud
449 2274 564 2310 Schol.
582 2274 741 2321 Euripid.
759 2273 803 2309 ad

122 2327 247 2364 Phoen.
265 2328 324 2364 162
339 2354 349 2372 ,
374 2334 493 2373 putat,
520 2340 538 2361 a
551 2326 729 2362 Thebanis
740 2340 803 2373 per

122 2379 263 2416 insidias
278 2379 429 2415 sublatos
445 2393 518 2415 esse
530 2379 741 2425 Amphionis
754 2380 803 2414 li—

121 2435 444 2471 beros.Pestilentia
455 2447 514 2470 eos
527 2447 599 2469 esse
612 2435 802 2479 absumtos,

123 2494 242 2523 censet
257 2487 416 2524 Eustath.
433 2488 475 2524 ad
493 2489 600 2523 Hom.
617 2488 651 2523 d.
668 2488 687 2523 Ι.
705 2487 805 2522 Con—

123 2539 177 2574 ser
194 2539 342 2574 Pausan.
360 2540 471 2574 Boeot.
484 2566 493 2583 ,
527 2553 558 2585 p.
580 2553 652 2585 72¹·
677 2540 804 2585 Apollo

125 2591 223 2627 enim
239 2591 370 2636 sagittis
386 2592 454 2626 suis
474 2591 535 2638 (h.
553 2605 582 2627 e.
604 2592 652 2627 sol
674 2591 804 2638 radiis)

124 2643 357 2690 pestilentiam
399 2644 545 2679 excitare
586 2644 804 2680 credebatur.

125 2696 279 2731 Nomina
301 2696 442 2730 illorum
464 2696 595 2731 habent
618 2697 780 2743 Hyginus
794 2725 805 2742 ,

123 2749 192 2785 sab.
204 2764 216 2784 ι
227 2765 238 2785 ι
254 2765 262 2793 ;
279 2749 441 2796 Apollod.
452 2749 567 2785 Schol.
581 2750 702 2796 Eurip.
714 2751 806 2785 Nos-

127 2808 182 2837 ter
193 2802 346 2837 filiorum
364 2810 501 2838 tantum
518 2803 663 2838 nomina
681 2803 804 2848 habet,

863 1278 898 1312 in
919 1278 1044 1324 quibus
1060 1291 1133 1313 non
1149 1278 1302 1314 multum
1325 1279 1367 1315 ab
1385 1279 1548 1325 Apollod.

864 1331 1045 1378 discrepat.
1060 1334 1218 1377 ——Prope
1226 1336 1355 1367 maem'a.
1370 1333 1547 1370 Gebhard.

865 1386 1083 1432 conjecturat
1097 1388 1149 1420 ad
1156 1390 1287 1422 menia.
1298 1406 1341 1413 -
1353 1388 1548 1422 Pulsare‘di—

864 1437 955 1472 citur
966 1451 1109 1484 campus
1123 1451 1229 1475 curru
1247 1446 1281 1473 et
1294 1438 1425 1486 ungula
1436 1452 1550 1486 equo-

863 1504 946 1526 rum
959 1506 966 1532 ;
980 1493 1111 1526 confer.
1125 1492 1267 1527 AEneid.
1277 1493 1310 1527 X
1323 1519 1332 1536 ,
1352 1493 1417 1527 216
1431 1508 1439 1535 ;
1454 1494 1547 1529 Nos-

866 1551 932 1586 ter,
943 1544 1035 1587 insra
1045 1546 1119 1590 487.
1130 1564 1174 1570 —
1185 1545 1352 1579 Adszuuzk
1363 1550 1455 1591 equis
1466 1573 1474 1587 ,
1495 1559 1551 1581 as-

864 1596 966 1631 siduo
984 1608 1159 1642 equorum
1179 1609 1293 1631 cursu.
1308 1599 1374 1631 Ed.
1386 1598 1548 1633 —Schi—

865 1647 1003 1682 rachius
1021 1649 1155 1694 profert
1170 1652 1269 1693 aquis
1295 1662 1359 1694 pro
1379 1654 1488 1695 equis,
1513 1658 1551 1686 ct

859 1702 999 1744 pulsare
1013 1700 1158 1746 explicat
1171 1727 1180 1744 ,
1202 1701 1342 1736 alluere.
1361 1701 1455 1736 Tum
1469 1716 1550 1737 ver—

865 1753 918 1788 bis
929 1756 990 1787 ube'
995 1756 1093 1788 turba
1102 1754 1193 1788 viam
1203 1754 1335 1799 regiam
1347 1754 1442 1800 juxta
1453 1769 1551 1790 cam-

865 1817 952 1850 pum
974 1804 1121 1839 describi
1143 1810 1252 1850 putat.
1276 1805 1324 1840 At
1340 1810 1439 1851 aqu115
1454 1808 1550 1842 nulla

867 1856 1072 1901 auctoritate
1086 1869 1121 1891 se
1137 1863 1258 1891 tuetur
1270 1871 1279 1899 ;
1297 1871 1414 1903 neque
1425 1858 1467 1893 de
1480 1860 1548 1903 via,

867 1908 928 1943 sed
945 1908 987 1942 de
1004 1908 1079 1954 ipso
1090 1921 1214 1954 campo
1227 1921 1344 1943 sermo
1355 1916 1416 1945 est.

912 1974 985 1996 222.
1001 1962 1238 1996 Conscendunt
1245 1965 1281 1996 1⁰71
1290 1975 1391 2008 equos
1397 1964 1549 2000 vestibus

867 2015 1053 2060 purpureis
1065 2021 1183 2051 tectos.
1205 2014 1341 2051 Confer
1359 2017 1451 2052 VIII
1467 2045 1476 2061 ‚
1496 2019 1551 2053 33.

868 2065 995 2100 seculo
1006 2072 1126 2100 tamen
1137 2066 1278 2101 heroico
1286 2067 1550 2103 exercitationes

867 2131 941 2152 non
954 2118 990 2152 in
1008 2130 1100 2164 equo
1112 2145 1121 2162 ,
1135 2118 1196 2154 sed
1213 2119 1249 2154 in
1266 2133 1372 2154 curru
1387 2119 1550 2155 institue—

868 2171 1062 2206 bantur.-—
1073 2173 1198 2214 Fbcus,
1215 2173 1331 2218 color,
1345 2187 1449 2220 quam
1466 2175 1549 2221 glos-

868 2237 942 2259 sam
960 2224 1166 2271 adscriptam
1183 2225 1289 2261 habet
1306 2240 1398 2261 unus
1415 2227 1494 2262 MS.
1508 2246 1550 2253 —-

869 2277 1027 2323 Amoque
1053 2291 1181 2323 graves.
1194 2306 1200 2313 .
1211 2306 1218 2313 .
1237 2281 1398 2313 habenas.
1429 2279 1550 2314 Codex

870 2329 1000 2376 Regius
1018 2330 1049 2364 Α
1062 2357 1071 2374 ,
1092 2344 1175 2365 auro
1187 2334 1369 2376 graas‘dae's...
1385 2334 1524 2366 habenis
1536 2343 1550 2374 ‚⁵

870 2380 993 2417 Codex
1012 2383 1042 2418 B
1056 2410 1066 2427 ,
1090 2396 1171 2418 auro
1182 2387 1374 2429 gravidas...
1391 2386 1552 2419 habenas.

870 2435 1023 2470 Minime
1046 2437 1253 2482 spernendae
1279 2437 1454 2479 lectiones.
1483 2439 1548 2472 Ed.

867 2506 912 2513 —
929 2489 1262 2523 Moderaridicimus
1283 2497 1317 2523 et
1335 2502 1466 2534 equum
1484 2490 1548 2524 sre-

869 2541 924 2574 nis
937 2566 946 2583 ,
964 2547 998 2574 et
1015 2540 1086 2586 ipsa
1104 2542 1212 2575 frena.
1230 2542 1362 2575 BURM.
1374 2560 1418 2567 —
1436 2543 1550 2576 Isme-

870 2606 952 2634 nos,
972 2605 990 2626 a
1008 2592 1116 2627 fluvio
1129 2594 1337 2628 Boeotiae.—
1357 2595 1553 2638 Quadrupe-

872 2649 941 2688 des,
956 2659 1019 2691 pro
1031 2649 1261 2691 quadrupedis,
1280 2656 1431 2694 quatuor
1442 2648 1553 2684 MSS.

873 2699 1074 2733 anctoritate
1088 2699 1186 2734 nixus
1201 2726 1209 2743 ,
1229 2700 1357 2735 invexit
1373 2701 1551 2736 Heinsius.
1590 2691 1644 2709 ’Μ’

874 2751 973 2796 Regii
985 2751 1095 2786 nostri
1107 2765 1245 2798 quoque
1260 2752 1390 2788 habent
1404 2756 1555 2798 quadru-

866 2807 973 2848 pedis⁴
992 2823 1034 2830 -—-
1055 2805 1177 2840 Cursus
1199 2807 1426 2851 quadrupedes
1442 2806 1556 2851 poeti-
