1832 3100
352 218 1037 285 METAMORPHOSEON
1075 219 1211 265 LIB.
1247 221 1286 265 I.
1478 219 1536 279 59

109 316 265 368 Saucia
281 314 556 382 vomeribus,
580 332 662 382 per
685 332 731 362 se
755 311 889 380 dabat
914 311 1059 361 omnia
1084 311 1216 361 tellus
1238 331 1249 371 ;

110 397 407 465 Contentique
431 397 565 455 cibis,
588 395 713 445 nullo
739 407 922 459 cogente
937 432 949 453 ‚
975 393 1131 443 creatis
1147 431 1159 453 ‚

108 482 337 532 Arbuteos
358 480 514 539 foetus,
537 491 835 545 montanaque
857 478 981 542 fraga
1001 477 1211 540 legebant
1228 514 1240 535 ‚

112 565 345 632 Cornaque
359 601 371 622 ‚
397 575 442 612 et
460 562 508 611 in
528 561 650 611 duris
671 561 882 611 haerentia
904 580 1031 610 mora
1046 559 1223 608 rubetis
1239 596 1251 618 ,

109 709 350 738 strumentum
379 701 516 738 duobus
554 706 614 736 aut
643 707 794 746 quatuor

111 754 276 790 dentibus
288 782 297 796 ,
315 766 386 800 quo
402 753 511 800 glebae
525 753 563 788 in
581 752 670 799 agris
685 766 794 788 com-

111 807 365 843 minuebantur
378 821 386 848 ;
400 806 523 852 Virgil.
537 805 666 852 Georg.
684 805 713 849 I,
728 808 794 854 94:

113 871 317 906 quanquam
329 865 366 894 et
376 858 551 894 sarritioni
562 858 772 895 inserviebat
783 885 793 903 ,

112 925 202 948 vers.
224 913 295 947 155.

157 976 232 999 ιω.
250 965 378 1000 Saucia
388 965 584 999 vomeribus.
595 963 765 998 Vivianus
776 977 795 999 e

111 1015 213 1052 codd.
227 1019 348 1052 saucia
356 1018 546 1051 vulneribus
558 1015 721 1062 protulit,
742 1015 798 1050 id·-

112 1082 181 1115 que
198 1081 274 1104 non
297 1069 389 1105 bene
407 1068 557 1104 Heinsio
575 1082 611 1104 se
628 1069 797 1114 probavit.

114 1121 222 1158 Notio
244 1124 414 1157 vulnerum
439 1121 513 1166 iam
543 1121 636 1156 inest
665 1121 701 1155 in
723 1133 796 1155 voc.

114 1173 235 1211 saiacia
248 1201 257 1216 ,
287 1181 324 1210 et
348 1187 460 1221 quum
488 1173 662 1220 praecedat
692 1178 800 1208 rastro

115 1232 248 1263 intacta
263 1255 271 1268 ‚
309 1227 527 1262 concinnitas
554 1226 800 1260 membrorum

114 1280 173 1315 hic
189 1292 329 1326 quoque
345 1278 573 1314 instrumenti
589 1290 722 1313 nomen
735 1291 800 1312 re-

119 1332 236 1378 quirit.
247 1332 360 1367 Locus
369 1358 379 1375 ‚
393 1331 430 1366 II
441 1357 450 1375 ,
464 1330 540 1377 287,
554 1343 661 1376 quem
674 1329 799 1364 Heins.

117 1384 332 1430 comparavit
351 1409 361 1427 ,
396 1383 469 1429 ipse
495 1383 579 1418 eum
605 1383 799 1428 impugnat.

118 1455 163 1462 —
170 1437 304 1471 Saucia.
318 1435 412 1471 Sulci
422 1441 505 1470 sunt
514 1434 622 1470 veluti
638 1433 797 1477 vulnera,

118 1488 243 1534 quibus
278 1487 488 1523 dilaceratur
514 1493 653 1534 tergum
685 1493 798 1522 terrae.

117 1541 238 1583 Latius
264 1540 340 1576 haec
371 1540 463 1576 Plin.
496 1541 544 1576 H.
576 1541 621 1576 N.
647 1539 684 1575 II
696 1567 705 1584 ,
727 1540 771 1574 53
786 1567 796 1582 ‚

116 1593 340 1640 persequitur
352 1620 362 1637 ,
392 1600 427 1629 et
455 1593 555 1640 plura
581 1593 799 1629 lacerationis

118 1658 247 1691 genera
257 1645 425 1681 invidiose
436 1653 703 1682 commemorat.
715 1647 800 1682 Non

117 1698 251 1733 mirum
262 1705 382 1734 autem
395 1705 459 1743 est,
475 1698 724 1744 agriculturam
740 1698 801 1733 diu

116 1751 220 1787 fuisse
235 1752 433 1799 ignoratam
443 1778 453 1796 ,
482 1752 609 1798 quip'pe
622 1765 699 1798 quae
712 1752 801 1786 mul-

117 1811 236 1840 tarum
258 1804 381 1840 rerum
406 1805 587 1841 scientiam
600 1832 610 1850 ‚
634 1819 801 1852 magnam

117 1870 259 1903 curam,
275 1858 430 1893 multum
446 1857 573 1893 laboris
590 1859 756 1904 requirat.

168 1911 241 1946 103.
257 1912 360 1946 Nullo
374 1915 520 1956 cogente.
533 1909 656 1957 Virgil.
671 1910 801 1958 Georg.

121 1963 161 2008 I,
186 1964 247 1998 128
260 1989 270 2007 ,
296 1963 371 2009 pari
387 1962 559 2008 elegantia
572 1989 582 2006 ,
607 1965 699 1997 nullo
710 1977 803 2007 pos-

121 2019 236 2057 cente5
257 2027 459 2061 quanquam
473 2013 569 2049 idem
584 2021 619 2049 et
634 2017 739 2048 nullis
751 2027 803 2048 co-

118 2069 294 2111 geniibus,
312 2066 441 2113 Georg.
459 2067 513 2108 II,
536 2079 576 2101 10
590 2081 598 2102 :
611 2073 803 2111 utrumque

121 2119 271 2154 verbum
279 2131 354 2153 non
362 2118 480 2153 minus
488 2119 665 2164 eleganter
673 2145 682 2162 ,
698 2132 805 2164 quam

123 2173 284 2214 imperare
298 2173 403 2211 amir,
427 2169 471 2204 de
484 2170 639 2216 agricolis
655 2170 782 2205 dicitur
794 2198 803 2215 ,

124 2221 185 2266 qui
214 2221 322 2256 veluti
357 2226 483 2266 cogunt
521 2229 652 2257 terram
688 2223 805 2269 fruges

124 2273 276 2309 reddere
287 2274 500 2312 cultoribus:
516 2274 594 2310 vide
608 2275 806 2310 Burmann.

126 2326 222 2361 Arva
230 2339 315 2362 vero
328 2339 439 2372 quum
448 2328 565 2373 fruges
576 2327 743 2372 reddunt,
754 2328 807 2363 di-

125 2386 257 2414 cuntur
269 2392 405 2423 parere,
433 2382 628 2423 respondere
648 2387 712 2415 etc.
735 2379 807 2415 Sed

125 2436 208 2472 cibi,
241 2432 300 2478 qui
323 2433 395 2478 jam
420 2440 629 2474 narrantur⁷
658 2434 806 2469 minime

126 2485 212 2538 lauti
229 2492 330 2529 sunt,
348 2481 464 2531 neque
481 2486 526 2521 ob
541 2499 600 2522 eos
618 2486 809 2523 invidenda

130 2551 236 2574 aurea
253 2546 345 2574 aetas.
806 2541 810 2545 ”

175 2594 249 2636 ιο4.
272 2593 448 2627 Arbuteos.
464 2592 613 2628 Plurimi
633 2596 806 2636 arboreos,

129 2657 207 2690 quae
215 2645 286 2679 duo
295 2645 479 2691 saepissime
492 2647 635 2680 confusa
645 2654 737 2682 sunt.
747 2648 810 2682 Ar-

128 2698 244 2730 bulcos
251 2697 371 2742 soetus,
391 2697 524 2731 arbuta.
540 2697 711 2737 Arbulus,
735 2710 812 2732 nos·

130 2748 192 2784 tris
207 2750 454 2784 Erdbecrbaum
466 2776 476 2794 ,
502 2750 605 2785 arbor
619 2750 782 2785 fruticosa
800 2776 810 2795 ‚

1475 573 1537 608 105

858 699 896 735 in
909 699 1008 735 Italia
1019 700 1186 745 frequens
1200 724 1210 742 ,
1228 709 1333 744 poma
1347 697 1464 733 serens
1479 711 1544 733 ru-

858 753 976 788 bentia
984 752 1035 799 (Χ
1049 778 1058 796 ,
1077 752 1153 795 ιοι)
1165 751 1268 797 fragis
1278 750 1416 795 similia,
1429 757 1465 786 et
1476 751 1546 786 dis-

859 803 960 839 ficilia
974 803 1193 839 concoctioni
1212 802 1321 849 (Plin.
1336 802 1478 847 XXIII,
1490 800 1543 848 8),

861 856 986 902 quibus
996 856 1166 891 tenuioris
1176 855 1277 891 sortis
1286 854 1448 890 homines
1456 855 1548 890 vesci

860 908 1036 943 solebant:
1049 907 1118 942 vid.
1135 907 1283 942 Martin.
1301 906 1345 941 ad
1361 906 1485 952 virgil.
1504 907 1521 941 1
1535 933 1545 950 ‚

866 961 937 1004 148.
956 960 1075 995 Etiam
1091 961 1208 994 Varro
1230 959 1274 994 R.
1296 959 1340 994 R.
1359 959 1416 1002 ΙΙ,
1444 969 1459 993 1
1478 985 1487 1003 ,
1515 966 1552 994 et

864 1012 986 1060 Vin-gil.
1005 1012 1039 1047 d.
1056 1012 1077 1047 l.
1095 1024 1154 1047 eos
1171 1012 1274 1047 soetus
1289 1011 1327 1045 in
1344 1011 1551 1056 antiquissi-

863 1077 1007 1099 morum
1023 1064 1214 1099 hominum
1227 1064 1323 1099 victu
1334 1075 1551 1098 commemo-

864 1124 955 1152 rant.
973 1117 1045 1152 Sed
1056 1120 1191 1152 arborei
1192 1117 1321 1162 saelns,
1341 1129 1419 1162 quae
1437 1124 1489 1151 est
1504 1116 1552 1151 al-

865 1177 941 1205 tera
964 1171 1088 1215 lectio,
1119 1172 1237 1206 forent
1260 1182 1366 1216 poma
1392 1171 1425 1205 X
1442 1197 1453 1214 ‚
1475 1170 1552 1218 669.

867 1222 955 1258 Haec
962 1236 1047 1258 vero
1057 1223 1166 1269 magis
1174 1223 1348 1258 culturam
1357 1223 1549 1268 postulant,

866 1276 1054 1321 minusque
1066 1275 1154 1311 adeo
1164 1276 1279 1322 primo
1286 1276 1404 1311 seculo
1413 1288 1552 1310 conve-

867 1329 972 1363 niunt
984 1339 992 1360 ε
1006 1329 1210 1363 tribuuntur
1221 1329 1252 1363 ei
1262 1336 1395 1372 tamen,
1405 1328 1489 1372 XV,
1501 1342 1554 1376 97.

866 1381 990 1416 Heins.
1013 1381 1106 1426 conj.
1128 1383 1307 1416 :roboreos
1321 1380 1447 1425 falas,
1473 1380 1496 1415 i.
1522 1393 1552 1415 e.

865 1433 1018 1481 glandes.
1036 1435 1086 1470 At
1096 1433 1138 1469 de
1151 1434 1227 1481 glan
1233 1434 1332 1470 dibus
1343 1447 1425 1469 mox
1433 1434 1554 1480 sequi.-

865 1493 934 1521 tur.
950 1486 1095 1522 Hesiod.
1106 1481 1180 1536 έργ.
1196 1501 1208 1520 1
1218 1487 1270 1531 16,
1284 1488 1553 1535 ἀφνειοὶμὴλοισι,

865 1538 959 1584 quod
979 1546 1030 1574 est
1043 1566 1052 1583 ,
1070 1541 1285 1578 abundanter
1296 1542 1446 1574 arbuteis
1454 1539 1556 1584 foeli-

865 1594 949 1626 bus:
964 1591 1034 1626 vid.
1050 1591 1233 1627 Graevium
1257 1591 1300 1626 ad
1317 1591 1353 1626 h.
1369 1591 1391 1626 l.

916 1645 989 1678 105.
1006 1645 1189 1678 Ila-remia.
1209 1643 1306 1678 Male
1326 1643 1555 1678 Burmannus

866 1709 908 1731 ex
917 1696 1015 1731 Leid.
1027 1703 1062 1731 et
1075 1696 1148 1731 aliis
1160 1694 1370 1742 quibusdam
1383 1696 1553 1742 probabat

866 1751 1044 1784 horrentia.
1065 1749 1221 1784 Arbores
1237 1748 1318 1794 ipsae
1329 1775 1338 1792 ,
1357 1761 1552 1794 earumque

867 1801 956 1835 rami
971 1808 1066 1837 recte
1085 1801 1253 1836 dicuntur
1263 1803 1409 1842 horrere,
1430 1800 1555 1843 id-est,

868 1855 1026 1889 eminere
1038 1881 1049 1898 ,
1068 1867 1142 1889 non
1160 1855 1246 1889 item
1262 1855 1404 1890 fructus.
1422 1854 1554 1899 Regius

869 1922 910 1943 ex
939 1908 1229 1953 interpretatione
1247 1934 1256 1952 ‚
1285 1909 1481 1952 pendentia.
1511 1925 1555 1933 --

872 1963 1016 2003 Cornus,
1037 1962 1276 2002 Comelbaum,
1298 1961 1399 2006 cujus
1408 1961 1555 2004 fructus,

869 2027 989 2055 corna,
1014 2013 1159 2059 lapidosi
1180 2021 1285 2058 sunt,
1308 2026 1376 2048 nec
1400 2013 1556 2047 multum

869 2061 982 2102 carnis
1006 2066 1137 2102 habent
1155 2093 1164 2111 ,
1194 2066 1319 2114 quibus
1347 2065 1435 2101 adeo
1465 2067 1554 2101 Ho-

870 2119 960 2154 meri
986 2126 1168 2165 tempore,
1197 2118 1267 2154 od.
1286 2120 1343 2163 X,
1366 2120 1425 2163 24¹
1445 2145 1454 2163 ,
1478 2132 1557 2153 sues

870 2172 1102 2218 pascebantur
1120 2187 1128 2214 ;
1158 2171 1256 2206 unde
1283 2179 1320 2206 et
1352 2184 1371 2206 a
1408 2172 1561 2218 Virgilio

871 2225 1013 2261 AEneid.
1029 2225 1105 2270 III,
1122 2225 1208 2274 649,
1226 2226 1319 2260 inter
1329 2229 1452 2260 victum
1464 2224 1558 2268 infe-

870 2281 966 2313 licem
978 2278 1193 2313 referuntur.
1203 2279 1402 2313 -Rubenzn
1415 2277 1559 2323 Asperis

871 2339 907 2373 et
920 2332 1076 2378 spinosis.
1093 2330 1275 2366 Rubetum
1292 2336 1411 2364 autem
1429 2329 1558 2364 dicitur

871 2385 967 2421 locus
980 2411 989 2429 ,
1014 2383 1109 2419 rubis
1129 2390 1163 2419 et
1179 2384 1286 2429 spinis
1303 2382 1467 2417 consitus.
1488 2384 1557 2416 Ed.

871 2456 916 2466 ·-
938 2437 1082 2480 Rubus,
1110 2437 1432 2476 Brombeerslaude‚
1461 2447 1562 2470 mora

873 2489 1040 2525 silvestria
1065 2489 1156 2533 sert,
1182 2488 1307 2536 quibus
1333 2494 1368 2522 et
1393 2487 1473 2533 ipsis
1500 2494 1563 2522 te-

874 2543 1016 2577 nuiores
1035 2540 1156 2576 homin
1163 2553 1198 2574 es
1208 2539 1456 2575 vescebantur:
1471 2540 1563 2575 Plin.

876 2588 1082 2628 H.N.XV1
1097 2618 1106 2635 ,
1121 2591 1256 2638 37-71;
1277 2591 1416 2636 XXIV,
1437 2592 1566 2637 13-73,

876 2648 977 2680 duros
990 2647 1090 2679 rubos
1102 2643 1207 2685 dixit;
1229 2643 1336 2678 etiam
1354 2645 1482 2680 Noster
1498 2644 1565 2686 lv-⁹

877 2698 982 2732 Pont.
1012 2697 1084 2741 IV,
1119 2697 1150 2740 4.
1178 2715 1223 2722 -
1241 2696 1341 2733 Beue
1366 2699 1504 2739 harere,
1526 2703 1566 2731 ut

880 2750 957 2794 111,
978 2749 1064 2796 730,
1088 2748 1131 2785 de
1157 2749 1256 2785 soliis.
