1832 3100
257 242 341 284 312

615 243 668 286 P.
713 244 954 288 OVIDII
990 245 1301 292 NASONIS

251 335 456 383 Poscitur
477 334 706 393 Alcithoe,
732 348 967 402 postquam
992 337 1146 386 siluere
1170 358 1371 397 sorores;

255 412 366 476 Quae
381 449 391 467 ‚
417 411 539 460 radio
564 413 718 461 stantis
741 433 1000 479 percurrens
1028 415 1211 463 stamina
1237 415 1358 474 telae,

1593 429 1657 477 275

257 513 278 532 «
302 489 519 553 Vulgatos
541 503 688 549 taceo,
714 490 850 549 dixit,
874 491 1064 557 pastoris
1088 511 1254 541 amores

251 560 501 632 Daphnidis
525 567 649 626 Idaei,
675 587 803 634 quem
826 568 1028 634 Nymphe
1047 567 1216 634 pellicis
1239 569 1305 617 ira
1441 586 1462 602 ·

252 643 455 692 Contulit
479 645 524 692 in
547 665 697 693 saxum
712 648 727 692 ἐ
753 656 900 692 tantus
926 643 1057 692 dolor
1079 645 1169 692 urit
1191 647 1409 694 amantes!

314 722 405 769 Nec
428 720 611 787 loquor,
638 732 688 769 ut
713 720 935 786 quondam
957 733 1122 770 naturae
1140 722 1236 786 jure
1258 734 1419 770 novato

252 798 504 860 Ambiguus
525 798 658 845 fuerit
680 797 814 845 modo
838 797 928 854 vir,
953 798 1087 845 modo
1111 797 1295 856 femina,
1318 784 1525 864 Scythen.
1594 816 1659 850 280

314 877 377 923 Te
405 894 601 941 quoque,
624 894 742 922 nunc
768 874 961 932 adamas,
990 875 1208 940 quondam
1232 874 1439 924 fidissime
1462 894 1595 942 parvo
1611 914 1623 935 ‚
1662 911 1664 913 ψ

253 952 392 1001 Celmi
409 990 420 1010 ‚
445 954 473 1000 J
477 953 545 999 ovi
565 973 574 1010 3
600 952 809 1018 largoque
831 964 949 1000 satos
976 953 1157 1000 Curetas
1181 951 1235 999 ab
1257 951 1388 999 imbri
1404 989 1416 1010 ,

248 1032 308 1078 Et
333 1031 510 1078 Crocon
536 1030 582 1076 in
603 1048 763 1095 parvos
786 1048 958 1077 versum
981 1048 1080 1077 cum
1105 1027 1289 1076 Smilace
1311 1028 1462 1087 flores,

249 1107 490 1165 Praetereo;
516 1106 723 1172 dulcique
746 1105 915 1155 animos
938 1106 1131 1153 novitate
1155 1098 1329 1153 tenebo.
1516 1099 1520 1104 ⁴

290 1239 364 1283 274.
376 1240 532 1272 Poscitur
541 1250 615 1272 non
624 1236 731 1271 modo
744 1236 771 1272 is
784 1263 792 1281 ‚
807 1236 864 1282 qui
878 1235 920 1271 ad

246 1289 445 1324 canendum
455 1316 465 1332 ‚
483 1289 671 1324 dicendum
682 1316 691 1333 ‚
704 1289 920 1323 narrandum

245 1342 412 1376 excitatur
425 1368 434 1384 ,
452 1341 511 1376 sed
525 1349 559 1376 et
572 1341 614 1375 ad
625 1354 730 1386 quem
741 1341 827 1375 ordo
838 1355 920 1375 nar—

246 1393 346 1427 randi
364 1395 482 1437 venit,
500 1394 579 1428 licet
595 1407 614 1427 a
630 1394 773 1428 nemine
789 1393 921 1428 sollici-

245 1452 349 1479 tetur.
364 1464 409 1473 --
425 1446 582 1479 Alcithoe
593 1473 601 1484 ,
625 1446 726 1480 tertia
741 1459 840 1480 soror
850 1472 859 1489 ,
877 1446 920 1481 de

243 1498 397 1531 Salmace
405 1499 500 1531 sonte
512 1504 547 1531 et
557 1499 832 1541 Ilermaphrodilo
841 1511 919 1531 nar-

242 1561 319 1583 rare
339 1549 466 1594 incipit.
493 1548 561 1583 Sed
578 1549 810 1593 praeteritione
829 1549 919 1582 rhe—

243 1600 351 1635 torica
368 1607 470 1634 utens
480 1626 490 1642 ‚
507 1600 588 1633 alios
601 1599 767 1644 quosdam
781 1598 919 1645 mythos

242 1652 397 1687 breviter
406 1652 745 1696 attingit.—-Veteres
758 1651 793 1684 in
805 1658 919 1685 texen-

245 1704 291 1739 do
307 1704 455 1739 stamina
478 1703 520 1737 ad
541 1703 828 1748 perpendiculum
849 1717 916 1737 ex-

244 1757 390 1792 tendere
409 1755 574 1791 solebant.
598 1756 693 1790 Hinc
712 1760 809 1789 stans
826 1755 917 1798 tela;

187 1858 192 1862 Ι
247 1809 324 1843 alibi
338 1810 494 1852 pendula.

288 1874 362 1906 277.
391 1861 549 1902 Daphnis
565 1886 573 1899 ,
605 1858 774 1892 Mercurii
801 1857 889 1892 filius
907 1884 917 1902 ‚

245 1918 362 1957 pastor
387 1911 522 1945 Siculus
546 1936 555 1953 ,
586 1923 604 1943 a
638 1911 734 1944 Pane
763 1909 919 1944 musicen

246 1963 388 1998 edoctus
399 1989 407 2006 ‚
419 1962 654 1997 bucolicorum
662 1962 858 1996 carminum
869 1962 920 1995 in-

245 2022 382 2049 ventor.
394 2015 502 2049 Hunc
511 2014 647 2048 amabat
656 2014 818 2061 Nympha
831 2026 920 2058 quae-

247 2068 329 2102 dam
345 2071 385 2102 e'a
401 2068 475 2113 lege
486 2094 494 2110 ‚
513 2081 558 2102 ne
575 2079 654 2102 curn
672 2067 734 2101 alia
750 2079 826 2101 rem
849 2067 919 2101 ha-

245 2122 354 2156 beret.
366 2119 435 2154 Sed
446 2120 528 2153 vino
542 2119 719 2164 quondam
731 2119 919 2154 inebriatus

246 2187 328 2209 cum
343 2173 462 2218 regina
480 2173 594 2207 Sicula
609 2173 806 2207 concubuit.
825 2172 920 2207 Hinc

247 2224 420 2272 Nymphae
432 2225 482 2259 ira
499 2224 604 2259 oculis
620 2232 670 2258 est
684 2225 846 2269 privatus.
861 2223 919 2258 Sic

247 2278 319 2311 sere
337 2289 412 2310 rem
423 2282 568 2310 narrant
577 2275 752 2309 Diodorus
771 2275 917 2318 Siculus,

248 2327 315 2370 IV,
333 2329 396 2372 87;
422 2326 581 2360 AElianus
595 2353 604 2369 ‚
630 2326 674 2359 V.
695 2327 742 2360 H.
767 2327 800 2359 X
814 2352 822 2368 ‚
854 2326 916 2365 18;

247 2378 388 2413 Servius
400 2405 409 2422 ‚
426 2378 469 2413 ad
486 2378 583 2424 Virg.
595 2377 666 2412 Ecl.
679 2379 727 2419 V,
742 2391 792 2411 20.
802 2377 918 2421 Hujus

246 2428 442 2475 Daphnidis
459 2429 574 2464 laudes
597 2428 714 2462 multis
736 2427 918 2473 pastoritiis

246 2481 455 2516 carminibus
476 2480 658 2515 materiam
684 2479 917 2524 praebuerunt.

248 2533 424 2568 Theocrit.
441 2534 521 2568 1d.1
535 2560 544 2577 ,
562 2544 616 2567 vn
631 2547 639 2575 ;
659 2531 780 2578 Virgil.
798 2532 870 2566 Ecl.
884 2542 917 2565 v.

247 2585 343 2619 Hinc
361 2588 516 2629 vulgatos
531 2598 668 2619 amores.
686 2584 755 2619 Sed
771 2585 915 2627 Noster,

247 2635 327 2670 alios
338 2635 431 2669 haud
443 2636 546 2671 dubie
560 2643 726 2681 sequutus
741 2642 896 2669 auctores
906 2660 916 2678 ,

245 2698 328 2720 eum
352 2687 431 2721 facit
457 2690 578 2722 Idaeum
590 2715 598 2728 ,
626 2700 731 2732 quem
754 2686 918 2733 Nympha

242 2741 277 2772 in
292 2750 411 2773 saxum
421 2745 542 2773 mutat.
551 2757 594 2765 ·—
607 2740 771 2782 Contuli&
782 2738 896 2782 plures
905 2762 916 2781 ,

985 1239 1173 1277 transtulit,
1195 1236 1363 1282 probante
1386 1236 1558 1272 Famabio
1570 1232 1582 1279 ;’
1596 1237 1657 1272 sed

984 1291 1095 1325 nostri
1110 1291 1210 1336 Regii
1226 1290 1353 1324 habent
1369 1293 1519 1325 contulil.
1539 1290 1658 1325 Ed.-

988 1345 1149 1385 Contulil‚
1164 1344 1390 1378 convertit.—-
1396 1344 1494 1377 Urere
1503 1342 1546 1377 de
1559 1343 1657 1377 omni

985 1395 1120 1430 adfectu
1133 1410 1141 1437 ;
1159 1402 1209 1430 est
1225 1395 1321 1429 enim
1332 1394 1479 1429 omniuo
1492 1394 1656 1431 cruciare.

1028 1462 1101 1495 279·
1112 1451 1183 1483 Nec
1194 1451 1315 1492 loquor.
1330 1446 1450 1482 Codex
1466 1446 1595 1492 Regius
1609 1446 1655 1490 A,

983 1513 1044 1534 nec
1060 1503 1196 1544 loquar,⁸
1211 1499 1356 1533 vividius
1367 1500 1455 1533 sorte
1467 1525 1477 1542 ‚
1488 1498 1550 1533 etsi
1565 1498 1657 1532 inter

983 1550 1054 1584 duo
1080 1558 1238 1596 tempora
1267 1550 1450 1596 praesentia
1474 1550 1626 1584 locatum
1644 1575 1654 1593 ,

981 1602 1108 1636 scilicet
1117 1606 1211 1636 taceo
1224 1609 1258 1636 et
1262 1607 1428 1645 pretereo,
1443 1601 1637 1646 reperiatur
1647 1615 1655 1643 ;

982 1666 1066 1687 nam
1085 1654 1232 1688 mutatio
1250 1661 1450 1698 temporum
1468 1653 1557 1697 apud
1572 1665 1658 1698 poe-

982 1710 1032 1738 tas
1047 1717 1119 1738 non
1140 1711 1190 1738 est
1205 1703 1407 1748 injucunda.
1429 1704 1494 1736 Ed.
1509 1721 1553 1728 -—
1575 1704 1656 1738 No—

983 1757 1163 1801 valojure,
1181 1756 1280 1790 novis
1296 1762 1331 1790 et
1345 1754 1507 1789 inauditis
1519 1761 1655 1789 naturae

982 1807 1174 1852 legibus.—
1185 1808 1379 1850 Ambzkuus.
1392 1804 1482 1839 Vide
1495 1804 1538 1839 ad
1551 1805 1588 1839 11
1599 1831 1609 1849 ,
1624 1805 1656 1840 8.

984 1877 1026 1884 —
1052 1859 1195 1905 Scythen
1207 1869 1220 1900 ;
1252 1857 1455 1892 vetustiores
1485 1863 1521 1890 et
1546 1857 1657 1891 nostri

985 1912 1085 1957 Regii
1103 1911 1192 1954 duo,
1209 1911 1337 1944 Sithon.
1356 1910 1411 1945 De
1423 1911 1587 1956 Scythone
1597 1910 1656 1944 sa-

982 1963 1063 1998 bula
1080 1963 1247 2008 ignorata.
1307 1997 1309 1999 ,

1029 2016 1101 2049 282.
1116 2016 1227 2049 Celmi.
1239 2013 1360 2048 Codex
1371 2012 1500 2060 Regius
1509 2012 1554 2056 A,
1562 2014 1659 2048 Thel-

983 2079 1043 2099 me.
1059 2065 1180 2100 Codex
1192 2065 1221 2100 Β
1237 2065 1379 2108 rectius,
1398 2062 1658 2098 Celme.ss-Cel-

984 2130 1076 2158 mus,
1101 2123 1160 2150 aut
1183 2117 1323 2157 Celmis,
1342 2115 1507 2150 nutritius
1530 2115 1628 2150 Jovis
1645 2141 1655 2159 ,

983 2168 1037 2203 cui
1051 2194 1061 2211 ‚
1079 2167 1165 2201 dum
1184 2179 1310 2211 parvus
1330 2173 1425 2210 erat,
1453 2172 1488 2200 et
1499 2167 1597 2211 fidus
1621 2172 1657 2200 et

984 2219 1175 2253 admodum
1199 2225 1314 2264 gratus
1341 2217 1414 2252 suit.
1445 2216 1516 2252 Sed
1545 2229 1654 2262 quum

983 2278 1100 2315 postea
1114 2270 1299 2315 vulgasset,
1325 2268 1452 2302 Jovem
1469 2280 1541 2302 esse
1558 2279 1657 2301 mor-

982 2323 1089 2357 talem
1100 2349 1109 2366 ,
1130 2322 1167 2356 in
1183 2324 1393 2356 adamantem
1410 2320 1452 2354 ab
1473 2332 1515 2354 eo
1536 2332 1654 2354 versus

983 2382 1044 2409 est.
1059 2393 1103 2400 —
1121 2376 1254 2408 Curetes
1265 2371 1371 2406 iidem
1384 2397 1392 2415 ,
1407 2371 1465 2416 qui
1484 2372 1657 2416 Coryban—

983 2431 1033 2460 tes
1050 2439 1060 2459 ,·
1077 2425 1155 2459 vide
1175 2423 1308 2471 Hygini
1332 2423 1398 2457 sab.
1426 2423 1508 2470 139,
1537 2422 1654 2467 ibique

982 2477 1147 2512 Munker.
1165 2477 1276 2510 Erant
1292 2475 1519 2520 antiquissimi
1539 2474 1656 2510 Cretae

981 2522 1114 2562 incolaess
1126 2528 1179 2562 Ex
1193 2526 1362 2568 imbribus
1378 2526 1548 2571 procreati
1561 2525 1656 2559 dice-

981 2581 1118 2615 bantur.
1141 2580 1212 2615 Sed
1231 2580 1394 2626 pleraque
1417 2579 1460 2613 de
1481 2578 1521 2613 iis
1537 2579 1654 2623 ignota

981 2641 1073 2668 sunt.
1090 2651 1134 2659 -
1147 2634 1203 2668 Ab
1217 2660 1227 2673 ,
1245 2646 1295 2667 ex.

1027 2687 1101 2720 283.
1132 2688 1252 2721 Crocos
1264 2713 1272 2727 ,
1299 2684 1494 2720 adolescens
1508 2708 1517 2726 ,
1546 2693 1651 2726 quem

982 2737 1118 2773 amabat
1133 2738 1271 2773 Smilax.
1288 2735 1402 2771 Ambo
1420 2734 1458 2769 in
1474 2733 1576 2768 flores
1592 2743 1654 2767 co-
