1832 3100
284 266 368 296 202

657 234 977 300 P.'OV1DIi
1008 243 1316 300 NASONIS

278 346 494 413 Delphice
510 385 521 406 ‚
547 347 778 416 poscebat;
804 367 906 398 nam
926 369 1006 398 nec
1026 349 1271 413 rescindere
1293 350 1441 413 magni

279 431 410 478 Jussa
432 431 462 477 J
465 431 557 479 ovis
581 443 757 498 poteras
778 451 788 479 ε
808 450 912 491 nec,
937 432 974 480 si
997 432 1240 482 rescindere
1263 450 1439 499 posses,

279 512 406 558 Tunc
429 511 608 561 aderas:
629 512 753 571 Elin,
778 514 1088 580 Messaniaque
1112 532 1213 562 arva
1229 513 1419 562 colebas.

279 592 398 642 Illud
422 606 511 644 erat
535 607 708 662 tempus
722 635 733 655 ‚
760 614 848 664 quo
870 609 912 645 te
934 597 1127 663 pastoria
1145 596 1274 663 pellis

281 676 436 734 Texit3
463 697 663 745 onusque
686 678 772 727 suit
797 679 955 728 dextrae
981 678 1191 727 silvestris
1216 673 1358 735 oliira3

279 756 476 807 Alterius
492 797 503 818 ‚
531 760 680 828 dispar
700 763 891 828 septenis
913 761 1063 811 fistula*
1083 761 1247 810 cannis.

280 839 486 907 Dumque
509 861 633 890 amor
653 855 719 892 est
741 862 873 903 curae,
895 843 1002 893 dum
1025 856 1066 892 te
1091 855 1167 892 tua
1183 841 1331 891 fistula
1351 839 1513 906 mulcet
1528 878 1539 898 ‚

323 985 365 1031 67
371 998 399 1030 7.
407 987 479 1021 Nec
488 989 681 1022 rescindere.
691 989 773 1023 Non
787 989 883 1024 enim
893 1003 958 1025 re—

280 1036 439 1071 scindere
451 1036 528 1072 Diis
540 1037 617 1072 licet
628 1046 701 1073 acta
712 1039 859 1074 aliorum
867 1040 960 1075 Deo-

282 1101 374 1123 rum.
403 1087 507 1124 Cous.
526 1090 582 1125 ΙΙΙ
594 1116 603 1133 ,
635 1091 720 1132 235;
745 1092 834 1127 XIV
847 1119 856 1134 ‚
886 1093 960 1138 784.

283 1141 399 1176 Fluxit
418 1142 484 1177 hoc
508 1156 549 1177 ex
566 1143 723 1189 Euripid.
748 1145 856 1190 Hipp.
872 1157 960 1179 vers.

287 1194 370 1228 1328
382 1220 391 1236 ,
415 1207 433 1228 a
453 1207 522 1239 quo
542 1195 616 1230 haec
629 1196 789 1230 Deorum
806 1197 859 1231 lex
875 1208 962 1231 con-

280 1245 369 1279 secta
381 1245 534 1281 videtur:
545 1247 692 1282 Valken.
701 1247 744 1282 ad
758 1247 791 1282 d.
801 1247 962 1282 l.—·Ade—

282 1310 355 1338 ras,
376 1297 503 1332 scilicet
517 1298 554 1333 in
573 1299 748 1334 Thessalia
760 1325 769 1343 ,
787 1300 847 1334 ubi
863 1299 964 1334 habi-

282 1349 378 1383 tabat
391 1348 547 1392 Chiron;
563 1352 694 1388 etenim
709 1364 783 1386 non
796 1352 862 1386 nisi
876 1364 964 1397 prae-

283 1412 363 1434 sens
379 1399 477 1435 Deus
501 1414 605 1447 opem
626 1403 716 1437 serre
739 1410 877 1448 poterat
894 1402 964 1436 ad—

284 1450 395 1486 flictis.
412 1451 538 1497 Apollo
556 1461 673 1488 autem
686 1454 817 1489 abierat
832 1480 842 1497 ‚
860 1454 964 1488 boves

285 1515 444 1547 quaerens
457 1530 468 1547 ,
500 1505 539 1539 in
564 1505 850 1551 Peloponnesum
867 1531 876 1548 ,
905 1505 966 1539 uhi

284 1556 363 1589 Elis
373 1562 409 1589 et
420 1557 592 1591 Messenia
602 1557 671 1592 sive
683 1556 718 1602 (e
730 1556 877 1591 dialecto
887 1556 967 1591 Do-

284 1604 372 1651 rica)
382 1608 559 1641 Mssam'a
567 1619 658 1641 arva.
669 1607 824 1642 Lactant.
835 1607 872 1641 in
881 1608 966 1653 Arg.

287 1657 393 1692 tradit
406 1684 415 1701 ,
431 1658 646 1704 -Apollinem
667 1666 751 1694 tunc
767 1659 911 1694 Admeti
929 1659 966 1694 in

289 1709 466 1744 Thessalia
476 1718 634 1745 armenta
644 1711 784 1756 pavisse.
794 1711 881 1755 Ejus
888 1723 964 1745 auc-

289 1760 429 1795 toritate
441 1761 596 1807 decepti,
613 1763 695 1797 Intt.
710 1762 852 1808 quidam
863 1762 969 1796 verba

289 1814 372 1846 Elin
390 1814 623 1859 stIessem'aque
644 1827 726 1850 arva
746 1814 875 1849 mutari
898 1827 968 1848 vo-

291 1864 446 1899 luerunt.
469 1866 633 1900 Temere.
657 1866 715 1900 Ad
730 1866 826 1901 illam
845 1872 969 1900 custo-

293 1916 388 1952 diam
400 1917 527 1964 Apollo
540 1919 652 1953 multo
663 1919 772 1954 serius
785 1918 970 1955 damnatus

293 1976 387 2013 erat,
415 1970 532 2005 occisis
549 1970 760 2018 Cyclopibus
776 1997 785 2015 ,
811 1971 871 2017 qui
890 1970 972 2005 Jovi

294 2020 337 2054 ad
363 2022 563 2056 necandum
581 2023 819 2068 AEsculapium
838 2022 972 2056 fulmen

294 2072 544 2108 ministrarant.
556 2074 716 2120 Apollod.
729 2074 785 2109 Ill
795 2100 804 2118 ,
818 2085 841 2107 x
857 2100 866 2117 ,
885 2074 916 2117 4.
929 2089 972 2099 -·

295 2122 395 2159 Olim
406 2125 518 2170 vulgo,
530 2127 771 2170 Messeniaque.
780 2125 852 2160 Sed
861 2124 972 2158 Vatic.

298 2173 435 2211 Caelest.
446 2177 568 2212 Franc.
581 2177 668 2222 Reg.
679 2184 714 2211 et
724 2177 876 2223 optimus
886 2176 974 2220 quis-

296 2240 363 2273 que
378 2254 387 2271 ‚
408 2229 647 2273 Messamxaque
665 2236 724 2263 aut
739 2230 974 2272 Alea-sanaque.

340 2280 417 2315 630.
436 2282 510 2324 Quo
524 2285 556 2315 le
565 2284 720 2324 pastoria
727 2283 841 2324 pellis.
851 2281 975 2316 Pasto-.

297 2336 376 2367 rem
392 2332 434 2366 ab
449 2332 571 2367 habitu
585 2345 704 2367 rursus
716 2332 882 2377 designat.
895 2334 976 2373 Pel—

298 2387 343 2418 lis
365 2384 533 2419 humeros
549 2391 728 2429 pastorum
744 2391 862 2430 tegere
877 2383 975 2418 sole-

298 2437 367 2471 bat.
388 2437 488 2471 vers.
509 2449 579 2481 seq.
601 2435 856 2471 revocavilect.
877 2436 976 2469 anti-

302 2501 407 2532 quam
421 2514 430 2532 ,
461 2501 568 2533 quam
590 2501 632 2523 ex
663 2495 760 2534 parte
788 2488 894 2523 etiam
921 2487 978 2522 alii

303 2542 412 2577 MSS.
428 2542 569 2588 plurimi
587 2542 754 2586 adjuvant
767 2568 776 2586 ,
798 2541 835 2576 in
854 2541 978 2586 quibus

301 2601 362 2628 aut
371 2607 454 2628 onus
461 2597 584 2629 dexlroe
593 2596 733 2629 baculus
744 2596 904 2628 silvestn&
913 2595 980 2627 oli-

305 2661 350 2682 νο
359 2674 368 2688 ,
383 2654 442 2682 aut
453 2673 463 2690 ,
476 2654 515 2681 ut
529 2654 608 2682 ante
620 2646 743 2681 Heius.
753 2646 957 2691 vulgabatur
967 2672 977 2690 ,

304 2714 449 2746 onusque
457 2701 534 2746 fiu‘l
552 2705 690 2738 baculus
703 2705 866 2738 sdoestntr
877 2706 980 2737 oliva.

307 2752 452 2789 Etenim
463 2754 625 2790 baculum
638 2755 856 2801 oleagineum
870 2762 981 2800 gesta-

1022 1002 1060 1024 re
1077 988 1234 1024 solebant
1250 994 1412 1033 pastores.
1427 985 1542 1032 Apoll.
1559 985 1614 1029 11,
1633 986 1697 1029 34;

1024 1047 1128 1085 atque
1144 1040 1248 1073 etiam
1261 1038 1353 1084 apud
1363 1038 1486 1083 virgil.
1503 1036 1576 1072 Ecl.
1586 1036 1697 1076 VIII,

1028 1092 1068 1126 16
1076 1116 1086 1134 ,
1100 1090 1243 1125 Damon
1253 1088 1424 1126 incumbit
1435 1091 1533 1123 tereti
1536 1090 1640 1122 oliva.
1653 1086 1701 1123 Et

1026 1143 1222 1188 gestabatur
1233 1143 1380 1181 dez-tem,
1393 1140 1544 1175 Theocr-
1556 1138 1608 1174 Id.
1624 1149 1680 1175 vn
1689 1163 1699 1180 ‚

1030 1196 1132 1240 15-19
1145 1219 1155 1236 ‚
1181 1205 1333 1238 quocum
1355 1191 1411 1226 hic
1427 1191 1523 1226 locus
1538 1202 1558 1225 e
1581 1195 1701 1224 nostra

1025 1245 1174 1280 lectione
1191 1245 1328 1291 egregie
1343 1243 1527 1289 conspirat.
1553 1242 1648 1277 Nam
1666 1247 1702 1275 et

998 1319 1001 1323 -
1025 1298 1074 1332 ibi
1100 1303 1218 1342 pastor
1240 1295 1396 1338 humeris
1416 1294 1576 1330 indutam
1598 1292 1704 1327 habet

1011 1390 1014 1392 ,
1021 1353 1142 1395 pellem
1158 1377 1167 1391 ,
1199 1352 1294 1399 δέρμα
1307 1375 1317 1393 ,
1346 1355 1381 1383 et
1406 1350 1545 1382 dextera
1566 1346 1636 1380 sert
1659 1356 1703 1379 ex

1027 1406 1171 1438 oleaslro
1176 1405 1298 1448 pedum
1306 1429 1314 1443 ‚
1329 1403 1490 1451 ἀγριελαίου
1505 1403 1641 1449 &ga-ep&
1651 1413 1704 1433 κσ-

1027 1460 1127 1507 ρύναν.
1138 1456 1214 1490 Tali
1226 1455 1347 1490 habitu
1357 1453 1618 1499 conspiciuntur
1626 1463 1707 1497 pas-

1029 1516 1121 1543 tores
1133 1506 1225 1553 apud
1235 1506 1404 1542 Goraeum
1415 1506 1451 1541 ΙΙ
1462 1531 1471 1549 ,
1482 1517 1518 1539 n.
1531 1517 1555 1552 9
1563 1529 1573 1547 ,
1586 1510 1623 1538 et
1631 1503 1706 1538 Bo—

1028 1562 1184 1595 rionium
1202 1560 1237 1594 in
1258 1559 1402 1594 Collect.
1418 1557 1540 1603 Antiq.
1553 1556 1641 1591 Tab.
1651 1556 1705 1599 87.

1033 1614 1127 1647 Onus
1136 1639 1144 1653 ‚
1162 1610 1332 1656 quidquid
1342 1616 1516 1655 gestatur:
1529 1607 1582 1643 IV
1594 1607 1624 1642 F
1625 1612 1686 1640 ast.
1694 1631 1704 1648 ,

1030 1665 1092 1707 241
1105 1689 1114 1706 ,
1126 1675 1209 1697 onus
1221 1665 1380 1707 inguinir.
1389 1661 1582 1700 -Fistulm
1596 1669 1707 1703 quum

1031 1715 1158 1760 Apollo
1172 1714 1252 1749 alias
1264 1714 1376 1760 lyram
1386 1711 1640 1747 moderaretur.
1649 1708 1705 1743 De

1033 1768 1108 1812 ejus
1118 1767 1231 1801 forma
1240 1791 1249 1809 ,
1261 1765 1329 1800 vid.
1341 1764 1384 1799 ad
1400 1764 1430 1807 I,
1445 1777 1482 1810 7¹
1491 1776 1518 1797 ι.
1529 1780 1575 1788 -·
1584 1761 1708 1796 Heius.

1035 1831 1076 1853 ex
1089 1819 1245 1853 Florent.
1263 1818 1300 1852 S.
1315 1816 1427 1851 Marci
1442 1840 1451 1858 ,
1469 1812 1623 1849 secundo
1638 1812 1709 1847 Pa-

1033 1870 1143 1905 latino
1158 1877 1193 1904 et
1215 1869 1353 1904 Leodic.
1371 1867 1467 1902 dedit
1481 1877 1626 1910 onusque
1635 1863 1712 1908 fuit

1035 1924 1188 1956 baculum
1207 1924 1356 1955 silcestre
1370 1921 1524 1955 sinislra·-
1539 1935 1585 1943 —-
1599 1914 1710 1950 Codi-

1036 1986 1091 2009 ces
1107 1973 1217 2008 nostri
1232 1971 1332 2018 Regii
1345 1971 1476 2006 habent
1488 1967 1714 2014 onusquefuit

1035 2029 1175 2061 baculus
1193 2029 1356 2062 sdaestn's
1378 2027 1482 2059 olivae.
1504 2041 1550 2050 -
1573 2023 1711 2057 Cannis.

1039 2080 1208 2115 Heinsius
1225 2079 1366 2125 putabat
1381 2105 1390 2118 ‚
1419 2076 1548 2122 abipsa
1563 2074 1713 2111 Nasonis

1037 2143 1147 2166 manu
1160 2143 1232 2166 esse
1245 2135 1382 2175 septena
1378 2130 1504 2174 fistula
1519 2138 1641 2161 canna.

1080 2183 1155 2217 683.
1172 2184 1325 2227 Dumque
1337 2194 1439 2216 amor.
1454 2180 1535 2214 Hoc
1547 2177 1592 2213 de
1602 2189 1714 2212 amore

1037 2236 1127 2270 sorte
1140 2234 1289 2269 Ovidius
1301 2232 1434 2267 addidit
1446 2258 1456 2276 ‚
1473 2231 1554 2277 quia
1566 2229 1692 2275 Apollo
1702 2254 1712 2271 ,

1040 2300 1150 2333 quum
1167 2288 1275 2322 serius
1292 2285 1437 2320 Admeti
1461 2290 1618 2319 armenta
1637 2294 1715 2328 pas-

1040 2347 1134 2374 ceret
1152 2365 1162 2383 ,
1194 2338 1249 2373 vel
1276 2338 1515 2384 Hymenaeum
1531 2361 1540 2378 ‚
1570 2333 1715 2369 Admeti

1039 2397 1205 2436 nepotem
1213 2416 1222 2433 ‚
1235 2401 1364 2424 amasse
1373 2414 1383 2432 ‚
1395 2388 1449 2422 vel
1458 2387 1562 2432 ipsius
1572 2383 1716 2419 Admeti

1041 2453 1159 2476 amore
1181 2441 1298 2475 arsisse
1322 2439 1483 2475 traditur.
1503 2455 1548 2465 —-
1571 2436 1718 2471 Mula-ere

1041 2494 1164 2540 passim
1173 2493 1216 2527 de
1225 2491 1422 2527 carminum
1431 2497 1467 2525 et
1476 2489 1622 2524 musices
1629 2498 1716 2522 sua-

1041 2547 1318 2591 vitate.-·Pylus
1328 2543 1426 2578 dictae
1435 2548 1518 2577 sunt
1531 2541 1633 2575 urbes
1648 2545 1718 2573 tres

1042 2598 1079 2632 in
1096 2597 1353 2642 Peloponneso.
1372 2596 1476 2630 Nunc
1493 2593 1600 2640 Pylus
1616 2588 1717 2626 Nelei

1043 2651 1080 2684 in
1093 2649 1272 2696 Triphylia
1287 2660 1395 2694 prope
1409 2647 1490 2681 Elin
1506 2642 1719 2688 intelligitur.

1044 2702 1167 2738 Posuit
1177 2703 1258 2736 sem.
1266 2701 1486 2741 incustodita
1497 2702 1598 2731 eraut
1607 2694 1716 2739 enim,

1045 2767 1077 2789 v.
1088 2754 1196 2788 Hom.
1208 2753 1244 2787 in
1257 2752 1368 2787 Merc.
1382 2763 1442 2798 ¹9²
1452 2776 1461 2794 ,
1476 2754 1574 2784 πᾶσαι
1583 2750 1719 2786 θήλειαι.
