1832 3100
331 186 1028 235 METAMORPHOSEON
1069 186 1198 232 LIB.
1237 186 1363 231 V11.

1477 185 1557 240 541

133 284 328 337 Dextera
351 280 480 331 caedis
504 289 599 328 erat
618 297 629 335 ;
653 277 909 344 repetebam
925 278 1068 341 frigus
1091 290 1135 326 et
1158 278 1339 327 umbras
1357 315 1369 337 ‚

133 362 220 419 Et,
247 378 344 428 quae
368 358 423 408 de
445 355 604 422 gelidis
623 354 806 405 balabat
823 354 1037 413 vallibus,
1060 375 1224 404 auram.

1504 372 1570 405 810

133 440 260 488 Aura
279 436 516 506 petebatur
538 433 687 483 medio
707 433 820 482 mihi
842 432 954 483 lenis
978 433 1026 481 in
1047 445 1157 482 aestu
1179 453 1189 491 ;

134 520 302 567 Auram
324 513 633 582 exspectabam
655 532 665 562 z
686 511 863 579 requies
888 522 980 561 erat
1002 510 1080 560 illa
1100 510 1258 560 labori.

140 617 164 638 «
188 594 338 652 Aura,
361 590 572 641 recordor
593 589 732 647 enim,
752 589 927 649 veniam,
953 600 1128 639 cantare
1151 588 1351 638 solebam
1371 609 1381 638 :

139 697 164 719 »
190 675 356 741 Meque
378 672 503 738 juves
518 708 530 729 ‚
553 670 782 735 intresque
805 668 930 718 sinus
944 706 956 727 ‚
984 667 1257 732 gratissima,
1280 679 1460 717 nostros
1481 689 1491 717 :

141 774 165 795 n
192 752 344 817 thue
358 748 493 806 facis,
517 745 708 795 relevare
725 744 861 804 velis,
889 744 1055 812 quibus
1069 743 1263 803 urimur,
1283 755 1429 794 aestus.
1455 768 1478 789 »
1510 762 1576 796 815

121 828 342 879 -Forsitan
362 825 604 876 addiderim
618 863 630 883 ‚
658 824 721 873 sic
740 843 809 872 me
829 843 928 873 mea
949 822 1040 872 fata
1063 822 1322 880 trahebant,

136 907 384 958 Blanditias
405 904 558 973 plures
577 923 587 952 :
607 915 676 961 et,
701 925 723 946 «
746 904 819 951 Tu
841 902 952 951 mihi
970 921 1132 965 magna
1152 900 1360 969 voluptas
1373 941 1385 961 ,

144 1010 168 1031 »
191 986 349 1035 Dicere
371 984 455 1034 sim
478 981 641 1032 solitus
661 1001 670 1031 :
696 993 746 1030 tu
769 1001 838 1030 me
861 980 1094 1048 reficisque
1111 1019 1123 1039 ‚
1147 980 1357 1048 fovesque
1379 1001 1388 1030 τ

145 1088 169 1109 »
195 1066 267 1114 Tu
290 1062 399 1112 facis
413 1100 425 1121 ‚
453 1073 505 1111 ut
526 1060 684 1119 silvas,
707 1071 760 1109 ut
779 1079 921 1108 amem
944 1058 1045 1108 loca
1068 1059 1192 1118 sola;
1217 1078 1406 1126 meoque

146 1166 170 1188 »
198 1141 394 1209 Spiritus
412 1140 496 1189 iste
521 1150 625 1187 tuus
649 1157 822 1205 semper
845 1150 1050 1206 captatur
1070 1138 1126 1187 ab
1151 1157 1240 1187 ore.
1268 1160 1291 1181 »

143 1219 346 1269 Vocibus
368 1217 595 1281 ambiguis
621 1217 849 1284 deceptam
871 1216 1066 1283 praebuit
1090 1236 1239 1265 aurem

144 1293 308 1348 Nescio
332 1296 434 1363 quis
453 1315 464 1354 ;
488 1313 738 1362 nomenque
760 1295 894 1343 Aurae
918 1306 1008 1343 tam
1032 1312 1147 1360 saepe
1164 1305 1372 1342 vocatum

147 1379 259 1426 Esse
279 1386 444 1443 putans
467 1373 685 1442 Nymphae
701 1411 713 1431 ‚
738 1371 992 1440 Nympham
1018 1370 1129 1420 mihi
1152 1371 1292 1420 credit
1312 1372 1460 1420 amari.

150 1453 363 1504 Criminis
386 1450 610 1518 extemplo
631 1450 725 1500 ficti
749 1449 1006 1499 temerarius
1028 1461 1184 1498 auctor

146 1531 335 1581 Procrin
360 1530 477 1589 adit,
504 1529 747 1595 linguaque
769 1528 905 1578 refert
928 1528 1078 1577 audita
1100 1547 1293 1578 susurra.

1521 1542 1587 1579 82:¹5

151 1607 343 1659 Credula
365 1627 436 1658 res
458 1626 584 1657 amor
603 1618 672 1656 est
690 1627 701 1655 :
723 1606 876 1656 subito
901 1606 1096 1674 collapSa
1120 1605 1276 1655 dolore

149 1750 212 1784 lat.
229 1746 348 1794 Vulgo
361 1773 372 1792 ‚
393 1749 533 1791 exibam
558 1760 600 1782 ex
615 1746 837 1793 interpreta—

150 1802 259 1837 tione.
270 1819 315 1828 —
325 1800 429 1846 Regii
444 1799 557 1835 nostri
568 1826 577 1843 ,
592 1801 742 1840 exhalat,
762 1800 838 1834 sine

151 1855 358 1891 confusione
381 1861 586 1900 temporum
607 1866 615 1888 :
637 1866 722 1888 nam
741 1866 839 1899 prae—

152 1920 234 1943 sens
247 1907 315 1954 hoc
331 1906 408 1942 loco
421 1906 589 1942 convenit
600 1906 736 1941 melius.
750 1907 818 1940 Ed.

198 1959 275 1996 813.
301 1960 401 1995 Aura
414 1987 422 2000 ,
449 1961 612 2000 recordor,
631 1965 696 1994 etc.
715 1958 757 1993 In
776 1957 841 1993 hac

154 2012 330 2047 cantilena
338 2011 474 2058 singula
482 2012 555 2047 sere
563 2011 670 2046 verba
679 2018 763 2046 sunt
773 2023 843 2044 am—

154 2064 278 2111 bigua,
300 2071 515 2111 possuntque
533 2071 568 2099 et
584 2064 628 2099 de
646 2076 730 2099 aura
747 2069 782 2098 et
799 2062 843 2097 de

157 2116 272 2179 puella
293 2117 380 2163 capi.
402 2116 562 2164 Doering.
584 2117 622 2151 in
649 2115 723 2151 Ecl.
745 2117 844 2151 Vett.

158 2176 252 2215 poet.
268 2169 313 2204 ad
328 2168 499 2205 Ovidium
511 2195 521 2214 ,
540 2169 619 2204 Art.
636 2169 753 2203 Amat.
766 2168 844 2214 111,

159 2229 274 2269 putat,
284 2227 368 2273 Αὔρα
376 2222 651 2269 pronunciatum
662 2235 735 2258 esse
746 2216 845 2273 Ᾱθρα,

162 2286 233 2321 quo
258 2275 405 2310 nomine
428 2274 625 2310 concubina
652 2282 773 2309 notata
793 2275 847 2310 sit.

162 2325 271 2372 Apud
293 2326 542 2375 Pherecydem
572 2325 748 2373 Cephalus
773 2339 847 2362 non

163 2380 283 2415 minus
298 2380 461 2426 ambigue
480 2381 504 2417 ὦ
519 2382 638 2428 Νεφέλαι
651 2407 660 2425 ,
683 2383 848 2430 παραγίνου

163 2434 373 2470 clamitabat.
406 2435 449 2470 In
476 2434 586 2470 altero
612 2435 708 2472 Artis
729 2435 848 2471 Amat.

163 2487 242 2524 loco
255 2514 265 2532 ‚
295 2489 432 2533 Quoque
452 2500 545 2524 meos
561 2490 684 2524 releves
696 2493 808 2523 aeslus.
823 2514 849 2523 ..

167 2540 381 2584 Accipienda
392 2542 480 2583 sinu,
493 2542 627 2575 mobilis
636 2540 744 2580 Aura,
762 2543 850 2576 veni.

166 2593 380 2637 -lataesque
391 2595 485 2626 sinus
492 2595 708 2636 gratissima·
722 2592 781 2638 qui
794 2605 852 2629 aes-

168 2650 270 2678 tuant
284 2670 294 2688 ,
314 2651 434 2689 pectus
453 2644 634 2690 captandoe
655 2658 749 2681 aurae
769 2658 854 2691 ape-

168 2695 288 2738 riunt;
309 2695 355 2730 ibi
374 2696 471 2730 enim
485 2697 707 2742 potissimum
723 2696 853 2733 calores

170 2750 382 2786 sentiuntur.
399 2751 465 2786 Ed.

947 1747 1021 1793 819.
1034 1747 1114 1781 Sola
1124 1773 1132 1786 ,
1151 1745 1299 1781 deserta.
1308 1747 1517 1791 -Spirilum
1529 1755 1589 1783 aut

902 1800 1086 1834 anhelitum
1097 1798 1238 1833 alterius
1250 1805 1390 1844 captant
1404 1801 1510 1835 etiam
1519 1801 1590 1836 col—

902 1851 1100 1897 loquentes,
1117 1852 1184 1895 lv,
1202 1854 1495 1898 72.·-Deceplam.·
1507 1854 1590 1889 Sixii

908 1902 1031 1939 Codex
1049 1907 1211 1941 incertam
1223 1932 1231 1946 ,
1259 1904 1354 1951 quod
1370 1905 1468 1940 dedit
1485 1906 1590 1942 etiam

907 1957 1147 1992 Burmannus.
1156 1975 1201 1984 ·—·
1208 1959 1330 1993 Nescio
1340 1961 1425 2004 quis.
1446 1958 1563 1994 Secun
1570 1979 1591 1984 -

909 2009 995 2044 dum
1019 2009 1264 2058 Pherecydem
1287 2010 1355 2046 suit
1380 2024 1500 2052 servus
1518 2037 1527 2054 ‚
1552 2025 1594 2047 ex

910 2074 981 2108 quo
1000 2061 1043 2097 de
1061 2062 1189 2097 marito
1207 2063 1346 2099 Procris
1368 2064 1534 2110 quaesivit.
1550 2083 1594 2090 -—-

910 2116 1000 2149 Esse
1006 2119 1155 2159 pulans‚·
1173 2116 1285 2150 nostri
1302 2116 1404 2162 Regii
1418 2143 1427 2161 ,
1445 2129 1520 2151 esse
1527 2130 1593 2161 pu—

910 2172 981 2210 tat,
1004 2180 1103 2214 aeque
1120 2168 1223 2203 bene.

955 2223 1030 2265 824.
1043 2223 1180 2262 Auctor,
1195 2221 1345 2256 nuncius
1355 2247 1364 2264 ,
1376 2228 1415 2256 ut
1426 2221 1479 2256 XI
1491 2248 1501 2265 ,
1517 2222 1594 2256 666.

915 2273 1133 2319 Quanquam
1142 2273 1209 2309 hoc
1218 2287 1351 2309 nomen
1362 2274 1515 2310 hocloco
1522 2287 1596 2309 non

911 2326 978 2361 nisi
993 2339 1085 2362 unus
1097 2325 1345 2362 Gronovianus
1359 2326 1483 2369 habet,
1500 2327 1596 2362 unde

914 2380 1045 2426 accepit
1056 2380 1294 2415 Burmannus.
1308 2379 1436 2415 Caeteri
1450 2379 1510 2426 (et
1523 2381 1598 2415 Re-

914 2433 960 2479 gii
977 2446 1118 2479 quoque
1135 2434 1278 2477 Nostri)
1293 2460 1302 2478 ,
1320 2436 1439 2474 index,
1463 2441 1503 2469 ut
1520 2434 1598 2469 Art.

917 2488 1034 2524 Amat.
1055 2501 1141 2535 719:
1166 2488 1273 2523 etiam
1289 2501 1372 2523 mox
1387 2502 1489 2523 versu
1510 2490 1575 2524 833
1589 2516 1597 2531 ‚

914 2543 1085 2576 indicium.
1097 2541 1292 2576 -Susurra
1311 2541 1365 2576 alii
1386 2541 1600 2577 substantive

916 2593 1057 2638 capiunt
1068 2605 1132 2638 pro
1141 2606 1306 2635 susurros,
1326 2587 1381 2628 alii
1393 2606 1474 2628 cum
1485 2596 1602 2639 lingua

918 2645 1153 2690 conjungunt.

964 2698 1039 2733 826.
1057 2699 1201 2732 Credula
1212 2711 1266 2732 res
1272 2711 1370 2733 amor
1380 2703 1450 2741 est,·
1466 2699 1514 2733 sic
1524 2698 1602 2733 Art.

922 2751 1039 2786 Amat.
1051 2751 1118 2795 III,
1136 2764 1215 2797 720:
1233 2752 1322 2794 Quia
1329 2765 1450 2787 amans
1460 2763 1599 2796 semper,

1513 1155 1582 1188 820
1627 1184 1631 1191 ,
