1832 3100
360 212 1047 294 METAMORPHOSEO'N
1081 251 1210 294 LIB.
1251 251 1375 295 VII.

1492 247 1582 310 487

158 346 305 394 Beros
327 344 541 394 AEsonius
563 343 764 410 potitur3
792 341 1026 410 spolioque
1050 344 1293 410 superbus,

159 421 361 471 Muneris
377 432 607 470 auctorem
627 438 772 470 secum
791 462 800 482 ,
821 420 963 488 spolia
988 420 1143 479 altera,
1163 434 1346 488 portans
1362 459 1373 479 ‚

158 499 316 548 Victor
335 499 549 548 Iolciacos
573 499 722 563 tetigit
741 519 842 552 cum
862 500 1048 567 conjuge
1069 512 1242 567 portus.

223 579 282 627 Il.
307 579 546 628 Haemoniae
566 590 729 628 matres
751 598 837 646 pro
861 579 1005 643 gnatis
1029 579 1147 627 dona
1168 579 1356 646 receptis
1372 617 1383 636 ‚

164 654 484 724 Grandaevique
507 656 658 706 ferunt
682 668 856 724 patres;
885 667 1184 723 congestaque
1207 656 1379 705 flamma

159 779 214 817 τὰς
234 779 376 828 ἐσχάρας
399 778 508 812 refert
527 777 655 813 Strabo
667 804 676 822 ,
694 777 752 813 lib.
769 777 836 813 III.

158 830 274 877 Spart.
291 832 327 867 in
338 833 410 868 vita
418 831 635 867 Diadumeni
646 858 657 876 ,
668 832 763 867 inter
775 833 837 867 im-

157 884 246 930 perii
255 884 467 931 adipiscendi
479 886 617 928 omina,
629 891 789 920 recenset
799 884 837 919 in

157 948 241 983 agro
253 937 360 983 patris
375 937 451 982 ejus
466 950 547 972 oves
563 950 756 984 purpureas
772 951 838 972 na-

156 996 218 1025 tas.
233 987 325 1026 Vide
343 1003 420 1036 quae
434 1004 498 1027 nos
515 991 559 1026 ad
575 991 756 1039 Thyesten
774 991 837 1026 Se-

157 1055 272 1087 neca,
288 1057 392 1080 versu
414 1059 477 1079 222
491 1071 500 1089 ,
518 1045 561 1079 de
582 1057 710 1080 arcano
731 1045 838 1079 Tan-

155 1094 343 1130 talidarum
366 1096 474 1132 ariete
492 1103 528 1132 et
544 1103 681 1142 sceptro
703 1103 836 1131 aurato.

157 1146 218 1182 An
234 1147 324 1184 forte
343 1147 457 1196 phiala
474 1156 577 1184 erant
594 1161 699 1184 aurea
711 1175 721 1193 ,
738 1148 838 1194 cujus

157 1201 195 1237 in
222 1201 342 1237 medio
371 1202 595 1248 prominebat
619 1216 723 1248 caper
740 1228 750 1246 ‚
778 1209 838 1237 aut

158 1267 269 1300 agnus
281 1254 435 1290 aureus?
453 1262 492 1290 ut
507 1255 612 1290 habet
623 1255 815 1290 Athenaeus
827 1280 836 1298 ‚

157 1306 216 1342 lib.
224 1307 278 1343 Vl
288 1334 299 1352 ,
311 1310 342 1353 4.
350 1308 409 1344 An
421 1309 599 1355 opulentia
611 1309 837 1357 Scytharum,

158 1359 252 1406 apud
268 1373 357 1407 quos
371 1360 578 1397 aurifodinae
590 1377 599 1403 3
612 1375 677 1397 nec
689 1374 762 1396 non
780 1374 840 1396 ra-

157 1420 280 1448 menta
298 1413 374 1449 auri
396 1413 602 1449 fluminibus
619 1414 762 1449 devecta
774 1440 784 1458 ,
803 1420 838 1449 et

158 1465 202 1500 ab
210 1465 333 1501 incolis
343 1472 505 1512 excerpta
517 1466 642 1501 tabulis
657 1467 839 1512 perforatis

157 1524 193 1553 et
203 1517 389 1553 velleribus
400 1525 598 1554 transverso
606 1517 756 1554 flumine
765 1532 839 1554 sus·

157 1572 273 1617 pensis
283 1598 293 1615 ‚
304 1571 448 1620 Phryxo
457 1573 554 1619 prius
563 1599 572 1617 ,
582 1572 710 1608 deinde
722 1573 838 1608 Iasoni

156 1623 386 1670 expeditionis
408 1637 568 1668 causans,
593 1625 705 1671 poetis
728 1626 837 1660 sabu-

155 1675 254 1711 laudi
269 1683 520 1723 argumentum
545 1677 750 1712 dederunt?
777 1677 836 1712 An

155 1727 278 1774 utique
292 1729 466 1775 temptum
479 1736 554 1764 erat
564 1741 586 1764 a
600 1729 742 1778 Phryxo
751 1756 761 1773 ‚
776 1729 838 1775 qui

157 1778 373 1828 Chalciopen
409 1782 501 1829 regis
534 1780 691 1817 Colchici
728 1782 837 1818 filiam

155 1833 303 1870 duxerat
314 1861 324 1879 ‚
343 1834 547 1879 conditum,
563 1847 719 1880 auroque
743 1835 838 1880 quod

152 1900 198 1922 ex
207 1887 343 1923 Gracia
351 1900 470 1923 secum
485 1886 685 1930 abstulerat,
695 1887 838 1933 aliisque

157 1941 336 1985 ἀναθήμασι
351 1939 502 1975 ditatum
513 1966 523 1983 ,
540 1939 583 1974 ad
598 1939 691 1985 quod
707 1939 762 1974 vel
777 1953 837 1974 re-

156 1991 354 2038 petendum
368 2017 378 2036 ,
400 1992 457 2028 vel
479 1993 585 2028 etiam
608 1991 839 2038 praedandum

156 2046 368 2093 navigarunt
387 2046 600 2093 Argonautae
618 2047 634 2081 ?
653 2046 840 2092 spoliatum

158 2098 194 2134 id
218 2111 238 2133 a
259 2099 441 2135 Pharnace
459 2099 573 2146 prius,
592 2098 720 2134 deinde
734 2099 840 2134 3Μί-

156 2151 310 2188 thu-idate
328 2152 550 2198 Pergameno
566 2151 673 2188 tradit
688 2151 815 2187 Strabo
828 2178 838 2196 ,

157 2203 216 2240 lib.
230 2204 295 2240 XI.
314 2204 373 2239 An
388 2204 542 2250 denique
559 2205 647 2239 liber
660 2204 839 2239 membra-

157 2269 287 2292 naceus
302 2270 344 2291 ex
361 2257 510 2292 arietum
528 2257 673 2303 pellibus
688 2264 839 2292 contex-

159 2317 216 2346 tus
228 2338 238 2356 ,
255 2312 332 2346 auri
349 2323 412 2357 per
430 2310 605 2359 ehymiam
629 2310 839 2346 conficiendi

124 2375 133 2383 “
158 2371 272 2400 artem
285 2364 473 2400 continens
486 2363 504 2398 ἐ’
519 2371 558 2398 ut
576 2364 671 2398 inter
686 2363 769 2399 alios
779 2390 788 2408 ,
800 2363 837 2400 in

161 2419 252 2463 &ique
276 2416 410 2452 Suidas.
438 2415 494 2450 De
518 2415 631 2450 aureis
655 2415 754 2450 malis
778 2422 840 2455 τοῖς

136 2469 139 2471 ’
158 2473 290 2514 μήλοις,
311 2468 389 2504 vide
411 2469 469 2504 lib.
493 2469 566 2514 IV,
590 2468 665 2503 638.
694 2468 769 2514 Qui
795 2467 837 2502 ad

158 2533 276 2556 mores
297 2521 450 2556 fabulam
472 2523 653 2566 referunt,
676 2522 840 2557 Iasonem

158 2573 284 2608 volunt
305 2586 324 2608 a
344 2573 502 2609 Chirone
517 2573 706 2609 educatum
719 2601 728 2618 ,
747 2574 839 2609 doc-

159 2634 308 2671 tumque
326 2630 430 2670 ῒασιν,
456 2632 569 2661 artem
590 2626 760 2661 medendi
776 2639 839 2661 sa-

159 2677 339 2723 nandique
353 2704 362 2722 ,
379 2685 459 2712 tum
482 2679 612 2713 mentis
623 2705 633 2723 ‚
657 2686 735 2713 tum
753 2690 839 2712 cor-

159 2733 253 2779 poris
267 2732 410 2767 morbos
420 2731 599 2778 accepisse.
624 2731 764 2766 Medeae
776 2732 840 2766 ita-

162 2797 245 2830 que,
253 2784 288 2820 id
299 2791 351 2820 est
356 2789 399 2830 μή
407 2788 482 2828 o'm,
491 2784 625 2820 consilii
635 2796 700 2830 ope
711 2784 843 2819 violen-

1524 671 1584 704 160

906 783 1026 811 torum
1047 776 1236 812 affectuum
1258 784 1396 821 tauros,
1422 776 1587 823 injuriae,

903 829 1035 864 fraudis
1045 855 1055 873 ,
1066 829 1217 873 avaritiae
1226 855 1236 873 ,
1247 829 1398 866 libidinis
1406 855 1415 873 ,
1422 830 1585 865 aliorum-

905 894 972 927 que
990 882 1157 918 vitiorum
1175 890 1354 928 serpentes
1369 882 1554 920 domuisse.
1567 898 1584 914 »

904 937 969 970 Ed.
1176 941 1179 944 '

953 988 1025 1024 156.
1042 990 1152 1024 Heras
1162 990 1344 1033 AEsonae'us;
1360 989 1385 1025 J
1387 1002 1471 1025 ason
1484 989 1588 1025 AEso-

904 1040 1014 1076 uides.
1035 1060 1081 1067 —
1101 1043 1253 1077 Muneris
1277 1047 1467 1086 auclorem5
1494 1043 1585 1076 Me·-

905 1093 1021 1138 deam,
1035 1095 1185 1130 alterum
1195 1095 1344 1141 spolium
1355 1123 1365 1140 ‚
1378 1108 1454 1141 quae
1466 1103 1586 1130 auctor

905 1154 939 1181 et
956 1160 1057 1183 causa
1066 1147 1150 1192 suit,
1169 1155 1208 1183 ut
1219 1149 1321 1184 Iason
1333 1149 1461 1185 vellere
1478 1161 1585 1184 aureo

904 1199 1088 1245 potiretur.
1112 1202 1177 1235 Ed.

952 1255 1213 1297 158.101c1·ac0s‚-
1223 1254 1437 1290 Thessalicos
1450 1270 1458 1296 ;
1475 1255 1585 1290 Iolcos

905 1306 1001 1340 enim
1026 1306 1108 1341 urbs
1127 1306 1312 1342 Thessaliae
1323 1333 1333 1351 ,
1361 1307 1493 1343 Iasonis
1518 1321 1587 1353 pa-

904 1360 980 1395 tria.
1005 1358 1095 1395 Eam
1116 1360 1262 1396 intrasse
1279 1362 1449 1396 Jasonem
1471 1361 1585 1396 redu—

904 1425 982 1446 cem
1003 1412 1130 1448 diserte
1155 1412 1299 1447 tradunt
1318 1420 1429 1460 poetae
1442 1439 1451 1457 ‚
1470 1413 1584 1447 Euri-

902 1464 1019 1510 pides,
1032 1464 1131 1500 Med.
1146 1466 1228 1510 4843
1243 1465 1407 1512 Hyginus
1419 1493 1428 1509 ,
1439 1465 1506 1500 sab.
1521 1467 1582 1509 24;

903 1518 1083 1553 Hesiodus
1095 1545 1105 1562 ‚
1135 1519 1269 1564 Theog.
1295 1532 1358 1566 997
1373 1545 1383 1562 ,
1411 1524 1452 1558 εὶς
1478 1515 1585 1557 Ῐωλκὲυ

904 1570 1058 1617 ἄφίκετο...
1067 1573 1115 1607 ἐπὶ
1124 1573 1192 1619 vm}
1203 1573 1284 1616 ἄγων
1293 1574 1459 1608 ἑλικώπιδα
1467 1575 1583 1622 κούρην.

951 1637 965 1659 x
971 1625 1114 1672 59-294.
1123 1626 1231 1659 AEson
1242 1637 1285 1659 et
1293 1637 1372 1659 sene
1379 1628 1416 1659 in
1415 1625 1583 1669 juvenem.

903 1675 1074 1710 Fabulam
1087 1684 1291 1712 narraverat
1309 1677 1443 1711 Auctor
1456 1678 1585 1712 carmi-

902 1727 958 1762 nis
973 1731 1104 1772 Νίστη,
1122 1728 1217 1763 unde
1235 1728 1323 1764 duos
1339 1743 1458 1765 versus
1472 1744 1584 1766 serva-

902 1781 952 1815 vit
964 1780 1080 1815 Schol.
1091 1780 1268 1826 Aristoph.
1279 1780 1322 1814 ad
1335 1781 1400 1827 Eq.
1416 1783 1507 1817 1318.
1524 1783 1583 1818 Se—

903 1833 1061 1869 cundum
1089 1834 1332 1882 Pherecydem
1360 1842 1396 1869 et
1419 1835 1583 1871 Simoni—

903 1885 986 1920 dem
994 1885 1421 1931 MedeaipsumJasonem
1430 1887 1583 1923 reddidit

901 1939 1082 1982 ⁴juvenem.
1112 1938 1167 1973 De
1194 1938 1236 1974 iis
1249 1965 1258 1983 ,
1285 1953 1362 1985 quae
1388 1940 1518 1976 Medea
1545 1942 1581 1976 in

905 1990 1081 2025 Thessalia
1111 1991 1193 2026 fecit
1216 2018 1225 2035 ,
1255 1992 1323 2027 vid.
1351 1993 1517 2038 Boellliger
1545 1995 1580 2029 in

904 2042 1001 2089 Ex'pl.
1017 2056 1181 2078 vasorum
1196 2043 1381 2089 pictorum.
1400 2045 1583 2091 Palaepha-

904 2101 960 2131 tus
971 2122 980 2140 ,
999 2109 1072 2142 cap.
1088 2097 1151 2142 44,
1164 2103 1283 2142 putat,
1298 2097 1466 2132 Medeam
1483 2099 1584 2133 inve-

902 2149 994 2185 nisse
1004 2157 1040 2185 et
1049 2163 1192 2186 succum
1204 2149 1393 2196 quemdam
1405 2179 1414 2195 ,
1425 2164 1495 2197 quo
1507 2153 1583 2187 cani

903 2201 1139 2237 redderentur
1154 2203 1245 2249 nigri
1264 2202 1322 2247 (de
1339 2203 1464 2248 quibus
1485 2210 1582 2254 χρία·-

902 2271 982 2299 poem
990 2254 1184 2298 κολιῶν,νίᾱ.
1193 2253 1341 2290 casaub.
1351 2254 1395 2289 ad
1404 2255 1582 2301 Theophr.

904 2308 941 2343 Il
955 2306 993 2352 ,)
1017 2315 1053 2343 et
1072 2308 1295 2344 sudationem
1311 2309 1382 2345 sive
1405 2310 1581 2344 fomenta-

903 2360 1058 2405 tionem,
1071 2373 1147 2406 quae
1165 2361 1256 2396 dicta
1270 2361 1377 2396 suerit
1392 2365 1563 2411 παρέψησις
1574 2389 1582 2404 ,

903 2415 1104 2459 concoctio,
1118 2423 1221 2462 atque
1240 2429 1279 2451 ea
1292 2416 1328 2450 in
1342 2429 1379 2450 re
1394 2429 1471 2450 eam
1486 2429 1583 2452 usam

905 2480 976 2502 esse
988 2466 1107 2503 ahenis
1119 2494 1128 2511 ‚
1147 2468 1247 2514 lignis
1258 2475 1292 2503 et
1304 2468 1395 2514 igne.
1407 2470 1563 2503 -Dona
1572 2497 1580 2510 ,

905 2520 1050 2555 donaria
1061 2547 1070 2564 ,
1089 2521 1467 2566 &vammum—Ferunt,
1483 2534 1586 2556 nem-

903 2584 947 2617 pe
965 2573 1112 2618 templis.
1126 2573 1197 2607 Pro
1208 2565 1297 2607 felici
1312 2571 1485 2615 filiorum,
1498 2574 1586 2609 ami—

905 2637 1071 2659 corumve
1089 2625 1204 2659 reditu
1216 2625 1365 2660 victimae
1383 2632 1417 2660 et
1430 2629 1590 2659 voveriet

904 2678 1047 2713 mactari
1056 2678 1419 2724 solebant-Congesta
1426 2677 1588 2713 multitu-

905 2730 995 2766 dinis
1005 2732 1187 2766 notionem
1199 2732 1362 2776 involvit,
1374 2732 1564 2778 constipata
1575 2757 1584 2774 ,

906 2783 941 2818 in
956 2783 1066 2819 altum
1079 2786 1502 2831 exstructa—liquefiunt,
1524 2784 1587 2818 in·-
