1832 3100
305 230 392 286 448

667 217 719 274 1».
761 231 995 276 ovum
1033 229 1338 276 NASONIS

306 327 367 373 Et
388 323 663 390 perlucentes
687 341 914 374 numerare
938 326 983 374 in
1004 337 1181 392 pectore
1202 325 1348 374 fibras.

306 400 439 449 Illum
462 400 662 450 ruricolae
676 437 688 460 ‚
712 402 918 451 silvarum
940 402 1145 459 numina,
1164 401 1328 460 Fauni,

306 479 367 526 Et
390 478 534 544 Satyri
555 477 710 526 fratres
724 515 736 536 ‚
761 488 804 526 et
819 490 929 526 tunc
953 497 1131 543 quoque
1156 477 1298 526 clarus
1319 476 1537 545 Olympus
1553 516 1564 538 ‚

307 556 368 602 Et
389 556 603 622 Nymphae
626 555 811 613 flerunt;
837 564 881 604 et
905 554 1106 621 quisquis
1131 555 1360 603 montibus
1382 554 1471 603 illis

304 632 637 699 Lanigerosque
659 651 834 696 greges,
861 643 1140 697 armentaque
1162 631 1324 679 bucera
1344 632 1477 697 pavit.
1653 645 1717 691 395

303 708 479 757 Fertilis
503 709 755 766 immaduit,
781 707 1106 774 madefactaque
1130 719 1243 755 terra
1266 707 1449 757 caducas

306 787 522 853 Concepit
545 787 752 853 lacrymas
769 823 780 845 ‚
807 805 855 834 ac
874 786 996 834 venis
1019 785 1216 851 perbibit
1236 786 1361 843 imis;
1405 811 1406 814 ¹

304 864 428 927 Quas
453 863 530 911 ubi
552 862 656 910 fecit
677 881 857 929 aquam,
880 881 1035 911 vacuas
1057 862 1200 910 emisit
1222 862 1268 910 in
1290 881 1416 911 auras
1434 883 1445 909 z

302 942 411 990 Inde
434 953 588 1007 petens
610 940 813 1006 rapidum
834 940 944 1006 ripis
969 939 1209 988 declivibus
1234 959 1411 1006 aequor,

303 1019 479 1084 Marsya
502 1036 665 1065 nomen
687 1017 824 1065 habet
838 1054 850 1075 ‚
875 1016 1076 1084 Phrygiae
1099 1017 1418 1084 liquidissimus
1441 1018 1592 1066 amnis.
1651 1033 1717 1077 [μω

369 1097 424 1142 V.
447 1094 634 1143 Talibus
655 1093 875 1162 extemplo
895 1094 1010 1143 redit
1028 1094 1083 1143 ad
1104 1094 1336 1161 praesentia
1358 1095 1487 1144 dictis

304 1242 383 1264 rum
402 1228 534 1274 agitur,
552 1234 764 1273 usurpantur
781 1241 790 1262 ι
809 1227 877 1262 vid.
896 1227 979 1262 Cio-

303 1283 404 1316 sanus
413 1288 448 1315 et
459 1281 739 1314 Burmannus.—
747 1282 894 1321 Viscera,
909 1293 978 1314 cor.

304 1335 478 1368 -Possis,
497 1330 619 1366 Codex
634 1331 764 1376 Regius
780 1331 812 1366 A
826 1357 834 1374 ,
848 1345 978 1375 posses.

347 1385 421 1433 393.
441 1384 497 1418 De
521 1385 661 1430 Olympo
672 1410 682 1424 ,
700 1383 865 1429 discipulo
880 1385 978 1418 Mar-

302 1449 384 1483 syae,
394 1436 486 1479 vide,
498 1442 623 1481 praeter
636 1435 793 1480 superius
803 1435 957 1470 laudatos
967 1461 976 1479 ,

308 1487 467 1522 Eustath.
481 1487 524 1521 ad
534 1487 734 1521 Homerum
743 1512 752 1529 ,
765 1487 804 1521 Il.
815 1487 847 1521 A
859 1513 868 1530 ,
882 1501 913 1532 p.
926 1495 977 1522 21.

234 1574 236 1576 ,
306 1539 491 1573 Pausanias
501 1564 510 1582 ,
528 1538 635 1572 Phoc.
653 1551 685 1583 p.
714 1539 795 1584 873,
824 1539 977 1572 tabulam

303 1590 489 1636 Polygnoti
498 1589 659 1623 describit
670 1615 679 1632 ,
695 1589 731 1622 in
744 1599 811 1633 qua
827 1590 977 1636 Marsyae

303 1639 470 1674 assidebat
487 1639 660 1686 Olympus
671 1665 680 1681 ,
703 1639 821 1674 habitu
836 1640 974 1674 adoles-

301 1692 409 1726 centis
419 1691 464 1725 ita
476 1718 485 1734 ,
498 1698 537 1726 ut
548 1691 637 1725 tibiis
648 1690 778 1725 discere
788 1691 976 1726 videretur.

304 1744 577 1780 Invenitmodos
593 1744 636 1778 ad
647 1744 765 1778 tibiam
780 1770 789 1787 ,
808 1745 866 1789 qui
878 1758 976 1779 com-

302 1804 546 1832 memorantur
554 1798 595 1831 ab
605 1797 772 1842 Euripide
784 1824 793 1841 ,
806 1797 881 1843 Iph.
896 1799 975 1833 Aul.

303 1849 366 1893 576
379 1863 387 1890 ;
402 1848 461 1883 ubi
471 1847 548 1882 vide
556 1849 699 1883 Barnes.
711 1849 743 1882 Is
754 1853 832 1882 lunc
842 1861 974 1893 quoque,

300 1901 439 1935 vivente
452 1899 565 1934 adhuc
576 1900 741 1945 magistro
754 1926 763 1943 ,
781 1903 893 1934 clarus
903 1913 974 1935 esse

301 1952 414 1998 coepit.
447 1951 550 1997 Apud
585 1952 767 1998 Hyginum
778 1979 786 1992 ‚
825 1952 975 1999 Marsyae

299 2016 423 2048 corpus
443 2003 654 2048 discerptum
679 2005 711 2038 ei
736 2003 974 2048 sepeliendum

301 2055 459 2101 traditur.
477 2054 604 2100 Etipse
613 2054 650 2089 in
663 2055 900 2090 monumentis
911 2068 975 2090 an-

301 2108 403 2156 tiquis
412 2120 500 2152 saepe
513 2107 672 2142 occurrit.
686 2107 846 2154 Heynius
856 2107 891 2141 in
904 2108 974 2142 An-

298 2164 378 2206 tiqu.
395 2159 496 2203 Aufr.
514 2161 554 2194 P.
571 2171 601 2193 11
615 2186 624 2203 ,
643 2173 674 2205 p.
692 2160 972 2207 (iq—Nymphas.

300 2211 638 2257 ApudAthenaeum,
655 2211 757 2254 XIV,
767 2225 799 2254 2,
809 2211 973 2258 Nympha

299 2262 435 2308 genitus
462 2261 564 2296 fuisse
584 2269 756 2296 narratur.
774 2281 818 2288 —
840 2264 973 2297 Buccra

296 2319 446 2348 armenta
455 2340 463 2355 ,
491 2315 605 2349 boves.
625 2315 755 2348 Bucera
765 2341 773 2354 ‚
802 2321 947 2349 cornuta
960 2341 969 2358 ,

299 2379 317 2400 e
336 2366 451 2412 graecis
468 2372 537 2405 βοῦς
547 2372 582 2400 et
593 2368 678 2415 κέρας
688 2366 860 2400 vocabulis
874 2380 882 2407 ;
900 2366 973 2399 Lu-

298 2431 354 2452 cre
360 2425 381 2453 t.
395 2444 405 2461 ,
430 2417 489 2451 ubi
505 2420 623 2451 bucera
647 2420 739 2452 secla
750 2444 760 2460 ,
782 2425 818 2452 et
834 2420 971 2452 buceriae

290 2483 406 2514 greges
421 2475 620 2504 occurrunt.

337 2520 413 2567 396.
425 2522 596 2561 Caducas,
615 2519 812 2554 decidentes
823 2546 831 2563 ,
842 2519 970 2563 utfhlia

294 2576 433 2608 caduca.
443 2592 488 2599 -—-
500 2575 665 2617 Concepit.
681 2572 831 2617 Excepit.
848 2574 912 2606 Ed.
926 2591 970 2599 —

298 2626 401 2658 Venis
407 2626 551 2667 perbibit
563 2628 660 2668 imin
677 2637 780 2659 venas
791 2632 892 2659 terrae
901 2637 969 2669 pu-

293 2682 328 2709 ta
353 2688 424 2709 esse
450 2683 583 2711 meatus
608 2689 776 2721 aquarum
801 2684 836 2711 et
860 2676 967 2722 spiri—

294 2734 404 2761 tuum.
423 2729 486 2761 Ed.

1088 1228 1162 1275 398.
1195 1231 1329 1263 Vacuus
1343 1232 1378 1262 in
1393 1240 1495 1262 auras
1518 1227 1589 1272 (ita
1607 1225 1718 1262 Codi-

1043 1293 1098 1315 ces
1107 1280 1217 1315 nostri
1228 1280 1355 1326 Regii).
1364 1280 1589 1314 Burmannus
1597 1292 1616 1313 e
1627 1278 1717 1314 Can—

1042 1333 1128 1367 tabr.
1144 1339 1180 1367 et
1194 1332 1381 1367 Basileensi
1391 1332 1529 1377 praefert
1541 1343 1667 1365 vacuos
1680 1335 1716 1365 iu

1040 1397 1147 1428 agros.
1165 1384 1236 1419 Sed
1247 1397 1373 1419 vacuas
1382 1396 1484 1418 auras
1492 1395 1566 1417 non
1576 1389 1627 1417 est
1635 1395 1717 1416 mu—

1040 1436 1197 1471 tandum.
1215 1438 1362 1470 Vacuum
1373 1449 1452 1470 acra
1462 1434 1623 1469 dixerunt
1632 1433 1718 1468 Vir-

1042 1488 1158 1533 gilius,
1176 1488 1304 1534 Georg.
1322 1489 1379 1523 III
1395 1515 1404 1531 ‚
1434 1501 1496 1534 109
1509 1513 1519 1531 ‚
1537 1493 1573 1521 et
1590 1487 1716 1521 Hora—

1040 1540 1107 1575 tius
1119 1566 1128 1584 ,
1149 1541 1165 1574 I
1179 1567 1187 1583 ,
1207 1540 1278 1575 Od.
1293 1550 1340 1574 111
1352 1566 1361 1583 ‚
1382 1540 1434 1583 34.
1457 1541 1592 1574 Vacuus
1603 1536 1715 1573 ornas.

1040 1594 1189 1635 —Biptlr
1203 1594 1400 1632 declivibus,
1417 1590 1536 1636 pronis
1547 1597 1648 1635 atque
1660 1590 1718 1624 in-

1039 1642 1184 1677 clinatis.
1202 1644 1267 1677 Ed.

1083 1695 1159 1736 400.
1173 1695 1334 1739 Marsyas
1345 1692 1471 1727 fluvius
1483 1692 1576 1727 haud
1595 1691 1715 1737 procul

1040 1757 1058 1778 a
1084 1743 1232 1778 Celaenis
1246 1769 1255 1787 ,
1282 1743 1341 1777 ubi
1365 1743 1530 1777 habitavit
1556 1743 1714 1790 Marsyas

1038 1795 1200 1838 musicus,
1213 1795 1250 1829 in
1264 1794 1486 1829 Maeandrum
1503 1793 1714 1828 influit.Vid.

1039 1846 1177 1890 Livius,
1207 1846 1429 1889 XXXVIII,
1458 1847 1515 1887 13;
1543 1844 1686 1880 Curtius
1703 1871 1712 1888 ,

1041 1898 1116 1940 ΙΙΙ,
1152 1911 1164 1931 1
1181 1912 1189 1940 ;
1209 1897 1425 1942 Palaephatus
1441 1923 1451 1940 ,
1478 1897 1511 1931 d.
1527 1897 1549 1931 l.
1565 1895 1636 1932 Sed
1651 1910 1715 1932 se—

1040 1950 1197 1985 cundum
1212 1950 1294 1985 alios
1311 1962 1385 1984 non
1399 1963 1416 1984 e
1433 1949 1592 1997 lacrymis
1608 1962 1714 1995 popu-

1038 2002 1164 2036 larium
1179 2029 1189 2045 ,
1216 2014 1339 2036 verum
1364 2015 1404 2036 ex
1425 2001 1529 2046 ipsius
1547 2001 1713 2046 sanguine

1039 2053 1163 2088 fluvius
1173 2053 1227 2087 ille
1238 2060 1334 2088 ortus
1350 2060 1410 2088 est.
1428 2053 1633 2088 Plutarchus
1644 2079 1654 2097 ,
1669 2053 1712 2088 de

1039 2106 1276 2149 Fluminibus,
1298 2118 1340 2139 ex
1359 2105 1453 2140 Alex.
1477 2104 1643 2140 Cornelio
1657 2104 1713 2139 ad-

1039 2157 1101 2201 dit,
1110 2165 1144 2192 et
1155 2157 1297 2203 Satyros
1305 2164 1398 2191 ortos
1405 2157 1526 2202 ex‘ejus
1535 2156 1712 2202 sanguine.

1086 2212 1253 2254 401—411.
1279 2212 1413 2254 Pelopis
1436 2212 1588 2245 humerus
1609 2213 1711 2245 ebur—

1013 2267 1018 2273 '
1036 2274 1126 2295 neus.
1143 2261 1268 2306 Pelops
1282 2287 1291 2304 ,
1318 2261 1456 2295 Tantali
1473 2260 1562 2295 filius
1574 2287 1584 2304 ,
1613 2268 1711 2295 tem-

1036 2325 1119 2357 pore
1134 2312 1258 2346 Acrisii
1274 2313 1312 2346 in
1329 2312 1499 2347 Graeciam
1516 2313 1629 2356 venit,
1644 2312 1711 2347 ibi-

1037 2378 1103 2410 que
1114 2373 1148 2400 et
1159 2365 1398 2410 magnitudine
1411 2364 1710 2409 divitiarum,quas

1034 2429 1152 2450 secum
1164 2415 1345 2450 advexerat
1358 2441 1366 2459 ,
1381 2422 1416 2449 et
1432 2414 1656 2450 multitudine
1669 2415 1711 2449 li-

1033 2469 1199 2503 berorum
1207 2476 1339 2503 tantam
1349 2475 1582 2513 consequutus
1589 2475 1640 2502 est
1651 2480 1709 2513 po-

1035 2519 1181 2552 tentiam
1193 2519 1402 2562 famamque,
1416 2525 1455 2552 ut
1466 2517 1707 2563 Peloponneso

1033 2583 1164 2604 nomen
1182 2570 1289 2605 daret.
1306 2569 1464 2617 Thucyd.
1484 2571 1523 2613 I,
1541 2583 1584 2618 93
1614 2570 1705 2604 Plu—

1032 2622 1139 2656 tarch.
1149 2621 1253 2656 Thes.
1268 2635 1338 2667 p.2.
1352 2622 1422 2656 Sed
1434 2621 1489 2656 hic
1502 2621 1544 2656 de
1558 2621 1705 2655 humero

1033 2676 1106 2719 ejus
1116 2674 1266 2709 fabulose
1277 2676 1398 2720 agitur.
1412 2674 1577 2708 Tantalus
1588 2673 1682 2707 enim
1692 2698 1701 2714 ‚

1033 2739 1142 2772 quum
1150 2726 1245 2761 Deos
1252 2726 1435 2772 aliquando
1446 2725 1602 2761 convivio
1612 2737 1703 2759 exce-
