1832 3100
396 227 1090 276 METAMORPHOSEON
1129 228 1259 274 LIB.
1299 230 1370 271 II.

1521 243 1603 287 ¹99

179 347 205 371 »
229 326 368 375 Posse
393 323 496 372 dare
517 322 604 370 hoc
629 322 791 370 iterum
811 320 983 381 flamma
1007 319 1261 387 prohiberis
1285 320 1428 368 avita:

181 427 205 449 »
228 406 356 470 Eque
373 403 476 455 Deo
495 419 660 468 corpus
682 399 761 449 fies
785 417 1033 462 exsangue3
1056 399 1296 464 Deusque,

180 503 206 526 »
233 479 328 545 Qui
349 479 487 529 modo
508 494 676 546 corpus
699 497 817 537 eras;
842 490 888 527 et
907 478 982 527 bis
1003 489 1078 526 tua
1101 477 1191 526 fata
1213 475 1416 524 novabis.

182 572 207 602 ‚³
233 559 305 607 Tu
331 576 533 625 quoque,
557 576 655 606 care
678 569 826 624 pater,
851 575 943 605 non
964 556 1053 622 jam
1078 554 1301 612 mortalis,
1325 565 1370 602 et
1393 552 1494 602 aevis

184 657 208 679 »
238 635 465 684 Omnibus
485 647 539 684 ut
558 654 758 693 maneas,
782 634 992 685 nascendi
1010 634 1107 698 lege
1129 645 1302 682 creatus
1315 669 1327 691 ‚

1472 654 1474 656 ’
1543 644 1611 679 650

183 735 208 756 »
235 713 375 762 Posse
395 713 510 762 mori
532 713 684 780 cupies
707 724 828 772 tum,
856 731 994 780 quum
1015 711 1268 760 cruciabere
1295 709 1401 758 dirae

182 813 208 835 »
235 791 459 855 Sanguine
482 791 725 859 serpentis,
751 811 833 859 per
856 791 1003 841 saucia
1024 790 1224 840 membra
1246 800 1426 856 recepto
1448 809 1458 836 ε

183 890 208 912 »
234 869 387 936 Teque
410 881 463 918 ex
485 880 649 918 aeterno
671 869 912 936 patientem
936 870 1121 918 numina
1139 868 1299 918 mortis

182 969 207 991 »
233 945 468 1005 Efficient;
491 945 779 1014 triplicesque
801 948 906 998 Deae
931 959 1008 997 tua
1030 947 1104 997 fila
1125 946 1363 996 resolvent.
1389 967 1413 987 »

179 1078 258 1126 pius
279 1079 317 1114 in
338 1079 448 1115 vitam
474 1080 715 1121 revocaverit,
750 1080 794 1115 de
820 1093 863 1116 eo

181 1132 394 1168 dissentiunt
412 1132 607 1180 mythologi
620 1159 630 1176 ,
657 1132 730 1168 aliis
746 1131 880 1168 Glau—‘

182 1197 265 1220 cum
274 1211 284 1228 ,
295 1184 429 1220 Minois
437 1185 550 1220 filium
560 1211 569 1228 ,
579 1185 845 1221 nominantibus
853 1212 863 1230 ,

184 1238 257 1273 aliis
271 1238 525 1286 Hippolytum,
540 1238 612 1274 aliis
624 1239 841 1287 Tyndareon
854 1266 864 1285 ‚

186 1289 259 1325 aliis
272 1290 366 1326 alios.
381 1289 473 1326 Vide
488 1287 651 1337 Apollod.
666 1291 741 1335 111,
761 1301 784 1326 x
796 1316 806 1335 ‚
822 1291 865 1334 3;

186 1343 320 1379 zenob.
331 1345 349 1380 1
357 1371 371 1388 ,
382 1346 422 1380 18
430 1371 441 1389 ,
453 1351 490 1380 et
501 1344 668 1381 Munker.
678 1345 722 1380 ad
732 1345 866 1393 Hygin.

183 1395 253 1431 sab.
269 1394 366 1432 καὶ.
385 1397 492 1432 Hanc
510 1397 618 1443 igitur
633 1398 678 1433 ob
694 1399 833 1433 causam
850 1410 870 1432 a

185 1447 276 1483 Jove
291 1449 440 1484 fulmine
456 1458 598 1485 necatus
610 1457 671 1486 est.
680 1469 725 1477 -—-
737 1452 807 1485 Dis
814 1453 870 1484 in-

184 1502 412 1546 fimus.
422 1501 600 1537 Eratoelh.
609 1508 669 1539 τῶν
676 1508 748 1538 θεῶν
760 1497 871 1548 &aext-

183 1558 341 1603 ρῶςτοῦεο
354 1557 501 1605 φερόντων
515 1561 582 1589 etc.
592 1553 809 1590 Plutonisssde
827 1567 869 1589 ea

183 1617 224 1642 re
233 1604 393 1651 quereias
401 1605 512 1641 habet
521 1605 670 1641 Diodor.
681 1605 788 1642 Sicut.
800 1607 867 1649 IV,

186 1669 238 1702 7¹·
254 1658 326 1693 Dis
337 1660 523 1703 indignant.
537 1670 553 1701 ;-
572 1659 726 1695 Plutone
741 1659 870 1694 scilicet

184 1717 357 1755 querente
373 1718 410 1751 et
425 1711 517 1746 Jove
531 1711 739 1758 indignante
752 1738 762 1757 ‚
782 1712 871 1758 Hip-

144 1812 146 1814 Υ
185 1764 347 1812 potytum
362 1765 405 1801 ab
420 1766 520 1812 equis
533 1765 748 1812 discerptum
759 1766 870 1801 resti—

184 1817 238 1852 tui
252 1817 296 1852 ab
307 1818 508 1864 AEsculapio
522 1819 562 1854 in
577 1819 647 1854 vita
662 1832 772 1865 posse.
787 1819 872 1854 Vir*

185 1870 244 1917 gil.-
258 1870 401 1908 AEneid.
419 1872 597 1918 V11⁴s772
614 1880 624 1907 ἑ

186 1930 248 1965 Ipso
255 1938 418 1966 repertorem
431 1933 567 1958 medicinae
578 1933 639 1958 tati·
650 1938 677 1957 et
690 1933 755 1958 artis

186 1980 498 2015 mumdum
506 1982 611 2016 Stygius
617 1982 730 2007 detrusit
738 1982 771 2007 ud
777 1981 870 2007 undu.

189 2029 422 2077 AEacutapius,
435 2031 555 2077 etipse
565 2044 640 2068 non
653 2032 726 2066 sine
740 2031 872 2078 flagitio

190 2082 365 2129 Apollinis
374 2090 479 2119 natus
491 2110 501 2127 ,
517 2084 603 2129 quid
617 2083 807 2119 fecit-aliud
823 2083 873 2118 di-

189 2134 280 2171 vinis
294 2134 490 2171 honoribus
506 2136 654 2182 dignum
665 2163 675 2180 ,
694 2136 759 2171 nisi
776 2135 873 2182 quod

190 2188 323 2223 sanavit
339 2187 601 2236 Hippolytum?
618 2189 778 2224 Mortem
788 2202 873 2224 sane

190 2239 314 2275 habuit
329 2239 514 2277 clariorem
524 2268 534 2286 ‚
552 2241 647 2288 quod
661 2252 681 2277 a
694 2242 774 2277 Deo
787 2254 874 2277 me—

190 2291 467 2342 ruitsulminari.
483 2296 551 2329 Ed.

233 2344 312 2390 646.
330 2348 533 2382 Pmbibenk.
550 2347 710 2384 Praesens
723 2360 789 2395 pro
800 2349 875 2383 Fu·-

190 2405 272 2434 turo
285 2425 295 2443 ,
310 2400 393 2445 quia
408 2408 504 2436 vates
518 2401 637 2437 sutura
655 2409 696 2437 ut
713 2415 875 2448 presen-

190 2451 240 2485 tia
248 2451 312 2486 sibi
322 2451 372 2487 fin
376 2460 475 2498 gunt.
483 2470 530 2481 -—-
541 2456 608 2490 Bis
616 2454 766 2500 luafata
775 2467 875 2490 nova-

190 2505 262 2544 bis,
278 2502 455 2549 duplicem
471 2506 658 2552 experieris
672 2514 876 2542 metamor—

193 2555 319 2601 phosin
341 2566 350 2589 ε
372 2556 490 2604 primo
507 2571 526 2593 e
549 2559 672 2595 matris
691 2559 876 2596 morientis

194 2613 299 2642 utero
313 2615 434 2654 raptus
447 2622 456 2651 ς
473 2609 630 2645 secundo
645 2611 705 2646 ubi
720 2624 740 2646 a
754 2611 877 2646 fulmi-

192 2661 249 2696 nis
263 2660 540 2708 conflagratione
556 2665 764 2700 reviviscens
780 2665 877 2708 divi-

193 2713 343 2748 nitatem
353 2722 590 2760 consequutus
608 2729 654 2751 es.
667 2718 732 2753 Ed.
744 2735 788 2745 —·
804 2718 877 2753 No·

196 2775 289 2813 vare,
306 2766 356 2804 sie
371 2775 408 2805 et
424 2768 506 2813 6743
525 2769 599 2813 xl,
618 2769 691 2805 261.

920 1105 922 1107 ι
973 1081 1050 1129 649.
1071 1081 1123 1115 Tu
1134 1092 1261 1126 quoque
1270 1087 1335 1116 etc.
1350 1078 1458 1114 Nunc
1469 1076 1614 1123 quidem

929 1139 1055 1168 natura
1067 1141 1127 1168 tua
1138 1131 1348 1167 immortalis
1361 1145 1397 1166 es
1409 1137 1444 1166 et
1454 1137 1616 1165 aeternus.

929 1187 1136 1226 -Manere‚
1157 1184 1202 1220 de
1213 1185 1283 1220 vita
1296 1191 1427 1224 aeterna
1442 1183 1536 1217 recte
1553 1181 1615 1216 di—

931 1240 1032 1275 citur.
1047 1258 1092 1267 -
1109 1241 1240 1284 Cupies.
1271 1237 1394 1274 Codex
1411 1236 1543 1282 Regius
1560 1236 1592 1270 A
1605 1262 1615 1276 ,

932 1297 1077 1339 cuplas5
1101 1292 1193 1329 Cod.
1219 1293 1273 1336 Β,
1297 1294 1423 1336 cupies.
1443 1309 1488 1316 -—
1509 1289 1617 1333 Quum

931 1349 1123 1392 cruciabere
1133 1353 1198 1381 etc.
1212 1344 1380 1380 Chironis
1388 1342 1517 1389 pedem
1528 1342 1620 1377 Her-

934 1399 1028 1434 cules
1044 1397 1251 1444 imprudens
1266 1396 1388 1443 sagitta
1403 1394 1525 1443 hydrae
1536 1394 1619 1428 Ler-

935 1463 1022 1487 naeae
1036 1453 1219 1495 sanguine,
1239 1461 1379 1484 veneno
1391 1475 1401 1492 ,
1419 1448 1528 1482 tincta
1543 1446 1619 1481 vul-

934 1503 1072 1544 neravit
1083 1520 1093 1546 ,
1105 1502 1160 1538 vel
1171 1515 1282 1548 quum
1292 1501 1385 1548 apud
1397 1513 1481 1536 eum
1493 1500 1621 1535 dever-

935 1556 1052 1600 tisset',
1068 1556 1164 1604 Hyg.
1175 1556 1215 1590 P.
1231 1555 1272 1589 A.
1287 1555 1322 1590 11
1336 1581 1345 1599 ,
1363 1555 1406 1589 38
1418 1579 1428 1597 ,
1442 1553 1498 1588 vel
1508 1564 1619 1599 quum

935 1608 1062 1644 Maleae
1086 1608 1196 1644 alium
1222 1603 1446 1642 Centaurum
1470 1605 1620 1641 transsi-

935 1673 1016 1707 gere
1040 1660 1167 1710 'vellen
1199 1662 1349 1697 Pansam
1380 1659 1414 1692 V
1439 1687 1448 1704 ,
1478 1673 1510 1706 p.
1545 1660 1621 1705 387.

936 1712 1100 1759 Apollod.
1125 1714 1163 1749 11
1183 1740 1194 1758 ,
1223 1724 1248 1747 v
1263 1740 1272 1757 ‚
1301 1714 1331 1757 4.
1363 1710 1540 1747 Eratosth.
1565 1712 1620 1755 40.

936 1766 1066 1802 Noster
1080 1767 1237 1813 priorem
1252 1765 1430 1801 rationem
1452 1770 1621 1809 seqmitus

935 1829 988 1858 est
997 1822 1033 1857 V
1044 1816 1286 1868 Fast.²,'⁸397-5
1293 1834 1306 1855 ι
1312 1822 1343 1864 4.
1351 1836 1395 1846 --
1403 1820 1625 1863 Βεεφίιιπίιιν

937 1887 979 1908 ea
995 1900 1004 1917 ,
1036 1874 1175 1919 quibus¹
1189 1873 1266 1918 quis
1294 1871 1502 1906 vulneratur
1516 1896 1525 1914 ,
1561 1876 1621 1905 aut

938 1936 1016 1970 quae
1030 1931 1219 1970 penetrant
1231 1924 1278 1958 in·
1286 1935 1423 1970 corpus.

981 1977 1058 2012 653.
1067 1978 1209 2011 Patiens
1215 1980 1341 2011 mortis.
1359 1974 1530 2011 Mortalis.
1541 1975 1627 2009 Pati

937 2042 1052 2065 necem
1059 2036 1111 2064 est
1118 2029 1166 2073 X,
1175 2029 1249 2076 267.
1258 2027 1385 2073 Quum
1393 2022 1620 2073 cruciaretur,

938 2082 1242 2117 immortalitatem
1262 2092 1364 2116 suam
1379 2086 1505 2126 sponte
1522 2080 1623 2114 cessit

939 2135 1158 2171 Prometheo
1170 2160 1180 2177 ,
1196 2134 1253 2170 cui
1261 2133 1404 2180 Jupiter
1416 2146 1457 2168 ea
1468 2132 1544 2178 lege
1556 2132 1622 2166 im·

939 2188 1192 2224 mortalitatem
1215 2187 1445 2234 promiserat,
1473 2185 1502 2221 si
1524 2184 1624 2220 daret

938 2241 1178 2276 immortalem
1192 2267 1202 2284 ‚
1216 2240 1275 2286 qui
1287 2252 1352 2286 pro
1362 2240 1438 2286 ipso
1449 2238 1540 2273 mori
1552 2239 1621 2273 vel-

938 2295 998 2331 let.
1015 2295 1161 2330 Lucian.
1175 2294 1222 2328 D.
1240 2286 1353 2328 Mort.
1368 2293 1422 2327 262
1437 2310 1483 2318 —
1497 2293 1625 2326 Besal-

940 2352 1023 2384 rent.
1042 2347 1144 2382 Alter
1155 2346 1287 2392 Regius
1297 2372 1307 2390 ,
1318 2348 1500 2385 revolvem,
1515 2355 1625 2389 aeque.

940 2400 1016 2435 Pila
1033 2401 1227 2435 Parcarum
1242 2398 1410 2434 dicuntur
1421 2398 1559 2436 revolvi,
1578 2410 1625 2430 re-

940 2442 1032 2489 sb'lvi
1038 2480 1046 2494 ,
1068 2455 1179 2488 νεά-,τί
1186 2479 1194 2493 ,
1216 2453 1408 2486 iteras-[etc.
1420 2467 1464 2477 -·
1477 2447 1626 2483 Codices

941 2506 1054 2541 nostri
1082 2506 1116 2540 A
1141 2512 1177 2540 et
1199 2504 1230 2539 Β
1246 2530 1256 2548 ,
1287 2504 1459 2538 resolvent.
1494 2501 1562 2536 Ed.
1583 2520 1627 2527 —-

943 2561 1127 2595 Resolvent
1143 2557 1312 2593 Heinsius
1332 2555 1522 2602 explicabat
1535 2582 1546 2599 ,
1571 2568 1628 2590 se-

943 2613 1073 2647 cabunt
1091 2625 1099 2647 :
1116 2611 1231 2657 potius
1254 2616 1306 2645 est
1321 2636 1331 2654 ,
1358 2609 1627 2658 retorquebunt.

944 2664 1061 2699 Tibul.
1074 2665 1091 2699 Ι
1103 2690 1113 2708 ‚
1130 2674 1187 2699 vu
1198 2689 1207 2707 ,
1226 2677 1244 2697 2
1259 2689 1269 2708 ‚
1288 2662 1332 2698 de
1348 2661 1474 2698 iisdem
1489 2660 1607 2697 Parcis
1617 2687 1626 2705 ,

942 2719 1092 2751 stamina
1113 2730 1179 2751 non
1206 2717 1274 2751 ulli
1294 2716 1515 2750 dersoluenda
1542 2715 1629 2748 Deo.

944 2769 1109 2815 Propert.
1135 2767 1194 2804 IV
1208 2794 1218 2812 ,
1243 2778 1300 2806 vu
1310 2793 1320 2813 ,
1353 2770 1392 2803 51
1413 2793 1422 2812 ‚
1451 2765 1633 2802 reuolubile
