1832 3100
253 270 338 312 518

624 269 677 312 Ρ.
718 269 948 314 ov1n11
988 240 1287 313 NASONIS

253 362 405 425 Quum
431 371 518 408 tam
540 359 723 426 pulchra
745 360 853 408 mihi
868 397 880 419 ‚
906 373 995 409 tam
1019 380 1098 428 par
1119 373 1240 410 aetate
1262 362 1468 426 juventus

259 437 402 485 Obvia
426 437 640 503 processit
660 457 668 484 :
689 436 855 486 multos
879 449 1024 485 tamen
1047 435 1149 484 inde
1172 436 1348 503 requiro
1366 474 1377 495 ‚

1602 451 1669 486 515

258 516 385 579 Quos
411 515 633 581 quondam
657 515 912 563 vidi‘vestra
933 513 1058 579 prius
1081 512 1192 562 urbe
1213 527 1427 580 receptus.
1451 537 1473 558 n

258 592 418 640 AEacus
442 591 684 654 ingemuit;
711 591 914 657 tristique
938 590 999 639 ita
1018 608 1124 639 voce
1147 590 1354 639 locutus:

259 692 281 711 «
307 668 475 717 Flebile
498 669 765 735 principium
790 667 946 717 melior
969 667 1148 716 fortuna
1171 680 1356 734 sequuta
1378 681 1455 716 est.

257 746 382 792 Hane
406 745 571 793 utinam
596 765 772 811 possem
795 746 922 794 vobis
946 764 1187 793 memorare
1209 744 1426 794 sine-illo!
1469 752 1480 761 “

257 821 426 870 Ordine
447 841 564 870 nunc
582 834 775 888 repetam
796 842 805 870 :
827 842 913 871 neu
934 822 1068 885 longa
1091 823 1272 885 ambage
1291 842 1438 871 morer
1458 841 1561 872 vos:
1600 836 1667 872 520

258 903 395 961 Ossa,
422 903 620 970 cinisque
642 904 811 968 jacent,
837 904 1020 953 memori
1045 923 1156 971 quos
1179 916 1324 953 mente
1347 904 1545 971 requiris.

258 986 318 1048 Et
342 997 476 1051 quota
500 1005 600 1052 pars
622 985 687 1033 illi
711 1005 856 1034 rerum
877 987 1044 1052 periere
1070 988 1293 1035 mearum!

257 1066 369 1118 Dira
392 1066 485 1115 lues
507 1066 571 1115 ira
591 1067 771 1133 populis
794 1069 823 1115 J
827 1068 988 1116 unonis
1011 1068 1173 1135 iniquae

256 1212 420 1246 firmandi
434 1239 443 1254 ,
473 1213 566 1257 quod
594 1213 636 1246 ab
665 1213 774 1247 altero
799 1213 932 1248 dictum

228 1309 230 1311 r
258 1273 375 1300 est.-—-
391 1267 552 1310 Requiro,
579 1266 692 1300 sentio
709 1266 835 1300 abesse.

302 1319 375 1352 518.
389 1318 533 1361 Sequula
545 1322 597 1351 esl
610 1317 767 1352 revocavi
783 1331 802 1351 e
819 1317 936 1362 pluri—-

259 1371 323 1405 mis
340 1370 447 1405 MSS.
465 1383 617 1414 namque
632 1370 798 1404 Heinsius
808 1383 849 1404 ex
865 1382 935 1404 uno

261 1423 420 1466 Ciofani,
439 1423 610 1457 Vaticano
629 1422 741 1467 primo
755 1448 764 1462 .
786 1422 937 1457 Grono—

258 1475 363 1508 viano
376 1500 384 1516 ‚
408 1474 585 1519 Excerptis
598 1474 857 1519 Langermanni
870 1500 879 1517 ‚
903 1480 937 1508 et

259 1538 299 1558 ex
316 1525 501 1558 Graeviano
516 1551 524 1567 ,
550 1537 612 1570 pro
633 1525 767 1558 diversa
790 1525 936 1559 lectione

257 1582 410 1621 sequetur
423 1577 618 1617 invexerat,
640 1583 676 1609 ut
693 1589 812 1610 sensus
829 1582 936 1609 esset:

259 1627 387 1662 Gemui
406 1639 471 1670 ego
487 1626 629 1670 quidem
643 1652 651 1668 ,
669 1627 729 1660 sed
746 1627 811 1660 hoc
823 1625 937 1660 flebile

259 1678 467 1724 principium
486 1678 521 1711 in
538 1680 736 1712 narratione
755 1678 827 1721 jam
839 1678 940 1711 insti-

259 1731 388 1767 tuenda
401 1731 526 1764 melior
536 1731 677 1765 fortuna
685 1737 860 1774 sequetur..
875 1730 939 1764 Al-

264 1788 380 1817 terum
394 1781 528 1815 melius.

299 1836 317 1868 5
323 1847 371 1880 19·
380 1834 564 1867 Memorare
569 1834 643 1866 sine
650 1835 711 1867 illo
720 1833 729 1867 I
744 1833 867 1868 Ordine
875 1839 937 1867 etc.

265 1886 357 1920 Libri
381 1899 525 1929 omnes,
547 1885 750 1919 memorare!
772 1888 844 1918 sine
867 1887 936 1919 ullo

267 1939 390 1972 Ordine
401 1944 464 1972 etc.
479 1938 549 1972 Sed
568 1949 632 1982 ego
649 1937 840 1982 Schepperi
854 1950 940 1971 con-

261 1992 433 2037 jecturam
442 1991 594 2035 recipere
606 2002 677 2023 non
689 1990 851 2024 dubitavi.
865 1989 940 2024 Cur

264 2043 360 2077 enim
380 2045 453 2076 sine
473 2045 541 2075 ullo
560 2044 676 2075 ordine
698 2054 773 2075 rem
798 2054 938 2075 narrare

261 2093 452 2133 voluisset?
480 2100 514 2127 et
537 2106 600 2127 cur
624 2100 741 2137 optet,
765 2100 805 2126 ut
820 2094 939 2126 sortu-

264 2158 347 2180 nam
357 2158 499 2179 narrare
511 2145 629 2190 possit,
645 2158 750 2189 quam
760 2153 795 2179 et
805 2152 939 2190 poterat

264 2203 406 2232 narrare
421 2223 429 2240 ,
447 2202 482 2231 et
496 2209 617 2231 revera
629 2197 751 2230 ordine
764 2210 939 2231 memora-

264 2251 342 2284 vit?
368 2250 415 2285 Et
437 2249 507 2283 vidi
523 2251 763 2294 conjecturam
778 2250 939 2283 eamdem

265 2309 336 2336 tam
358 2303 433 2336 viro
447 2301 549 2336 docto
575 2302 610 2335 in
632 2301 794 2336 Biblioth.
819 2303 938 2347 Tigur.

264 2368 296 2398 p.
315 2358 371 2399 75,
390 2367 496 2399 quam
515 2354 644 2388 Lenzio
660 2366 731 2388 esse
748 2354 940 2398 probatam.

268 2407 321 2441 Ac
335 2406 391 2441 hic
414 2405 556 2451 quidem
575 2405 668 2448 haec,
687 2418 768 2439 cum
790 2418 862 2450 sqq.
879 2418 941 2439 neu

265 2462 381 2503 longa,
402 2466 466 2493 etc.
480 2458 845 2504 conjungite—Regius
859 2471 942 2492 nos-

258 2517 322 2545 -ter
338 2511 370 2544 A
386 2510 489 2545 habet
510 2514 583 2544 st'ne
599 2513 680 2552 1'llo;
708 2510 742 2543 id
766 2517 817 2544 est
830 2536 839 2553 ,
865 2510 939 2544 sine

269 2562 448 2607 prooemio.
459 2564 493 2595 E
494 2564 526 2596 d.
535 2581 579 2588 ·—-
589 2563 713 2596 Ordine
726 2567 874 2604 repetere,
891 2575 943 2595 re-

257 2614 350 2658 ferre
359 2641 366 2653 ,
386 2614 544 2648 sormulae
558 2621 639 2648 sunt
651 2614 822 2649 solemnes
834 2614 875 2647 de
888 2613 940 2657 iis,

268 2665 326 2709 qui
343 2677 421 2698 rem
438 2665 623 2710 diligenter
641 2678 703 2711 per
719 2672 832 2710 partes
848 2677 939 2699 nar-

265 2723 354 2750 rant.
365 2735 410 2743 —
421 2718 537 2760 longa
545 2720 684 2760 ambage
693 2730 798 2750 morer
805 2729 878 2760 vos‚·
888 2729 941 2750 su-

263 2766 396 2811 perflua
409 2768 565 2802 oratione
579 2781 586 2802 2
604 2775 689 2802 teste
707 2768 858 2802 Heinsio
874 2775 941 2803 tres

1000 1214 1107 1250 MSS.
1125 1214 1256 1248 habent
1269 1226 1374 1248 morer
1387 1224 1469 1256 vos‚·
1488 1220 1522 1247 at
1533 1212 1675 1248 Floren-

999 1266 1093 1300 tinus
1109 1266 1145 1300 S.
1163 1265 1275 1300 Marci
1289 1292 1298 1308 ,
1318 1265 1449 1311 primus
1466 1264 1673 1307 Vaticanus,

1000 1318 1132 1363 primus
1149 1317 1330 1352 Mediceus
1346 1325 1381 1352 et
1397 1316 1581 1351 duodecim
1597 1316 1673 1359 alii,

1001 1375 1146 1411 moreris,
1165 1370 1258 1416 quod
1274 1370 1378 1405 habet
1393 1369 1498 1404 etiam
1511 1395 1520 1412 ,
1535 1369 1675 1414 aprima

1002 1436 1111 1458 manu
1123 1449 1132 1466 ,
1158 1429 1277 1457 noster
1297 1421 1417 1456 Codex
1433 1422 1463 1456 B
1475 1447 1485 1464 ,
1508 1427 1544 1455 et
1559 1415 1651 1466 quo'd
1664 1446 1673 1463 ,

1004 1483 1042 1509 ut
1051 1475 1186 1509 suavius
1198 1500 1207 1517 ,
1225 1474 1446 1519 praetulerim.
1457 1475 1521 1507 Ed.
1531 1478 1576 1499 -'—·
1587 1474 1677 1507 Ossa

1003 1530 1159 1572 citusque.
1172 1526 1262 1560 Vide
1280 1526 1321 1560 ad
1340 1526 1452 1568 VIII,
1471 1525 1544 1573 496.

1047 1580 1121 1612 522·
1137 1580 1188 1611 El
1193 1583 1294 1622 quola
1297 1590 1380 1621 pars
1394 1579 1456 1611 illi.
1468 1575 1590 1611 Codex
1604 1574 1677 1609 Re-

1004 1629 1077 1673 gius
1087 1630 1128 1672 B,
1140 1631 1336 1668 illia—Illi,
1356 1641 1441 1673 quos
1452 1635 1489 1662 tu
1501 1623 1677 1673 quondam

1003 1681 1114 1715 vidisti
1129 1706 1137 1723 ,
1161 1682 1258 1714 suere
1276 1680 1421 1713 minima
1439 1693 1515 1724 pars
1531 1691 1652 1713 eorum
1666 1703 1675 1720 ,

1004 1730 1063 1775 qui
1080 1731 1268 1776 perierunt.
1296 1733 1423 1773 Quotus
1440 1729 1624 1764 adhibetur
1642 1735 1678 1762 et

1005 1782 1045 1816 ad
1057 1782 1251 1827 augendam
1259 1790 1294 1817 et
1303 1781 1344 1816 ad
1353 1780 1582 1815 minuendam
1590 1792 1676 1814 rem.

1004 1837 1169 1868 —Berum
1183 1847 1336 1874 mearum,
1355 1833 1573 1868 subditorum
1586 1845 1678 1867 meo-

1005 1897 1094 1918 rum.
1103 1887 1183 1926 Bes,
1200 1890 1369 1934 υῑπρᾶγμα
1378 1891 1412 1919 et
1425 1892 1544 1934 χρῆμα,
1557 1883 1600 1918 de
1611 1882 1678 1916 ho-

1005 1937 1166 1971 minibus.
1191 1936 1282 1971 Vide
1306 1936 1476 1971 Gronovii
1500 1935 1584 1971 Obs.
1604 1934 1676 1978 IV,

1005 2002 1038 2034 p.
1052 1990 1123 2034 706.
1138 1989 1245 2031 Infra,
1258 2001 1343 2023 vers.
1353 1989 1428 2031 583,
1437 2000 1520 2032 pars
1527 2000 1678 2022 meorum.

1049 2041 1123 2075 523.
1145 2043 1234 2074 Dira
1253 2043 1326 2074 lues
1345 2044 1398 2074 ira
1423 2046 1486 2074 etc.
1509 2039 1677 2074 Notabilis

1005 2092 1207 2138 pestilentiae
1220 2091 1461 2137 descriptio,in
1473 2103 1541 2136 qua
1551 2091 1678 2126 Noster

1004 2151 1168 2190 sequutus
1179 2151 1230 2179 est
1242 2145 1444 2179 Lucretium
1455 2169 1466 2188 ,
1483 2144 1536 2178 VI
1548 2169 1558 2187 ,
1574 2156 1587 2177 1
1597 2142 1676 2183 13&

1006 2197 1126 2242 Virgil.
1144 2196 1271 2242 Georg.
1287 2197 1360 2240 111,
1373 2198 1436 2242 474
1445 2208 1519 2241 sqq.
1533 2194 1677 2230 Confer.

1005 2250 1138 2284 Seneca
1151 2275 1159 2292 ,
1181 2249 1300 2294 OEdip.
1312 2250 1354 2283 35
1367 2261 1440 2294 sqq.
1452 2250 1540 2283 Dira
1551 2247 1677 2282 dicitur

1005 2315 1022 2335 a
1041 2301 1115 2336 Diis
1132 2301 1224 2335 iratis
1240 2301 1391 2335 immissa
1408 2307 1443 2335 et
1455 2307 1582 2346 praeter
1598 2312 1678 2333 rno-

1004 2353 1088 2387 dum
1103 2366 1238 2398 magna.
1254 2353 1311 2387 Sic
1326 2355 1401 2386 dira
1409 2354 1547 2397 grando,
1566 2352 1678 2386 Hora-

1005 2405 1071 2439 tius
1084 2407 1099 2440 l
1111 2431 1120 2447 ,
1137 2404 1207 2439 Od.
1218 2415 1246 2438 11
1257 2430 1266 2447 ‚
1283 2417 1361 2437 1.—
1370 2406 1516 2447 Popull‘s.
1529 2402 1620 2437 Vide
1633 2402 1676 2437 ad

1004 2467 1145 2490 versum
1161 2456 1234 2499 481.
1249 2457 1358 2488 -Im
1366 2457 1510 2498 populis.
1531 2453 1677 2489 Codices

1004 2507 1133 2550 nostri,
1146 2510 1279 2551 populis
1289 2510 1350 2546 ira,
1366 2506 1459 2551 quod
1474 2506 1588 2541 sensui
1601 2518 1679 2539 me-

1004 2558 1068 2592 lius
1084 2558 1247 2593 convenit
1263 2573 1270 2598 ;
1288 2558 1347 2592 sed
1364 2571 1485 2592 omnes
1498 2557 1604 2592 MSS.
1621 2557 1677 2591 alii

1005 2617 1040 2644 et
1061 2610 1230 2644 editiones
1257 2610 1386 2644 habent
1410 2609 1527 2644 datam
1549 2609 1675 2643 lectio-

1005 2676 1099 2698 nem.
1112 2665 1356 2707 Ed—lnl‘qnae‚
1369 2662 1554 2705 iratoe3vid.
1564 2661 1677 2695 Hein-

1004 2717 1071 2751 sius
1083 2743 1092 2759 ‚
1114 2716 1156 2750 ad
1173 2716 1232 2750 Sil.
1249 2717 1303 2751 III
1315 2743 1324 2761 ,
1342 2722 1422 2750 2.*--
1433 2717 1581 2749 Incidere
1592 2725 1676 2758 pro-

1005 2769 1077 2813 prie
1095 2768 1138 2801 de
1156 2768 1280 2803 morbo
1296 2794 1306 2811 ‚
1334 2767 1522 2802 calamitate
1536 2790 1547 2808 ,
1570 2765 1663 2799 malo
