1832 3100
236 285 320 331 290

602 271 652 337 Ρ,
694 268 928 318 ov1n11
966 270 1269 321 NAsoMs

232 362 476 429 Impietatis
496 361 642 412 habet.
666 364 845 414 Festum
869 365 1086 416 celebrare
1109 369 1334 427 sacerdos,

231 443 452 489 Immunes
476 459 660 507 operum
688 441 912 500 dominas,
938 443 1207 511 famulasque
1231 466 1435 506 suorum,
1621 464 1641 498 5

230 520 413 568 Pectora
435 518 550 585 pelle
575 519 690 582 tegi,
717 518 899 568 crinales
921 519 1087 569 solvere
1105 521 1235 570 vittas
1256 560 1268 580 ,

229 597 353 644 Serta
377 596 539 654 comis,
563 595 768 644 manibus
790 596 1045 645 frondentes
1070 616 1239 646 sumere
1259 598 1456 666 thyrsos,

227 674 452 731 Jusserat3
479 685 523 722 et
545 692 699 721 saevam
723 673 813 721 laesi
835 673 929 721 fore
954 674 1148 722 numinis
1172 675 1282 723 iram

227 750 502 798 Vaticinatus
523 762 615 799 erat
635 771 643 797 :
664 762 819 817 parent
837 763 1084 817 matresque
1105 771 1358 818 nurusque3

224 826 462 893 Telasque,
489 827 774 893 calathosque
800 827 1047 894 infectaque
1071 848 1208 894 pensa
1227 840 1478 895 reponunt3
1605 854 1644 877 ιο

224 906 429 971 Turaque
445 905 564 971 dant,
577 905 885 970 Bacchumque
900 918 1059 953 vocant
1068 906 1383 972 Bromiumque
1393 907 1670 972 Lyaeumque,

228 983 573 1048 Ignigenamque
587 1019 598 1039 ,
623 993 852 1047 satumque
873 982 1053 1039 iterum,
1079 981 1311 1048 solumque
1331 983 1574 1031 himatrem.

223 1113 438 1158 -Acczpem
454 1110 638 1146 celebrare.
651 1108 787 1143 Eodem
798 1121 901 1142 sensu

223 1178 338 1210 capere
357 1167 450 1209 orgia
462 1190 469 1204 ,
498 1163 595 1207 Virg.
611 1161 694 1195 AEn.
711 1160 785 1194 VII
797 1186 806 1203 ,
825 1161 900 1203 403.

221 1237 265 1244 -
273 1219 469 1256 Temeraria,
486 1214 592 1260 impia
605 1213 642 1247 in
651 1213 782 1256 Deum,
794 1213 900 1246 etiam

224 1268 297 1311 VI,
324 1268 377 1301 32.

266 1325 295 1367 4.
315 1323 493 1360 Sacerdos,
512 1317 900 1353 Tiresias.-·-Immunes

221 1387 352 1419 operam
367 1376 520 1407 dominas
534 1378 598 1405 etc.
617 1369 687 1404 Hic
703 1380 822 1402 versus
837 1366 900 1401 ali-

222 1435 276 1462 ter
307 1426 434 1471 legitur
462 1422 552 1469 apud
587 1428 726 1457 nostros
752 1419 899 1455 Codices

219 1478 350 1525 Regios
364 1504 373 1521 ‚
398 1476 525 1511 scilicet
553 1487 561 1509 ι
582 1476 748 1508 Immunes
766 1484 898 1515 operum

211 1532 368 1577 famulas
379 1556 387 1569 ,
405 1529 619 1571 dominasque
634 1535 787 1565 suorum‚·
807 1530 841 1558 et
858 1535 899 1558 ea

218 1585 309 1620 sorte
320 1583 386 1617 suit
401 1579 549 1615 auctoris
566 1579 737 1623 scriptura
749 1583 788 1611 ut
804 1576 899 1621 prius

221 1637 264 1672 de
278 1634 414 1671 famulis
427 1660 436 1677 ,
455 1633 601 1667 demum
613 1630 655 1664 de
670 1629 821 1664 dominis
836 1628 898 1662 lo-

221 1695 399 1735 queretur.
410 1687 475 1720 Ed.
483 1682 740 1718 -Bacchantes
749 1682 895 1725 pellibus

218 1752 404 1777 cervorum
429 1745 464 1773 et
495 1737 679 1771 damarum
700 1733 771 1780 tegi
799 1733 897 1767 sole-

218 1796 303 1829 bant
314 1820 323 1837 ‚
337 1804 417 1837 quser
427 1789 632 1824 dicebantur
641 1788 803 1829 nebrides;
813 1797 897 1819 nam

218 1848 314 1896 νεέρὲς
330 1850 382 1879 est
396 1841 565 1877 hinnulus
576 1838 674 1874 :vide
684 1837 802 1872 Schol.
820 1836 898 1871 Eu-

219 1901 283 1945 rip.
303 1896 346 1932 ad
362 1895 486 1931 Phoen.
502 1905 588 1927 vers.
602 1891 674 1938 798.
691 1909 735 1916 —
757 1891 893 1933 figere,

219 1951 366 1985 verbum
381 1945 565 1994 proprium
579 1944 617 1978 in
633 1942 736 1978 sacris
748 1967 758 1984 ,
786 1953 897 1986 quum

220 2003 274 2037 vel
287 2008 389 2047 caput
398 1999 534 2034 velatur
548 1996 647 2032 sertis
658 2022 667 2039 ‚
685 1994 739 2029 vel
752 1994 788 2028 in
805 1994 896 2027 Bac-

219 2053 418 2090 chanalibus
450 2062 575 2096 corpus
611 2046 823 2082 nebridibus.
855 2063 899 2072 —-

223 2108 374 2141 Cra-mles
391 2108 482 2138 villa·
495 2129 502 2143 ‚
517 2102 612 2135 vittae
624 2126 633 2143 ,
652 2099 775 2144 quibus
785 2098 897 2132 crines

220 2159 480 2198 coercebantur.
492 2154 705 2191 Bacchantes
722 2152 817 2186 enim
831 2178 840 2194 ‚
859 2157 899 2184 ut

221 2212 328 2249 modo
345 2210 494 2245 vidimus
507 2234 516 2251 ,
542 2206 645 2253 passis
661 2204 789 2250 capillis
810 2217 898 2238 cur-

221 2277 299 2299 rere
327 2262 493 2298 solebant.
514 2258 632 2293 Etiam
655 2256 746 2302 apud
775 2256 899 2301 Virgil.

222 2314 363 2351 AEneid.
392 2313 487 2354 Vll,
517 2310 581 2355 403
599 2337 608 2352 ,
633 2309 705 2343 haec
730 2307 826 2352 orgia
851 2307 899 2340 sic

219 2367 424 2402 indicuntur
436 2390 446 2407 ,
470 2364 593 2398 Solvite
610 2362 755 2395 crinales
783 2362 898 2392 villas.

219 2438 263 2446 —-
290 2420 384 2453 Serta
398 2444 406 2457 ,
434 2414 577 2450 frondes
606 2412 808 2459 pampineos
840 2417 899 2444 aut

222 2470 442 2504 heder-accos.
469 2484 513 2493 -·-
547 2467 658 2500 Comis
686 2462 844 2497 revocavi
879 2474 898 2495 e

218 2521 378 2569 plurimis
390 2519 498 2554 MSS.
508 2534 517 2560 ;
529 2530 680 2562 namque
692 2520 781 2549 serla
791 2527 896 2553 coma,

223 2574 317 2618 quod
336 2573 484 2607 Heinsio
500 2579 536 2606 et
552 2572 760 2605 Burmanno
777 2580 795 2601 e
814 2566 900 2611 qui—

219 2625 368 2660 busdam
394 2624 543 2669 placuit.
572 2623 688 2656 minus
714 2633 815 2655 suave
838 2625 898 2653 est.

221 2696 265 2703 —
297 2678 345 2710 Et
371 2689 502 2710 savam.
532 2674 706 2709 Gruterus
733 2671 814 2717 legit
841 2675 903 2705 aut

220 2742 350 2763 sevam.
367 2746 411 2753 -
433 2727 551 2761 Nostri
567 2725 690 2770 Regii,
714 2729 749 2758 et
768 2736 898 2759 savam.

224 2799 268 2807 —
285 2782 393 2822 Lest,
419 2779 534 2824 spreti.

1015 1121 1026 1141 1
1033 1121 1064 1143 o.
1084 1110 1256 1153 Telasque,
1266 1110 1489 1153 calathosque.
1501 1108 1558 1143 En
1568 1108 1641 1154 jam

966 1161 1069 1195 tertio
1086 1161 1394 1196 animadvertimus
1405 1187 1415 1204 ,
1433 1160 1511 1196 vide
1527 1161 1585 1196 lib.
1601 1162 1619 1198 I
1629 1187 1640 1205 ‚

968 1214 1030 1260 193
1046 1240 1055 1256 ,
1084 1220 1119 1247 et
1135 1213 1190 1248 111
1208 1239 1217 1256 ,
1235 1213 1300 1260 539
1315 1239 1324 1256 ,
1356 1213 1423 1248 hoc
1442 1213 1642 1258 quantitatis

964 1263 1134 1299 mendum
1147 1276 1219 1298 non
1233 1270 1362 1299 exstare
1374 1264 1411 1298 in
1423 1263 1551 1299 nostris
1567 1262 1642 1299 Co·-

965 1317 1095 1352 dicibus
1113 1317 1171 1362 qui
1191 1317 1322 1351 habent
1340 1318 1390 1351 Et
1416 1319 1519 1358 telas,
1537 1319 1641 1352 cala-

963 1371 1109 1414 thosque.
1123 1370 1349 1405 Recentiores
1359 1368 1529 1414 editores,
1551 1383 1641 1405 auc-

964 1421 1103 1456 toritate
1114 1422 1251 1467 Virgilii
1266 1421 1364 1465 freti,
1381 1422 1441 1467 qui
1456 1421 1642 1467 aliquando

963 1476 997 1509 τὲ
1011 1487 1072 1518 que
1086 1485 1224 1509 caesurae
1234 1473 1345 1508 vicem
1357 1486 1480 1518 gerens
1496 1473 1640 1520 longum

962 1526 1063 1568 fecit,
1091 1525 1176 1559 illud
1199 1525 1236 1559 in
1262 1524 1432 1560 Ovidium
1447 1525 1521 1559 sine
1537 1526 1642 1560 metri

962 1578 1095 1623 jactura
1105 1577 1562 1623 intulerunt-Quamobrem
1569 1578 1641 1613 vul-

963 1637 1077 1675 gatam
1101 1630 1289 1665 lectionem
1315 1643 1389 1664 non
1418 1631 1639 1666 mutavimus.

962 1682 1055 1717 Vide
1079 1683 1123 1717 ad
1146 1683 1202 1717 III
1216 1709 1226 1726 ,
1248 1683 1323 1718 350.
1349 1684 1415 1718 Ed.
1438 1700 1482 1708 -
1505 1684 1646 1717 Calathi

962 1741 1063 1769 erant
1079 1734 1115 1768 in
1139 1734 1226 1769 vasis
1243 1734 1486 1776 muliebribus,
1505 1734 1640 1769 fiscellae

962 1799 981 1820 e
994 1786 1180 1820 viminibus
1192 1787 1302 1829 factae,
1317 1798 1394 1831 quae
1403 1786 1445 1820 ab
1455 1787 1526 1821 ima
1541 1795 1637 1832 parte

962 1844 1115 1881 angustae
1134 1863 1142 1881 ,
1170 1837 1335 1882 paulatim
1362 1850 1399 1872 se
1421 1837 1458 1871 in
1479 1836 1641 1872 latitudi-

961 1903 1046 1924 nem
1062 1890 1238 1933 laxabant,
1265 1902 1373 1936 graeee
1394 1891 1529 1941 τάλαροι.
1554 1889 1640 1937 Ety-

964 1943 1047 1978 mol.
1069 1944 1122 1977 M.
1137 1945 1262 1994 τάλαρος
1273 1969 1282 1984 ,
1307 1947 1502 1985 καλαθίσκος,
1515 1945 1640 1990 κόφινος.

963 1995 1124 2041 Speciem
1150 1997 1284 2030 calathi
1303 1994 1363 2028 dat
1381 1994 1573 2040 Spanhem.
1597 1994 1640 2029 ad

965 2048 1102 2082 callim.
1122 2061 1155 2093 p.
1170 2048 1245 2082 652.
1268 2047 1312 2081 In
1332 2059 1375 2081 eo
1385 2059 1496 2091 pensa
1509 2059 1570 2081 sua
1583 2059 1640 2081 re-

963 2100 1142 2144 ponebant
1157 2098 1312 2132 lanificae.
1331 2115 1375 2124 —·
1398 2098 1547 2142 Infecta,
1577 2109 1640 2143 pro

963 2152 1165 2196 imperfecta
1179 2176 1189 2192 ‚
1220 2149 1322 2194 paulo
1348 2149 1553 2184 insolentius
1579 2147 1642 2182 di—

964 2210 1070 2237 ctum.
1090 2202 1148 2236 Sic
1164 2208 1199 2235 et
1222 2200 1275 2234 VI
1288 2226 1297 2244 ,
1316 2213 1391 2234 202.
1412 2218 1456 2227 --·
1474 2200 1642 2234 vivianus

963 2254 1045 2299 legit
1055 2251 1243 2297 infestaque*
1250 2279 1258 2292 ‚
1278 2252 1372 2297 quod
1384 2252 1529 2297 explicat*
1540 2278 1549 2292 ,
1567 2263 1640 2286 non

964 2306 1049 2340 festa
1067 2320 1076 2347 ;
1109 2312 1211 2349 atque
1237 2304 1284 2337 ita
1315 2303 1562 2338 Gronovianus
1578 2328 1589 2347 ,
1621 2315 1641 2337 a

964 2371 1073 2392 manu
1088 2358 1210 2403 prima.
1237 2355 1383 2391 Codices
1393 2356 1503 2390 nostri
1520 2356 1639 2402 Regii,

963 2411 1160 2454 infectaque.
1169 2427 1214 2434 —-
1229 2411 1406 2453 Bepomml
1417 2415 1482 2442 etc.
1500 2408 1640 2443 Relictis

964 2463 1068 2496 rebus
1085 2462 1247 2495 omnibus
1259 2467 1452 2496 accurrunt.
1467 2460 1642 2505 Expressit

966 2514 1150 2559 Euripides
1165 2541 1174 2557 ‚
1193 2514 1227 2547 in
1245 2514 1387 2548 Bacchis
1398 2541 1407 2557 ‚
1435 2525 1535 2547 versu
1554 2526 1613 2558 ¹¹7
1629 2539 1638 2553 ,

965 2567 1022 2600 ubi
1047 2573 1154 2600 ruunt
1175 2566 1226 2612 ἀφ’
1250 2571 1347 2608 ἱςών,
1370 2568 1614 2616 παρὰὀεερκίδων
1629 2589 1639 2607 ,

964 2631 987 2651 a
1002 2620 1076 2651 lelz's
1092 2622 1126 2651 el
1141 2631 1164 2651 a
1179 2621 1294 2651 radiis.

1012 2684 1024 2704 ι
1036 2685 1061 2704 ι.
1081 2671 1317 2714 Bacchumque
1323 2673 1518 2703 vocanletc.
1529 2666 1640 2711 Argu-

965 2730 1128 2757 mentum
1146 2729 1302 2756 recenset
1318 2722 1551 2768 hymnorum,
1567 2717 1649 2762 qui-1

964 2776 1028 2809 bus
1044 2775 1293 2809 celebraverint
1303 2772 1490 2808 Bacchum.
1502 2769 1638 2817 Hymni
