1832 3100
338 269 416 314 170

693 260 745 303 P.
791 261 1029 307 OVIDII
1075 255 1380 311 NASONIS

328 346 506 413 Excipit
525 348 770 410 Eridanus,
797 353 1098 423 fumantiaque
1121 357 1264 407 abluit
1289 379 1378 409 ora.

391 425 553 474 Naides
577 428 799 496 Hesperiae
823 432 967 482 trifida
988 433 1204 483 fumantia
1219 435 1392 485 flamma

1678 455 1745 490 325

330 500 530 567 Corpora
554 504 657 554 dant
683 508 880 568 tumulo,
904 511 1170 578 signantque
1193 513 1281 562 hoc
1306 515 1496 565 carmine
1519 535 1700 568 saxum:

331 599 353 618 «
381 578 465 626 Hic
489 579 600 629 situs
624 595 691 631 est
710 584 970 646 Phaethon,
997 607 1151 638 currus
1174 590 1324 653 auriga
1346 593 1547 658 paterni3

328 677 352 697 >³
381 656 527 720 Quem
548 659 585 707 si
609 680 700 709 non
723 664 890 723 tenuit,
913 666 1083 729 magnis
1108 678 1254 716 tamen
1276 667 1442 717 excidit
1461 670 1594 719 ausis.
1619 692 1645 714 ³»

327 734 440 783 Nam
462 749 587 803 pater
610 740 832 791 obductos
855 743 978 792 luctu
999 744 1261 794 miserabilis
1284 765 1400 810 aegro

327 812 596 864 Condiderat
618 817 787 876 vultus;
813 831 877 879 et,
901 821 939 869 si
960 822 1095 870 modo
1114 823 1331 872 credimus
1345 861 1356 882 ‚
1378 843 1519 873 unum

325 941 567 977 auctoritatem
580 945 703 990 reliqui
715 946 877 994 deinceps
888 948 1002 985 Graeci

323 998 358 1025 et
368 992 887 1040 Romanisequutisunt.Vid.et
895 1001 1002 1035 Mun-

323 1042 396 1077 ker.
410 1044 453 1078 ad
464 1046 594 1093 Hygin.
608 1048 699 1083 dicto
719 1049 804 1084 loco.
820 1052 950 1097 Usurp.
967 1053 1000 1087 h.

323 1094 344 1129 l.
355 1102 524 1133 maximus
532 1126 541 1139 ‚
560 1106 599 1134 ut
610 1113 629 1134 a
641 1101 738 1147 Virg.
753 1105 1000 1148 rcxfluus'orum.

367 1148 442 1192 324.
469 1152 618 1195 Excgau.
648 1153 767 1199 Longe
800 1155 927 1201 quippe
958 1156 1000 1190 ab

322 1199 502 1246 AEtbiopia
512 1201 614 1238 distat
628 1204 801 1241 Eridanus
817 1219 824 1241 ε
840 1214 920 1242 Ευθα
937 1207 1002 1243 ποτ’

323 1257 492 1302 οςῖὔαλέευτι
508 1263 608 1296 τυπεὶς
630 1262 699 1301 πρός
721 1262 826 1309 στέρνα
841 1268 970 1310 κεραυνῷ
989 1287 999 1304 ,

321 1311 463 1350 Πμιὸοιὴς
486 1311 602 1345 Φαέθων
619 1314 705 1346 πέσεν
723 1314 854 1362 ἅρματος
872 1306 1000 1350 ἀελίοιο.

321 1359 485 1404 Apollon.
496 1362 562 1405 IV,
576 1363 660 1409 Arg.
670 1366 736 1399 Ed.
745 1383 788 1391 —
799 1367 868 1400 Ora
876 1369 994 1406 abluit,

320 1418 359 1445 ut
379 1413 470 1457 apud
490 1413 744 1460 Claudianum,
763 1429 896 1462 xxvnl,
913 1418 998 1460 1663

319 1463 379 1498 ubi
390 1465 564 1502 Eridanus
571 1468 659 1513 palla
668 1470 810 1509 velatus,
821 1471 877 1505 cui
890 1470 999 1505 Phae-

318 1516 404 1551 thon
419 1518 571 1554 intextus
583 1546 592 1563 ‚
612 1524 751 1556 vulnera
771 1525 857 1558 lavit
873 1525 998 1557 anheli.

318 1570 391 1604 Pro
411 1571 590 1615 fumantia
621 1575 787 1610 Heinsius
816 1589 856 1610 ex
881 1577 997 1621 primo

318 1622 483 1659 {Mediceo
505 1651 514 1669 ‚
545 1631 737 1670 spumantia
754 1655 763 1669 ‚
800 1629 881 1674 quia
911 1629 996 1663 illud

318 1676 467 1711 verbum
487 1679 645 1723 proximo
662 1681 822 1716 occurrit.
841 1681 889 1716 At
902 1681 996 1716 unde

316 1739 435 1771 spuma
453 1729 489 1763 in
506 1743 651 1776 corpore
673 1732 820 1768 fulmine
843 1734 996 1769 necato?

320 1781 493 1816 Revocavi
509 1783 615 1828 igitur
620 1784 808 1828 fumantia.

363 1834 531 1870 325-366.
559 1837 690 1871 Naides
709 1839 879 1882 Hesperie
892 1864 901 1876 ‚
932 1845 997 1872 etc.

320 1885 476 1922 Ultimus
490 1894 603 1932 actus,
619 1889 679 1933 qui
694 1891 996 1936 metamorphosin

319 1940 478 1975 continet
491 1967 500 1984 ,
524 1950 668 1988 propter
693 1957 799 1989 quam
819 1944 934 1979 omnis
952 1944 995 1979 de

320 1990 541 2027 Phaethonte
560 1994 626 2027 sab.
643 1998 794 2029 narrata.
808 2014 853 2021 -—
868 1997 998 2031 Naides

317 2044 487 2086 Hesperie
498 2071 507 2085 ‚
543 2046 709 2093 nymphae
735 2047 861 2082 Italicae
887 2061 895 2082 ε
916 2047 996 2082 vide

318 2094 361 2128 ad
377 2107 465 2130 vers.
477 2098 552 2131 258.
562 2116 607 2125 -—·
623 2100 905 2145 Trfidaflamma.
919 2100 997 2135 Ful-

317 2147 428 2192 mine,
445 2148 540 2193 quod
551 2149 597 2183 ita
608 2150 825 2197 pingebatur.
839 2153 890 2187 Ut
900 2153 997 2187 enim

317 2199 451 2235 tridens
466 2201 634 2247 Neptuno
645 2229 655 2246 ,
672 2203 720 2238 sic
740 2205 900 2239 trifidum
920 2205 996 2240 sul-

317 2252 619 2288 men-attribuitur
632 2255 723 2289 Jovi.
741 2256 771 2290 A
784 2257 908 2302 triplici
924 2270 995 2303 po-

318 2303 440 2339 testate
451 2305 498 2340 sic
507 2305 640 2340 dIctum
648 2307 785 2342 volunt:
795 2309 875 2342 serit
884 2310 993 2354 enim,

316 2363 492 2402 penetrat,
506 2365 540 2392 et
550 2357 674 2393 adurit.
686 2362 751 2395 Ed.
760 2378 804 2386 —-·
822 2362 993 2403 Tumulus,

316 2416 414 2455 ,χῶμα
425 2435 434 2453 ,
452 2417 546 2445 terra
557 2418 727 2446 exstructa
740 2437 750 2455 ,
769 2412 823 2446 cui
835 2426 974 2457 corpora
984 2440 994 2454 ‚

317 2474 411 2501 ossa,
448 2463 572 2497 dantur
604 2470 665 2497 aut
696 2463 920 2499 mandantur.
951 2483 997 2490 ·-—

317 2514 442 2548 Saxum
453 2540 463 2556 ‚
479 2519 557 2554 mog
567 2540 577 2558 ,
589 2519 670 2558 ς-ἡλη
683 2542 692 2559 ,
707 2515 871 2549 columna
878 2515 995 2560 sepul-

316 2565 415 2599 cralis
425 2592 434 2609 ‚
447 2565 576 2611 cippuS.
590 2585 635 2592 —-
646 2569 815 2608 Carmine,
833 2570 993 2617 ῐπιγραᾳῐ,

316 2614 440 2657 titulo;
465 2629 550 2651 nam
580 2630 712 2652 carmen
729 2645 738 2662 ‚
766 2631 993 2664 quaecumque

314 2667 466 2703 formula
479 2670 679 2704 verborum.
696 2687 741 2696 -
757 2672 918 2715 Signant,
937 2672 996 2706 in·-

315 2718 497 2763 sculpunt,
515 2721 663 2755 verbum
679 2722 860 2767 proprium
876 2723 913 2756 in
932 2722 995 2757 hac

317 2782 355 2804 re
381 2782 389 2804 :
415 2770 492 2805 vide
521 2772 719 2807 Heinsium.
751 2774 853 2808 Tales
877 2781 994 2809 autem

1680 841 1747 876 330

1064 953 1307 1000 inscriptiones
1326 955 1435 1000 prisca
1461 955 1518 990 illa
1540 962 1621 991 oetas
1636 956 1745 1004 igno-

1065 1007 1163 1041 ravit.
1191 1007 1337 1042 Initium
1361 1008 1517 1042 solemne
1542 1007 1747 1053 hujusmodi

1065 1058 1248 1092 titulorum
1261 1085 1270 1102 ‚
1298 1061 1368 1093 Hic
1392 1062 1479 1094 situs
1501 1064 1555 1094 est
1565 1087 1574 1100 ‚
1604 1067 1664 1095 aut
1690 1063 1747 1096 hic

1058 1109 1165 1151 jacet.
1177 1109 1345 1143 Silienim
1353 1105 1505 1156 proprie,
1516 1110 1658 1146 conditi.
1670 1111 1745 1146 Cic.

1066 1159 1170 1205 Legg.
1186 1160 1241 1203 11,
1261 1175 1313 1195 22.
1331 1162 1477 1196 Nomini
1493 1162 1530 1196 in
1543 1162 1651 1198 titulis
1662 1163 1746 1198 bre-

1065 1211 1155 1245 viter
1171 1211 1457 1247 adscribebantur
1477 1225 1532 1247 res
1558 1220 1673 1258 gestae.
1700 1230 1746 1240 --

1072 1263 1210 1303 Tenuit,
1230 1263 1397 1304 obtinuit,
1417 1264 1527 1308 tueri,
1544 1277 1665 1310 regere
1680 1276 1745 1311 po—

1065 1313 1132 1347 tuit
1142 1327 1150 1354 ;
1169 1326 1295 1359 magna
1306 1322 1426 1349 tamen
1435 1321 1538 1350 erant
1547 1325 1627 1350 ausa
1637 1342 1646 1357 ,
1665 1315 1746 1361 qui-

1065 1363 1129 1398 bus
1145 1365 1279 1401 excidit.
1299 1366 1386 1401 Haec
1398 1367 1471 1413 ipsa
1484 1367 1590 1402 verba
1605 1379 1743 1412 quemm.

1064 1419 1161 1450 aus115
1172 1417 1214 1451 ad
1230 1418 1367 1453 virtutis
1381 1417 1577 1454 studiosum
1592 1425 1744 1454 transtu-

1064 1466 1104 1501 lit
1119 1468 1265 1512 Seneca,
1280 1469 1323 1504 de
1340 1470 1419 1505 Vita
1431 1471 1540 1506 Beata
1552 1483 1584 1506 c.
1598 1480 1673 1505 xxx.
1686 1469 1743 1505 Cs.

1064 1520 1170 1554 etiam
1185 1521 1227 1556 de
1244 1522 1347 1555 Prov.
1357 1523 1377 1555 5
1395 1529 1479 1557 extr.
1494 1522 1609 1557 Aliter
1624 1529 1743 1556 autem

1063 1571 1228 1616 judicavit
1251 1573 1376 1608 Horat.
1394 1573 1447 1608 IV
1462 1599 1472 1616 ,
1498 1573 1570 1609 Od.
1587 1581 1648 1618 xl,
1680 1575 1742 1608 25:

1068 1625 1182 1657 Terret
1209 1627 1382 1659 ambustus
1414 1627 1590 1659 Phaethon
1621 1637 1744 1660 avaras

1062 1689 1148 1720 spes.
1566 1689 1568 1691 ·

1106 1730 1182 1777 329.
1197 1731 1286 1764 Nam
1292 1735 1402 1775 pater.
1414 1729 1538 1764 Codex
1553 1730 1686 1776 Regius
1698 1730 1742 1766 A.

1062 1783 1351 1827 Alpater5Codex
1362 1783 1492 1828 Regius
1499 1783 1743 1826 B.Jampaler‚·

1063 1835 1157 1880 quod
1175 1836 1390 1881 prae'tulerim
1408 1835 1472 1869 etsi
1495 1835 1595 1869 aliter
1620 1836 1746 1880 Gr'err'g.

1061 1888 1204 1932 placeat.
1233 1888 1325 1922 Nam
1341 1887 1430 1922 ratio
1452 1886 1619 1934 ellypseos
1636 1899 1743 1932 quam

1063 1940 1153 1974 insra
1167 1940 1282 1974 attulit
1295 1938 1387 1983 (vide
1400 1946 1523 1987 notam
1534 1939 1742 1984 subjectam)

1063 1993 1149 2027 mihi
1166 1999 1327 2027 contorta
1342 1992 1413 2028 visa
1429 2000 1489 2028 est.
1505 1994 1572 2028 Ed.
1584 2010 1630 2019 --
1643 1995 1741 2027 Nam.

1064 2045 1211 2080 Librarii
1224 2071 1233 2089 ,
1253 2046 1312 2090 qui
1323 2047 1411 2080 Nam
1425 2045 1461 2079 in
1473 2046 1526 2079 At
1535 2051 1719 2079 mutarunt
1730 2071 1740 2089 ‚

1061 2095 1288 2141 ignorabant,
1306 2109 1384 2130 uam
1395 2096 1442 2130 sic
1454 2095 1556 2141 poni,
1570 2102 1610 2130 ut
1620 2095 1742 2130 subin-

1063 2148 1293 2194 telligendum
1309 2148 1353 2182 sit
1369 2147 1498 2192 aliquid
1514 2173 1524 2192 ,
1541 2147 1648 2182 veluti
1666 2147 1700 2181 h.
1718 2147 1741 2182 Ι.

1062 2205 1160 2244 pater
1185 2199 1329 2244 quidem
1352 2199 1492 2242 aberat,
1514 2211 1599 2233 nam
1621 2199 1648 2233 is
1675 2204 1739 2232 etc.

1062 2251 1120 2286 Sic
1132 2259 1167 2286 et
1182 2252 1232 2286 Vl
1242 2278 1252 2295 ,
1267 2266 1305 2296 27
1313 2266 1339 2286 1.
1351 2270 1395 2278 —
1408 2253 1579 2287 obducere
1588 2251 1738 2295 vultum,

1063 2303 1106 2338 ad
1123 2316 1312 2338 moerorem
1327 2316 1540 2349 componere
1561 2302 1740 2338 :‘Casaub.

1061 2355 1105 2389 ad
1116 2356 1261 2390 Sueton.
1272 2355 1350 2389 Tib.
1360 2355 1569 2398 68.—-·AEger‚
1586 2355 1646 2399 qui
1657 2366 1740 2388 eum

1060 2408 1229 2443 reddebat
1237 2419 1369 2453 aegrum
1379 2433 1389 2450 ‚
1402 2414 1442 2442 ut
1449 2420 1636 2452 aegeramor
1642 2407 1741 2454 Virg.

1062 2461 1189 2506 Georg.
1199 2461 1264 2505 IV,
1277 2460 1483 2503 464.—·Isse‚
1495 2459 1648 2504 fluxisse,
1657 2472 1741 2506 prae-

1060 2514 1249 2558 terlapsum
1278 2526 1361 2548 esse.
1388 2531 1432 2539 —-
1449 2514 1651 2558 Aliquis-que
1674 2521 1740 2549 etc.

1062 2565 1299 2610 Ineptissimus
1328 2566 1435 2611 jocus.
1475 2566 1607 2600 Parum
1645 2577 1738 2600 sanae

1060 2618 1188 2653 mentis
1199 2626 1250 2653 est
1265 2618 1300 2652 in
1314 2618 1440 2652 mundi
1456 2618 1600 2653 interitu
1613 2618 1737 2662 jocari:

1059 2682 1140 2703 usus
1155 2673 1190 2703 in
1203 2672 1262 2703 illo
1272 2697 1281 2711 ‚
1305 2676 1345 2704 ut
1359 2670 1448 2704 XIV
1459 2695 1469 2713 ,
1490 2669 1554 2704 268
1566 2696 1575 2711 ,
1601 2682 1681 2704 usus
1702 2673 1738 2703 in

1051 2722 1143 2767 solio
1157 2734 1168 2765 ;
1193 2724 1227 2757 Χ
1239 2750 1248 2766 ,
1268 2724 1331 2757 213
1346 2750 1355 2767 ‚
1373 2725 1465 2758 color
1477 2726 1512 2757 ia
1525 2725 1604 2756 illis.

1107 2776 1182 2810 330.
1198 2777 1403 2810 Condiderat
1408 2778 1529 2810 vultus.
1540 2774 1644 2809 Unus
1657 2775 1738 2809 Me-
