1832 3100
346 214 430 256 238

713 217 765 259 P.
806 218 1040 263 OVIDII
1069 219 1366 266 NASONIS

341 307 461 355 Fons
484 320 612 356 sonat
633 327 657 356 a
680 307 852 369 dextra,
879 312 1001 360 tenui
1023 312 1276 379 perlucidus
1300 315 1442 374 unda,

343 383 544 447 Margine
567 385 786 448 gramineo
808 387 983 453 patulos
1005 388 1223 438 incinctus
1244 391 1403 440 hiatus.

342 461 426 508 Hic
450 462 543 510 Dea
565 462 767 512 silvarum
790 477 949 513 venatu
969 465 1104 523 fessa,
1130 465 1300 516 solebat

338 538 571 601 Virgineus
594 551 713 588 artus
736 539 907 607 liquido
931 542 1191 608 perfundere
1215 563 1328 592 rore.

338 617 442 681 Quo
463 629 699 685 postquam
721 619 886 676 subiit,
912 619 1215 686 Nympharum
1237 620 1416 668 tradidit
1437 621 1516 669 uni

1682 638 1743 673 165

339 694 576 757 Armigerae
594 694 808 760 jaculum,
834 694 1196 763 pharetramque,
1222 715 1434 764 arcusque
1456 709 1664 748 retentos.

334 769 488 818 Altera
510 770 720 837 depositae
744 771 931 836 subjecit
953 773 1132 822 brachia
1154 773 1292 839 pallae.

333 918 400 950 que
424 911 523 939 antra
550 912 745 939 constructa
774 905 1007 952 fingebantur.

333 957 446 1001 VIII,
462 957 522 999 563
538 957 591 1000 X,
603 957 677 1004 692.
696 957 733 992 ΙΙ
742 957 907 994 Fast.315
919 959 1008 994 :An-

332 1014 384 1042 tra
408 1011 501 1043 subit
514 1010 626 1053 tophis
647 1011 866 1055 laqueataque
875 1015 1008 1054 pumice

330 1063 414 1094 vivo.
434 1060 525 1095 Plin.
544 1071 656 1094 xxxw
669 1087 678 1104 ,
702 1073 741 1095 21
761 1073 770 1095 ε
787 1063 863 1096 Non
876 1068 1008 1106 preter-

329 1114 491 1146 mittenda
501 1117 554 1146 est
560 1117 595 1146 et
596 1115 766 1157 pumicum
777 1107 906 1148 natura.
923 1114 1006 1158 Ap—

323 1166 496 1207 pellantur
517 1166 647 1209 quidem
674 1167 724 1198 ita
749 1169 784 1198 et
797 1177 894 1198 erosa
918 1178 1006 1199 saxa

327 1221 363 1251 in
378 1219 547 1263 oedificus,
572 1231 641 1263 quae
651 1231 765 1252 musea
778 1223 919 1259 vocant,
938 1221 1005 1253 de·-

322 1272 504 1312 pendentia
514 1296 523 1311 ,
547 1271 598 1304 ad
609 1273 785 1314 imaginem
802 1282 920 1315 specus
934 1275 1007 1304 arte

327 1323 538 1356 reddendam.
566 1340 608 1347 —
631 1323 788 1356 Naaman
801 1350 809 1362 ‚
840 1335 858 1356 a
880 1329 1005 1356 natura

326 1373 467 1407 sactum.
489 1391 534 1399 —-
550 1375 639 1407 Fons
655 1373 721 1407 suit
735 1373 771 1407 in
792 1373 866 1418 ipso
882 1380 1003 1417 antro,

327 1438 413 1459 vers.
442 1439 512 1472 ¹77-
542 1426 675 1473 Hygin.
705 1426 771 1460 sab.
804 1426 860 1461 181
879 1453 888 1470 ,
921 1439 1004 1461 eum

326 1483 425 1511 vocat
441 1478 667 1512 Parthenium.
680 1478 828 1512 Pausan.
843 1477 879 1511 in
892 1478 1004 1512 Boeot.

328 1542 403 1575 pag.
423 1532 504 1574 714,
524 1536 666 1573 narrat,
691 1529 844 1575 lVIegaris
860 1530 1003 1565 Plataeas

326 1581 623 1627 proficiscentibus
661 1582 703 1616 ad
739 1582 895 1617 dextram
930 1596 1002 1617 esse

325 1635 465 1682 fontem
486 1642 521 1669 et
544 1647 685 1679 saxum,
716 1634 810 1679 quod
829 1634 1002 1668 Actaeonis

323 1698 442 1719 saxum
464 1685 622 1730 dicatur,
655 1686 691 1719 in
717 1698 787 1731 quo
811 1685 955 1720 Actaeon
980 1698 999 1719 e

325 1744 454 1771 venatu
471 1738 578 1772 sessus
594 1738 719 1772 cubare
736 1737 855 1778 solitus
871 1737 975 1772 suerit
989 1763 998 1781 ,

324 1795 359 1822 et
395 1788 491 1824 unde
526 1789 740 1835 prospexerit
771 1789 922 1823 Dianam
962 1788 999 1822 in

325 1841 484 1885 proximo
499 1842 595 1876 fonte
612 1841 798 1876 lavantem.
812 1858 856 1867 ·--
873 1842 908 1875 A
923 1842 1000 1874 dex-

322 1897 383 1926 tra.
400 1891 522 1927 Codex
533 1893 661 1928 Noster
672 1892 802 1938 Regius
812 1892 856 1936 B,
867 1894 918 1926 ad
921 1894 999 1926 dex·-

324 1949 420 1978 tram.
433 1944 498 1978 Ed.
509 1962 554 1970 —
569 1944 691 1979 Tenuis
702 1972 710 1985 ‚
723 1957 797 1979 non
807 1943 980 1989 profunda
989 1970 999 1987 ,

321 2004 360 2031 ut
382 1997 457 2031 Liv.
472 1998 489 2032 Ι
501 2024 511 2042 ,
531 1999 562 2042 4.
578 2015 623 2024 —-
637 1998 782 2038 IIiatus,
802 1998 875 2033 sine
893 1997 999 2031 dubio

318 2049 410 2083 lacus
431 2062 557 2095 aquam
573 2049 746 2095 colligens.
767 2047 858 2084 Plin.
879 2049 972 2084 VIII
986 2076 995 2090 ‚

321 2099 386 2144 Ep.
401 2110 493 2143 V111,
513 2115 551 2143 2,
570 2099 613 2134 de
634 2099 839 2144 Clitumno,
862 2101 998 2135 elucta-

319 2156 373 2185 tus
386 2151 484 2196 facit
503 2156 663 2195 gurgitem
676 2179 683 2193 ‚
708 2155 769 2196 qui
787 2155 858 2186 luto
874 2155 998 2196 gremio

310 2207 460 2247 patescit
468 2217 574 2248 purus
590 2208 624 2238 et
641 2208 775 2239 vitreus.
794 2224 839 2230 —
856 2206 998 2239 patulos

317 2259 440 2291 hiatus.
463 2257 629 2291 Patentes
650 2257 763 2302 ripas;
787 2257 883 2291 hiare
899 2257 996 2292 enim

317 2308 482 2344 videntur
497 2309 579 2355 ripae
596 2315 636 2343 ut
658 2308 755 2342 fluvii
777 2309 914 2343 alveum
935 2310 995 2344 sa-

316 2361 418 2395 ciant.
435 2362 502 2394 Ed.
518 2379 562 2388 —
577 2362 694 2401 Bon-,v
706 2373 794 2406 aqua
806 2386 815 2403 ,
835 2374 902 2405 qua
919 2362 995 2406 quis

320 2411 554 2456 perfunditur.
581 2412 616 2456 I,
638 2413 698 2458 371
714 2438 723 2455 ,
740 2414 864 2456 liquido
876 2439 884 2452 ,
910 2412 993 2446 lim-

317 2463 408 2508 pido.
420 2463 686 2507 -Persundere‚
700 2477 827 2509 nempe
840 2476 881 2497 ex
889 2476 991 2507 urna,

317 2529 403 2551 vers.
425 2529 495 2561 ¹7²·
513 2517 595 2551 Non
613 2516 843 2561 immergebat
858 2528 992 2560 corpus.

363 2567 434 2600 165,
470 2568 588 2601 Subiit.
616 2568 729 2601 Subire
758 2574 793 2602 et
820 2569 992 2602 succedere

314 2619 384 2652 vim
409 2619 711 2666 appropmquandi
738 2620 877 2655 habent.
909 2622 991 2663 Quo.

315 2670 410 2705 Num
433 2674 549 2715 quod?
572 2671 628 2706 De
654 2671 817 2719 nymphis
838 2671 990 2706 Dianam

314 2724 557 2760 comitantibus
568 2750 577 2768 ,
595 2725 801 2770 variumque
816 2725 848 2759 ei
864 2724 987 2759 minis-

1072 907 1201 943 terium
1211 908 1471 953 praestantibus,
1489 907 1567 944 vide
1585 908 1747 946 Callima-

1070 959 1308 1007 chihymnum
1319 961 1360 995 ad
1374 960 1572 997 Dian.vers.
1593 962 1651 1005 13,
1667 974 1741 1007 sqq.

1069 1011 1147 1042 —V
1150 1011 1537 1056 ossianus,quem.Codd.
1547 1011 1661 1058 Regii,
1670 1026 1744 1057 quo.

1117 1061 1187 1107 167.
1210 1063 1359 1107 Subjecit
1370 1065 1517 1098 brachia.
1535 1063 1744 1108 Exquisitius

1071 1125 1175 1157 quam
1193 1139 1203 1156 ‚
1233 1115 1380 1160 suscepit
1409 1115 1532 1160 pallam
1554 1129 1562 1156 ς
1595 1115 1743 1160 modum

1069 1167 1164 1200 enim
1171 1167 1220 1202 rei
1230 1167 1394 1203 faciendae
1400 1168 1616 1214 exprimit.-·
1623 1169 1744 1204 Vincla

1062 1222 1184 1263 pedum
1202 1247 1210 1261 ‚
1239 1233 1466 1267 quaecumque
1500 1221 1742 1257 calceamenta.

1070 1272 1191 1318 Virgil.
1219 1272 1359 1321 AEneid.
1382 1273 1454 1318 IV,
1478 1284 1520 1316 v,
1548 1275 1568 1309 8
1586 1300 1596 1316 ,
1632 1274 1742 1308 Unum

1067 1327 1288 1368 exutapcdem
1302 1327 1441 1367 vt'nclis3
1453 1325 1558 1369 VIII,
1568 1325 1644 1370 418,
1659 1326 1744 1372 Tyr-

1067 1377 1170 1410 thena
1176 1378 1297 1421 pedum
1307 1380 1431 1411 vincla.
1444 1378 1522 1411 Ven
1528 1377 1662 1412 nntium
1671 1376 1722 1411 cal
1728 1396 1742 1402 -

1068 1441 1147 1462 ceus
1160 1435 1234 1462 erat
1245 1430 1439 1470 cotlturnus,
1458 1428 1549 1474 quali
1563 1428 1668 1463 etiam
1681 1427 1743 1462 ho-

1068 1479 1123 1514 die
1145 1487 1328 1515 venatores
1353 1479 1462 1515 Italici
1485 1486 1648 1520 utuntur,
1671 1478 1740 1513 ad·-

1067 1531 1236 1567 scendens
1256 1531 1298 1565 ad
1321 1531 1474 1567 mediam
1491 1532 1621 1566 tibiam.
1637 1530 1741 1566 Pellis

1065 1583 1164 1617 scissa
1175 1590 1249 1617 erat
1266 1583 1384 1618 multis
1400 1584 1481 1618 locis
1495 1610 1504 1627 ,
1524 1583 1739 1629 habebatque

1064 1635 1236 1669 foramina
1243 1648 1305 1680 per
1312 1647 1389 1680 quae
1399 1635 1472 1669 lora
1479 1635 1738 1680 trajicerentur:

1065 1684 1142 1718 vide
1157 1684 1287 1730 Spanh.
1304 1684 1345 1718 ad
1358 1683 1495 1719 Gallim.
1507 1683 1527 1718 d
1551 1684 1572 1718 l.
1582 1697 1669 1719 vers.
1682 1684 1738 1727 16,

1065 1736 1123 1770 ubi
1143 1736 1257 1770 Diana
1273 1736 1400 1781 expetit
1414 1736 1476 1771 sibi
1493 1736 1615 1782 viginti
1633 1748 1740 1783 nym-

1065 1786 1149 1832 phas
1167 1786 1353 1835 Cretenses
1367 1813 1376 1830 ‚
1402 1787 1526 1832 quibus
1543 1787 1737 1822 calceorum

1066 1851 1187 1873 curam
1202 1839 1398 1873 committat
1412 1852 1420 1880 ;
1437 1851 1520 1873 nam
1540 1839 1635 1874 inter
1649 1838 1742 1874 Cre-

1064 1897 1179 1924 tenses
1193 1897 1228 1925 et
1249 1890 1382 1924 inventi
1399 1897 1434 1924 et
1449 1890 1597 1924 maxime
1619 1890 1656 1924 in
1673 1903 1739 1925 usu

1066 1948 1167 1976 erant
1188 1941 1380 1976 istiusmodi
1397 1941 1521 1985 calcei,
1545 1941 1674 1977 Graeris
1693 1944 1740 1977 ἕν-

1069 1995 1207 2043 δρὸμιδες
1218 1993 1310 2028 dieti.
1328 1994 1385 2029 Sic
1398 1993 1524 2029 muniti
1536 1994 1640 2040 pedes
1652 1994 1738 2028 Dia-

1063 2060 1119 2083 nae
1141 2048 1177 2082 in
1202 2047 1358 2093 Lipperti
1383 2047 1519 2094 Dactyl.
1541 2048 1559 2083 I
1576 2074 1586 2091 ‚
1614 2058 1646 2091 1,
1670 2047 1736 2090 68,

1055 2099 1333 2145 conspiciuntur.
1343 2101 1534 2134 -Demere
1548 2106 1582 2134 et
1596 2101 1741 2134 adimere

1064 2154 1169 2189 verba
1179 2154 1215 2188 in
1228 2153 1292 2188 hac
1301 2167 1339 2188 re
1350 2153 1499 2199 propria.
1516 2153 1619 2198 Apud
1633 2152 1738 2187 Plau—

1062 2212 1139 2240 tum
1162 2206 1312 2241 occurrit
1328 2217 1445 2239 soccos
1464 2204 1550 2238 item
1567 2204 1738 2248 compedes

1060 2261 1214 2294 adimere.
1237 2278 1282 2286 —
1302 2260 1462 2300 Crocale,
1489 2258 1546 2291 ἀπὸ
1567 2263 1620 2292 τοῦ
1634 2272 1737 2305 κεκρυ-

1062 2312 1154 2358 φάλου
1168 2338 1177 2355 ,
1206 2311 1299 2357 quod
1323 2310 1440 2356 capitis
1460 2313 1708 2348 ornamentum
1724 2332 1735 2349 ‚

1059 2365 1164 2400 latine
1185 2367 1356 2399 rett'culum
1369 2391 1377 2404 ‚
1405 2376 1474 2409 quo
1490 2363 1604 2399 crines
1630 2359 1735 2395 cohi-

1059 2417 1241 2451 bebantur.
1262 2415 1302 2450 Id
1326 2416 1361 2450 h.
1384 2416 1405 2450 1.
1431 2422 1466 2451 et
1490 2416 1612 2461 passim
1641 2409 1739 2461 apud

1059 2467 1180 2512 Virgil.
1198 2469 1304 2501 nodus
1326 2474 1485 2509 vocatur;
1503 2467 1730 2512 sormulaeque

1056 2519 1228 2553 solemnes
1252 2525 1354 2562 sunt,
1387 2519 1499 2554 crines
1522 2522 1609 2553 nodo
1633 2524 1668 2553 et
1693 2521 1729 2551 in

1055 2572 1176 2604 nodum
1185 2573 1348 2614 colligere.
1362 2589 1405 2596 ·—·
1413 2573 1553 2605 Ismenis
1563 2598 1570 2609 ‚
1595 2569 1728 2604 Theba-

1055 2635 1121 2665 na,
1145 2622 1187 2656 ab
1212 2622 1353 2656 Ismeno
1377 2621 1504 2666 fluvio,
1531 2622 1588 2667 qui
1608 2627 1727 2655 tamen

1054 2672 1121 2708 hoc
1138 2686 1271 2708 nomen
1298 2674 1442 2708 demum
1464 2673 1591 2717 accepit
1608 2673 1648 2706 ab
1667 2673 1727 2706 Is·-

1054 2737 1161 2760 meno
1185 2725 1393 2771 Amphionis
1417 2732 1451 2760 et
1478 2724 1606 2759 Niobes
1627 2723 1698 2758 filio
1714 2749 1725 2767 ,
