1832 3100
386 220 1096 288 METAMORPHosssoN
1134 241 1269 285 LIB.
1313 243 1352 284 1.

1505 240 1584 283 103

152 337 547 406 Equesagittifera
572 335 763 404 promsit
787 335 877 384 duo
903 334 990 384 tela
1012 334 1222 401 pharetra

153 417 444 467 Diversorum
467 434 680 483 operum3
706 414 832 478 fugat
853 413 964 470 hoc,
990 412 1095 461 facit
1117 410 1231 459 illud
1256 431 1447 459 amorem
1468 430 1479 459 z

158 495 298 561 Quod
318 495 448 553 facit,
473 506 676 544 auratum
700 505 789 551 est,
817 504 861 541 et
885 490 1069 558 cuspide
1092 489 1235 553 fulget
1258 501 1385 538 acuta
1405 509 1415 546 3

1528 503 1595 551 47⁰

162 573 302 638 Quod
316 572 454 636 fugat,
473 572 689 621 obtusum
705 583 785 629 est,
803 582 847 619 et
860 569 996 618 habet
1009 569 1094 618 sub
1110 568 1326 618 arundine
1344 567 1595 635 plumbum.

162 652 265 700 Hoc
287 651 411 699 Deus
435 649 483 697 in
508 648 715 716 Nympha
739 647 930 697 Peneide
953 647 1072 706 fixit;
1099 659 1144 696 at
1167 645 1246 695 illo

161 729 297 779 Laesit
318 726 579 797 Apollineas
602 726 781 792 trajecta
804 746 886 794 per
905 745 1006 775 ossa
1029 725 1259 775 medullas,

161 812 377 860 Protinus
400 809 511 860 alter
531 821 674 867 amat3
698 809 817 873 fugit
837 809 974 858 altera
996 827 1163 857 nomen
1184 806 1399 866 amantis,

161 893 380 944 Silvarum
402 892 588 955 latebris
601 930 612 951 ‚
639 893 1000 960 captivarumque
1022 891 1215 941 serarum

1532 902 1600 950 475

158 976 344 1026 Exuviis
368 975 592 1039 gaudens,
619 975 908 1042 innuptaeque
934 973 1091 1024 aemula
1114 973 1337 1032 Phoebes3

161 1060 288 1108 Vitta
306 1059 542 1108 coercebat
563 1059 741 1126 positos
766 1058 860 1107 sine
883 1057 980 1121 lege
1004 1056 1204 1124 capillos.

163 1142 303 1192 Multi
328 1142 449 1193 illam
470 1142 639 1210 petiere
661 1163 670 1191 ε
694 1141 769 1191 illa
792 1153 987 1191 aversata
1010 1152 1213 1208 petentes
1227 1178 1239 1199 ‚

166 1226 412 1293 Impatiens
432 1244 676 1293 expersque
699 1225 804 1285 viri,
829 1244 1062 1274 nemorum
1079 1224 1173 1272 avia
1193 1222 1374 1280 lustrat3

215 1363 290 1407 468.
300 1363 405 1408 Eque.
414 1362 535 1399 Nostri
542 1361 615 1397 duo
624 1361 738 1397 Codd.
747 1367 856 1408 alque.

173 1414 380 1460 Elegantior
394 1410 516 1450 nostro
535 1414 667 1460 judicio
682 1414 857 1461 praeposi-

171 1467 279 1502 tionis
294 1467 446 1502 omissio.

215 1519 291 1568 469.
307 1520 523 1556 Dtversomm
531 1533 665 1566 operum
676 1547 684 1562 ,
703 1532 857 1566 quorum

170 1571 222 1608 vis
239 1571 386 1608 diversa.

214 1625 290 1671 473.
312 1626 420 1660 Lesit
440 1625 652 1670 Apollineas.
679 1625 858 1660 Vulnerat

171 1675 316 1724 Cupido
332 1689 405 1712 non
423 1676 532 1712 modo
538 1677 659 1723 jecur,
682 1678 776 1724 quod
794 1692 858 1713 se—

169 1729 232 1765 des
259 1730 450 1776 putabatur
476 1743 550 1766 esse
579 1737 616 1765 et
640 1730 859 1765 domicilium

170 1782 300 1818 amoris
311 1808 325 1827 ‚
346 1781 408 1817 sed
432 1783 541 1818 etiam
556 1785 722 1818 medullas
735 1810 743 1823 ‚
777 1784 860 1828 quia

171 1847 273 1870 amor
283 1842 336 1871 est
345 1836 434 1882 ignis
443 1849 508 1883 per
514 1849 590 1872 ossa
599 1851 754 1884 serpens.
764 1837 859 1872 Vide

173 1887 230 1931 II,
245 1888 333 1932 4xo;
353 1888 452 1937 Virg.
468 1888 552 1924 AEn.
563 1888 657 1925 VIII
668 1916 678 1934 ,
691 1890 858 1935 388seq.;

174 1940 301 1976 Senec.
318 1941 428 1988 Hipp.
447 1943 522 1978 281.

219 1996 294 2041 475.
322 1996 496 2043 Syloarum
518 1998 669 2032 latebris.
692 1994 861 2030 Venandi

175 2046 334 2082 studium
358 2047 454 2083 inter
471 2049 600 2083 amoris
621 2047 780 2083 remedia
796 2060 862 2081 re—

178 2098 292 2134 fertur
308 2099 411 2134 Rem.
430 2100 513 2134 Am.
536 2113 608 2148 199.
632 2099 729 2134 Hinc
747 2098 864 2133 Diana

177 2152 338 2195 1'nnupta3
352 2151 435 2186 hinc
444 2151 568 2197 puellae
580 2151 756 2186 connubia
768 2163 868 2186 aver-

178 2210 296 2238 santes
311 2204 452 2238 venatui
469 2216 614 2250 operam
633 2203 782 2247 dabant,
803 2204 839 2239 11
854 2229 864 2248 ‚

178 2256 244 2299 412
262 2268 337 2301 sqq.
360 2255 432 2291 Sed
451 2255 539 2300 hoe,
568 2255 722 2302 Daphne
741 2255 781 2291 fit
796 2269 866 2291 ve-

178 2308 314 2352 natrix,
343 2309 479 2354 poetice
501 2309 658 2344 elocutus
680 2316 754 2353 est,
783 2308 818 2343 h.
835 2321 866 2343 e.

177 2362 284 2408 signis
305 2362 514 2402 venantium
537 2361 867 2396 commemorandis.

179 2416 346 2450 &luorum
365 2417 521 2457 latebre,
550 2414 708 2449 serarum
727 2414 868 2454 latebrae

171 2467 218 2501 in
229 2465 333 2501 silvis.

225 2518 301 2564 476.
319 2519 465 2554 Eaeuot’tlr
480 2519 640 2554 serarum
657 2526 777 2565 tegere
791 2518 868 2554 hu-

171 2583 299 2606 ·meros
314 2570 473 2606 solebant
489 2571 665 2618 Nymphae
677 2597 687 2615 ‚
702 2571 867 2622 ,Dianam

181 2622 402 2658 comitantes.
416 2622 580 2668 Apollon.
596 2623 664 2659 Rh.
678 2622 733 2659 IV
746 2650 755 2667 ,
772 2623 866 2667 ¹348.

183 2695 228 2705 -—
243 2678 405 2712 Gaudens
419 2704 427 2717 ‚
442 2679 603 2727 τερπομένη
617 2704 627 2721 ,
650 2691 789 2722 amans,
810 2673 882 2713 aut'

187 2736 313 2764 ornata
322 2729 463 2764 exuviis.
476 2729 727 2775 Virg.AEneid.
738 2730 768 2774 1,
786 2732 847 2776 275
859 2756 870 2775 ,

189 2783 365 2818 Romulus
376 2786 462 2828 lapae
477 2787 619 2828 tegmem
629 2785 740 2818 laetus.

966 1362 1042 1406 477.
1062 1362 1158 1395 Vitta
1168 1360 1318 1393 coerceri
1326 1357 1361 1391 h.
1375 1370 1406 1392 e.
1418 1356 1613 1403 constringi

922 1412 1082 1448 solebant
1094 1411 1190 1446 cultu
1202 1409 1348 1456 simplici
1360 1408 1538 1455 virginum
1550 1421 1612 1443 co-

922 1477 990 1500 mae
1001 1490 1010 1508 ,
1030 1477 1074 1499 ne
1090 1462 1378 1498 diffunderentur
1394 1475 1402 1496 :
1419 1461 1499 1495 vide
1515 1461 1614 1495 Tur—

922 1518 1014 1554 neb.'
1025 1518 1171 1553 Advers.
1194 1527 1290 1554 xxul
1304 1543 1312 1560 ,
1334 1519 1363 1552 5.
1391 1516 1612 1551 Dicebantur

923 1575 1016 1606 vitta
1027 1564 1184 1616 virginea·
1196 1570 1313 1617 (Virg.
1331 1569 1415 1604 AEn.
1429 1569 1465 1604 II
1478 1596 1487 1613 ,
1510 1569 1587 1612 158)
1602 1594 1612 1612 ,

924 1637 944 1660 a
952 1624 1078 1670 quibus
1090 1623 1235 1658 diversae
1248 1625 1464 1657 matronales.
1481 1640 1525 1649 -—
1536 1623 1613 1656 Po—

923 1681 1009 1712 silos
1024 1680 1098 1711 sine
1111 1679 1183 1721 lege
1195 1704 1204 1717 ,
1234 1675 1486 1721 incompositos
1500 1700 1510 1717 ,
1538 1686 1612 1707 non

924 1730 1142 1765 cincinnatos
1158 1738 1167 1760 :
1184 1732 1260 1763 sine
1274 1731 1363 1774 lege,
1389 1730 1524 1770 ἄτακτα,
1544 1727 1618 1761 ἀκό-

927 1799 1021 1834 σμως.
1035 1778 1164 1827 ᾉηεοτ.
1176 1781 1248 1817 Od.
1260 1792 1348 1816 xxm
1358 1807 1367 1824 ‚
1386 1793 1415 1825 7.
1428 1778 1614 1814 Claudian.

926 1836 968 1870 35
979 1861 988 1879 ,
1011 1836 1073 1883 149
1084 1861 1093 1878 ,
1108 1836 1297 1882 (Ibertatem
1313 1844 1482 1867 comarum
1489 1837 1591 1865 vocat
1606 1857 1615 1874 ,

926 1901 1034 1935 quam
1057 1882 1172 1936 Diana
1196 1887 1326 1931 injecta
1346 1890 1475 1920 tantum
1492 1897 1619 1919 corona

917 1941 1138 1987 frenetEam
1146 1935 1346 1976 libertatern
1354 1939 1502 1975 illustrat
1508 1937 1618 1984 Span-

930 1995 1024 2029 hem.
1036 1994 1079 2029 ad
1094 1993 1182 2030 Call.
1197 2007 1230 2040 p.
1247 1993 1323 2027 660.
1337 1994 1467 2027 Ponere
1482 1998 1518 2026 et
1526 2004 1619 2026 com-

921 2059 1047 2091 ponere
1057 2046 1198 2093 proprie
1207 2045 1251 2080 de
1259 2052 1387 2079 ornatu
1399 2043 1618 2090 capillorum.

973 2100 1047 2146 479.
1064 2099 1250 2144 Impatiens
1265 2100 1339 2132 viri.
1368 2096 1619 2133 Resormidans

931 2150 1227 2186 consuetudinem
1238 2149 1324 2193 viri,
1338 2162 1456 2194 neque
1469 2149 1619 2184 nubens.

932 2203 1024 2240 Fast.
1042 2201 1128 2247 V1‚‘
1144 2204 1227 2246 288,
1250 2215 1360 2248 quum
1378 2201 1456 2236 duae
1474 2201 1621 2247 nupsis-

930 2263 1008 2292 sent
1018 2282 1027 2300 ,
1041 2257 1098 2290 De
1107 2257 1215 2290 tribus
1224 2257 1403 2300 impatiens
1414 2257 1539 2288 restitit
1551 2267 1620 2287 una

932 2312 1006 2344 viri.
1020 2327 1065 2334 —
1075 2309 1240 2353 Expertes
1256 2310 1363 2342 virum
1374 2309 1496 2351 puelle
1514 2306 1622 2341 etiam

933 2362 1024 2409 apud
1045 2362 1170 2397 Horat.
1189 2362 1266 2404 III,
1296 2360 1366 2396 Od.
1386 2371 1450 2394 xxv
1463 2387 1472 2403 ,
1499 2373 1557 2403 10,
1580 2373 1622 2394 ex

934 2414 1110 2450 emendat.
1124 2412 1307 2458 Cuningh.
1320 2412 1409 2447 Inde
1420 2419 1539 2446 autern
1548 2411 1622 2446 lau-

933 2481 994 2503 rus
1018 2480 1158 2513 quoque
1183 2470 1282 2500 casta
1308 2464 1436 2499 dicitur
1460 2477 1479 2499 a
1504 2464 1623 2499 Tibul.

935 2521 1006 2564 III,
1021 2530 1072 2562 lv,
1087 2519 1182 2553 23—
1191 2518 1367 2551 Nemorum
1383 2519 1475 2560 avia,
1486 2529 1551 2562 pro
1562 2530 1623 2551 ne-

935 2585 1029 2608 mora
1044 2574 1124 2605 am'a
1137 2565 1158 2611 ,’
1176 2571 1289 2605 sorma
1305 2569 1473 2615 loquendi
1490 2582 1599 2615 groeca
1612 2595 1623 2612 ,

937 2637 1044 2670 quam
1060 2636 1133 2657 non
1150 2622 1263 2658 solum
1283 2629 1397 2669 poetae
1412 2622 1530 2661 latini,
1560 2621 1623 2656 sed

936 2675 1044 2711 etiam
1054 2674 1199 2721 prosaici
1206 2674 1393 2720 scriptores
1401 2672 1524 2708 imitati
1532 2680 1625 2708 sunt.

937 2729 1068 2764 Justin.
1080 2729 1184 2772 XLI,
1198 2739 1211 2762 1
1223 2755 1232 2773 ,
1250 2742 1263 2764 1
1272 2742 1286 2764 1
1299 2741 1307 2763 :
1324 2729 1373 2762 Ut
1382 2739 1449 2762 non
1463 2731 1627 2762 immensa

939 2786 1072 2820 tantum,
1084 2795 1128 2817 ac
1137 2781 1311 2828 profunda
1325 2794 1517 2826 camporum
1529 2807 1539 2824 ,
1567 2793 1633 2816 vc·-
