1832 3100
302 274 359 323 90
564 269 567 271 ’
679 265 729 308 P.
763 266 999 311 ov1D11
1030 268 1338 315 NASONIS

365 355 583 405 Redditus
607 357 727 405 orbis
749 370 841 407 erat
861 378 870 407 :
893 379 1020 426 quem
1045 373 1283 428 postquam
1307 363 1418 412 vidit
1440 365 1613 416 inanem
1629 404 1641 426 ,
1684 371 1688 377 '
1740 355 1747 366 ¹

300 434 359 484 Et
382 432 597 482 desolatas
620 453 745 497 agere
768 434 854 484 alta
877 436 1050 486 silentia
1075 450 1234 497 terras,

299 509 566 568 Deucalion,
593 510 792 578 lacrymis
816 513 876 562 ita
900 514 1111 580 Pyrrham
1133 517 1307 566 adfatur
1331 518 1502 568 obortis
1525 539 1536 568 :

301 609 323 627 «
352 587 393 634 O
417 606 563 645 soror,
591 608 616 636 o
643 590 825 655 conjux,
850 609 876 639 ο
900 590 1060 640 femina
1085 592 1177 642 sola
1202 607 1425 661 superstes
1441 633 1454 654 ‚

300 684 323 705 »
351 664 496 726 Quam
523 686 753 716 commune
775 668 885 715 mihi
910 688 1071 730 genus,
1099 683 1142 719 et
1164 672 1376 737 patruelis
1401 674 1527 736 origo
1542 711 1556 732 ‚

298 762 321 782 »
350 741 520 789 Deinde
545 754 669 791 torus
688 745 858 808 junxit3
883 764 1001 795 nunc
1024 747 1120 813 ipsa
1139 747 1366 813 pericula
1352 761 1576 814 jungunt:

299 840 322 860 υ
349 819 605 877 Terrarum,
633 841 929 889 quascumque
950 823 1101 871 vident
1122 843 1302 873 occasus
1325 837 1370 874 et
1392 838 1539 885 ortus,

1647 536 1714 571 350

298 917 321 937 >›
348 896 442 944 Nos
468 897 555 945 duo
580 899 711 947 turba
734 919 913 948 sumus:
932 901 1131 967 possedit
1154 914 1294 950 cetera
1317 915 1499 968 pontus.

1586 932 1588 938 ·
1639 917 1713 953 355

295 994 319 1014 »
347 974 474 1021 Nunc
501 995 678 1042 quoque
704 977 846 1026 adhuc
869 979 967 1026 vitae
989 998 1083 1027 non
1107 991 1174 1028 est
1194 979 1352 1028 fiducia
1374 993 1538 1029 nostrae

294 1069 318 1090 >›
346 1050 475 1098 Certa
494 1053 599 1100 satis
620 1073 629 1101 :
653 1065 819 1102 terrent
839 1056 1079 1104 etiamnum
1102 1057 1257 1105 nubila
1282 1069 1486 1106 mentem.

295 1148 318 1168 »
347 1127 470 1190 Quid
495 1129 578 1177 tibi
593 1168 603 1188 ‚
630 1131 668 1178 si
689 1131 783 1180 sine
804 1151 874 1180 me
895 1132 997 1181 fatis
1018 1145 1167 1199 erepta
1188 1133 1346 1182 fuisses
1359 1171 1372 1191 ‚

289 1266 390 1294 erant
415 1260 510 1295 enim
529 1264 657 1297 nudata
679 1264 881 1309 cacumina,
905 1265 965 1299 sed

289 1310 333 1345 de
351 1313 467 1347 ramis.

331 1363 404 1406 348.
429 1366 614 1408 Redditus,
635 1367 813 1402 restitutus
837 1375 911 1403 erat
926 1369 963 1403 in

287 1414 468 1460 pristinam
480 1417 640 1451 sormam.
654 1419 778 1463 Pomp.
790 1419 884 1453 Mela
896 1445 906 1462 ‚
923 1421 939 1455 Ι
953 1446 963 1463 ,

287 1477 347 1509 lx,
366 1467 826 1511 32:M7usse.r1·b1·redd1uit,
845 1483 964 1506 rursus

288 1518 425 1553 alveum
441 1533 545 1554 suum
562 1522 727 1565 sequitur.

330 1570 404 1618 349.
419 1573 469 1606 Et
478 1574 651 1607 desolatas
666 1585 763 1617 agere
777 1576 850 1609 alla
865 1576 963 1609 silca-

284 1624 334 1656 l1‘a
359 1627 473 1657 lert-as.
497 1623 566 1658 Hic
587 1638 704 1660 versus
726 1625 814 1660 mira
832 1633 867 1661 et
883 1639 961 1662 rara

285 1672 375 1717 apud
393 1673 563 1711 Ovidium
581 1675 731 1722 imagine
752 1689 878 1712 vocum
895 1691 961 1712 ex-

283 1725 384 1759 celiit.
394 1742 438 1752 -
447 1728 633 1763 Desolatas
643 1733 755 1762 terras.
769 1729 961 1765 Destitutas

283 1776 484 1813 hominibus
509 1785 561 1813 et
569 1779 813 1817 animantibus.
838 1782 959 1827 Virgil.

283 1829 425 1864 AEneid.
448 1829 505 1865 lib
530 1831 607 1874 XI,
636 1831 726 1875 367:
748 1834 903 1877 Ingentes
927 1838 963 1867 el

281 1883 505 1916 desolavimus
518 1892 627 1926 agros.
654 1883 720 1918 Ed.

327 1933 404 1967 350.
433 1936 593 1974 Obortis,
626 1936 960 1982 prorumpentibus;

282 1986 407 2019 oboriri
413 1986 508 2020 enim
519 1985 698 2045 dicuntur,
710 2000 786 2033 quae
796 2000 959 2033 prorum-

283 2042 392 2080 punt,
410 2038 671 2081 superveniunt.

327 2088 403 2122 351.
424 2090 455 2122 Ο
465 2102 566 2123 soror.
579 2090 744 2125 Adfectus
755 2090 883 2126 horum
896 2091 959 2126 ho-

283 2140 421 2174 minum
446 2151 520 2175 non
540 2148 642 2186 poeta
665 2142 847 2187 describit,
872 2144 955 2188 sed,

283 2191 377 2236 quod
390 2192 513 2228 melius
524 2220 532 2232 ,
550 2193 822 2228 Deucalionem
815 2169 850 2228 ui
862 2196 957 2230 sinus

282 2244 440 2289 conjugis
449 2244 692 2279 effundentem
706 2245 816 2291 fingit.
832 2246 957 2291 Quum

282 2294 368 2328 nihil
383 2295 553 2340 acceptius
567 2295 610 2330 sit
621 2295 754 2330 homini
771 2297 957 2332 hominum

281 2346 442 2380 societate
455 2372 465 2390 ,
494 2347 647 2392 primum
667 2348 798 2391 jactura
814 2348 866 2383 sui
889 2362 956 2394 ge-

282 2398 375 2432 neris
388 2398 585 2443 gravissime
601 2401 675 2443 ejus
691 2399 848 2434 animum
866 2413 958 2435 corn-

283 2461 425 2483 movere
452 2450 609 2484 debebat.
639 2451 734 2485 Tum
750 2478 759 2495 ,
782 2452 809 2486 si
837 2452 892 2486 cui
915 2465 956 2487 ex

282 2503 378 2535 omni
391 2503 550 2537 societate
568 2516 640 2546 non
657 2504 723 2538 nisi
736 2517 826 2539 unus
837 2517 956 2551 super-

281 2551 325 2584 sit
349 2552 480 2595 socius,
503 2553 532 2586 is
549 2554 579 2588 ei
597 2555 692 2599 quasi
709 2554 807 2589 Deus
822 2555 956 2590 videbi-

281 2610 339 2637 tur
358 2628 367 2646 ,
402 2606 594 2647 praesertim
624 2607 652 2640 si
678 2607 872 2641 arctissimis
899 2608 955 2642 ille

281 2655 457 2700 sanguinis
478 2656 509 2690 ei
533 2664 567 2690 et
590 2659 717 2693 amoris
741 2659 884 2694 vinculis
913 2660 956 2694 sit

280 2709 430 2753 junctus.
454 2709 507 2743 Ex
528 2710 578 2744 his
601 2718 634 2745 et
656 2712 727 2746 aliis
749 2712 954 2757 quibusdam

282 2760 471 2805 composita
491 2761 612 2796 oratio.
637 2764 757 2807 Japeti
775 2764 836 2798 filii
857 2765 953 2799 suere

1031 1266 1244 1301 Prometheus
1260 1273 1296 1300 et
1309 1267 1533 1309 Epimetheus.
1558 1265 1707 1300 Prome-

1031 1316 1113 1350 theo
1139 1329 1179 1350 ex
1204 1318 1363 1354 Pandora
1381 1316 1516 1362 (quam
1533 1316 1677 1353 Triclin.
1695 1342 1705 1360 ‚

1031 1366 1074 1400 ad
1101 1366 1244 1401 Pindar.
1263 1367 1406 1414 Olymp.
1424 1367 1476 1402 lx
1488 1393 1498 1410 ‚
1516 1366 1707 1417 sacitEpi-

1029 1417 1161 1452 methei
1174 1418 1379 1464 conjugem)
1393 1426 1494 1454 natus
1508 1425 1560 1455 est
1574 1420 1707 1454 Deuca-
1746 1435 1750 1437 >

1027 1470 1107 1501 lt'ou.
1122 1468 1320 1513 Epimethei
1334 1469 1405 1503 filia
1417 1470 1482 1504 suit
1496 1471 1636 1516 Pyrrha.
1649 1469 1707 1507 Sic

1027 1520 1136 1554 intell.
1151 1533 1221 1565 quo
1235 1533 1338 1555 sensu
1356 1525 1479 1556 somn}
1497 1521 1615 1556 vocab.
1633 1520 1667 1556 h.
1683 1521 1705 1555 l.

1027 1571 1237 1616 capiendum
1257 1572 1311 1607 sit.
1331 1573 1407 1618 Ipse
1426 1584 1506 1607 mox
1521 1585 1706 1608 commen-

1027 1629 1121 1657 tatur
1133 1623 1169 1657 in
1187 1622 1260 1658 haec
1273 1623 1420 1658 nomina
1429 1649 1440 1667 ‚
1453 1622 1547 1668 quod
1562 1630 1683 1668 tamen
1693 1646 1704 1667 ,

1025 1673 1062 1707 in
1079 1680 1177 1708 tanto
1196 1673 1340 1718 quidem
1363 1673 1505 1718 dolore,
1521 1674 1619 1718 ‘justo
1641 1686 1705 1708 ar·-

1025 1725 1140 1771 gutius
1156 1725 1306 1759 videtur.

1068 1779 1143 1812 353.
1167 1780 1249 1822 Ipsa
1257 1781 1422 1823 pertz-ula.
1440 1777 1704 1816 Validissimum

1023 1831 1201 1866 vinculum
1216 1858 1225 1876 ,
1243 1839 1377 1866 naturae
1389 1838 1481 1867 sorte
1493 1858 1501 1872 ‚
1511 1831 1704 1875 *cognatio-

1023 1883 1077 1917 nis
1095 1883 1191 1928 lege,
1219 1883 1371 1928 conjugii
1393 1882 1523 1917 soedere
1540 1882 1676 1917 firmius
1695 1896 1703 1918 :

1024 1936 1144 1979 συνάγει
1162 1938 1219 1985 γὰρ
1237 1941 1289 1970 καὶ
1302 1937 1456 1979 ἐχθίστους
1477 1937 1596 1974 ὁκοινὲς
1611 1937 1704 1981 φόὸος.

1023 1985 1128 2020 Arist.
1152 1986 1254 2020 Ponit.
1271 1997 1305 2019 v.
1323 1987 1392 2029 Edi
1406 2002 1450 2011 —-
1463 1987 1616 2030 June-uui
1628 1998 1702 2020 non

1022 2045 1095 2081 est,
1119 2045 1159 2072 ut
1180 2038 1316 2074 Ciosan.
1338 2038 1482 2084 putabat
1495 2064 1505 2081 ,
1531 2038 1702 2073 cariorem

1022 2089 1176 2125 reddunt
1189 2115 1199 2133 ,
1223 2089 1285 2124 sed
1303 2090 1434 2126 sociam
1450 2089 1591 2124 faciunt.

1027 2181 1031 2184 ⁴
1065 2143 1142 2176 355.
1165 2145 1238 2178 Nos
1253 2145 1320 2177 duo
1341 2145 1440 2177 turba
1456 2155 1579 2182 sumus.
1603 2142 1699 2178 Infra

1021 2193 1136 2238 VIII,
1161 2194 1250 2228 536:
1278 2195 1364 2228 Tota
1388 2195 1504 2228 domus
1527 2194 1593 2227 duo
1612 2198 1700 2229 suat.

1022 2245 1181 2291 Propert.
1200 2246 1239 2288 1,
1267 2245 1364 2291 Eleg.
1378 2256 1408 2279 11
1424 2271 1434 2289 ‚
1463 2245 1504 2279 23
1524 2257 1533 2279 :
1552 2245 1602 2280 Tu
1617 2247 1706 2280 mne·

1019 2300 1095 2332 sola
1109 2299 1235 2332 domus.
1253 2296 1429 2342 Expressit
1445 2297 1614 2332 Nostrum
1628 2296 1697 2331 Se-

1022 2363 1098 2386 nec.
1113 2350 1241 2385 Troad.
1253 2350 1342 2385 506:
1358 2350 1489 2391 Turba,
1510 2362 1583 2394 quae
1593 2353 1699 2385 simus

1018 2415 1132 2445 super,
1162 2403 1349 2442 Tumulus,
1366 2413 1469 2444 puer,
1496 2404 1640 2446 captiva.
1654 2419 1698 2428 -—·

1019 2457 1194 2496 Possedit,
1214 2454 1402 2488 devoravit.

999 2514 1002 2516 ’
1063 2506 1137 2539 358.
1173 2507 1266 2548 Quid
1289 2508 1360 2539 tibi.
1394 2505 1438 2541 In
1467 2504 1535 2540 hoe
1560 2512 1599 2541 et
1623 2518 1696 2551 seq.

1018 2570 1065 2591 vs.
1084 2556 1295 2591 tenerrimus
1318 2563 1420 2601 atque
1441 2556 1695 2592 amantissimus

1017 2622 1145 2644 sensus.
1157 2628 1200 2635 —
1212 2611 1304 2653 Quid
1312 2613 1428 2651 animi,
1447 2610 1540 2644 bona
1551 2609 1691 2652 locutio,

1018 2671 1057 2698 ut
1066 2663 1168 2698 docet
1184 2664 1307 2698 Heius.
1320 2675 1446 2708 :quem
1462 2663 1620 2698 animum
1630 2662 1694 2696 ha-

1016 2715 1130 2750 bitura
1146 2728 1247 2758 esses,
1263 2715 1347 2761 quid
1355 2728 1507 2751 sensura.
1518 2733 1562 2741 —
1570 2716 1666 2748 Fatis
1674 2739 1685 2755 ,

1017 2765 1146 2800 diluvio
1161 2766 1263 2800 fatali.
