1832 3100
249 247 336 307 390

624 216 675 291 i).
715 249 946 295 ovion
984 245 1283 298 NASONIS

249 339 355 386 Haec
381 358 555 405 quoque
578 340 820 404 virgineum
841 343 977 391 movit
996 344 1162 410 jactura
1185 346 1391 395 dolorem.

245 416 418 480 Raptor
440 417 531 479 agit
554 437 708 467 currus
723 456 735 478 ‚
761 431 804 467 et
826 420 1002 468 nomine
1027 440 1242 488 quemque
1265 435 1444 471 vocatos

245 492 516 541 Exhortatur
537 512 675 561 equos
694 515 703 553 ;
730 514 919 561 quorum
940 514 1020 561 per
1041 496 1154 545 colla
1171 499 1389 564 jubasque

247 569 429 617 Excutit
449 571 636 620 obscura
658 572 816 620 tinctas
837 572 1054 634 ferrugine
1076 573 1294 632 habenas;

243 647 416 713 Perque
439 646 560 696 lacus
579 648 692 697 altos
708 686 720 707 ‚
746 660 790 697 et
813 648 977 697 olentia
1000 648 1166 698 sulfure
1187 650 1326 714 fertur

1575 684 1577 687 ψ
1590 665 1659 712 405

250 724 412 786 Stagna
435 724 684 774 Palicorum
700 763 712 783 ‚
736 737 867 792 rupta
888 726 1098 775 ferventia
1118 739 1255 785 terra3

245 803 307 849 Et
325 821 411 867 qua
434 803 686 850 Bacchiadae
701 840 712 860 ‚
734 802 892 851 bimari
917 822 1022 866 gens
1046 816 1142 852 orta
1160 804 1400 862 Corintho,

246 879 368 926 Inter
390 878 623 944 inaequales
644 891 889 945 posuerunt
907 879 1066 928 moenia
1084 892 1255 946 portus.

312 976 335 996 »
356 956 439 1002 Est
459 954 652 1002 medium
676 955 844 1020 Cyanes
861 992 872 1012 ‚
900 968 943 1003 et
968 956 1116 1004 Pisaeae
1137 956 1390 1014 Arethusae,

246 1030 384 1093 Quod
406 1031 497 1078 coit
519 1031 718 1094 angustis
742 1031 962 1085 inclusum
985 1033 1198 1082 cornibus
1212 1070 1224 1091 ‚
1243 1052 1409 1099 aequor.

1584 1021 1662 1092 ⁷416

247 1106 334 1154 Hic
358 1106 442 1155 fuit
457 1145 468 1165 ‚
494 1127 519 1155 a
543 1109 667 1173 cujus
691 1120 895 1172 stagnum
919 1129 1097 1176 quoque
1120 1110 1299 1158 nomine
1321 1110 1487 1162 dictum
1509 1121 1599 1168 est,
1621 1152 1623 1154 .

244 1239 473 1274 minutiarum
485 1253 624 1286 quoque
639 1254 758 1276 curam
772 1241 922 1277 habebat

243 1291 367 1336 puella.
389 1292 461 1327 Sed
483 1292 604 1328 fictum
623 1293 690 1329 hoc
711 1301 833 1329 contra
848 1308 919 1329 na·-

241 1350 358 1377 turam
372 1359 380 1383 ;
409 1357 566 1379 summus
595 1346 691 1380 enim
723 1353 837 1381 terror
862 1347 921 1381 tali

243 1395 451 1440 simplicitati
476 1397 687 1433 adversatur.

287 1448 362 1489 402.
379 1449 520 1483 Nomine
530 1462 691 1494 quemque.
710 1449 746 1484 II
761 1476 770 1493 ,
791 1463 862 1497 ¹9²·
878 1469 923 1478 —-

243 1499 459 1534 Exhortatur.
482 1500 536 1535 III
546 1527 556 1543 ‚
575 1502 649 1544 242.
665 1519 709 1527 —·
724 1504 922 1546 Ferruginea

244 1548 362 1582 omnia
375 1550 522 1584 inferna.
533 1551 625 1585 Vide
640 1552 827 1586 Heinsium
839 1553 922 1596 ;fer-

241 1603 396 1642 rugineus
405 1603 548 1635 amictus
555 1601 715 1637 Plutonis
725 1602 921 1647 apudClau-

245 1651 410 1696 dianum,
431 1653 487 1697 ΙΙ,
508 1656 582 1699 275.

286 1704 360 1746 405.
370 1706 494 1748 Perque
504 1707 600 1739 lacus
607 1707 706 1740 allos.
716 1704 919 1748 Diomedes,

243 1766 275 1800 p.
295 1755 359 1799 304
370 1783 379 1799 ,
398 1756 480 1802 legit
492 1760 620 1802 Perque
633 1761 727 1793 locos
739 1772 864 1794 sacros.
878 1777 922 1786 --

248 1808 385 1841 Olenlla
400 1809 527 1853 sulfure
542 1810 715 1855 vituperat
730 1810 826 1845 idem
839 1811 923 1845 Dio-

244 1860 364 1895 medes
376 1887 385 1904 ,
407 1875 440 1906 p.
456 1862 522 1905 304
535 1889 545 1906 ,
565 1875 675 1907 quum
697 1866 784 1896 olere
800 1863 920 1907 sulfur,

241 1917 440 1956 unguentum
457 1913 562 1948 latine
580 1913 724 1948 dicatur.
743 1914 814 1948 Sed
831 1915 922 1949 bene

244 1964 410 1999 Heinsius
427 1973 550 1999 monet
565 1992 574 2009 ,
595 1973 630 2000 et
647 1966 810 2011 exemplis
826 1979 923 2001 com-

243 2015 366 2059 probat
383 2041 393 2059 ,
426 2017 531 2051 etiam
560 2017 749 2051 ablativum
775 2016 922 2052 subinde

245 2066 324 2100 addi
342 2069 448 2102 verbo
465 2072 574 2112 olere;
592 2076 627 2104 et
644 2069 832 2113 Ovidium,
849 2082 923 2103 am-

244 2118 449 2165 phibplogiae
466 2121 616 2155 vitandae
626 2134 726 2156 causa
737 2148 746 2164 ,
763 2121 921 2156 maluisse

242 2171 386 2215 sulfure,
414 2184 520 2216 quam
537 2171 677 2216 sulfura.
691 2172 922 2218 Capoferreus

245 2230 363 2257 autem
393 2223 603 2269 contendit„
622 2237 703 2258 eum
729 2224 920 2269 scripsisse,

243 2278 387 2309 olentia
411 2273 560 2318 sulfura&
588 2283 702 2310 essent
718 2276 814 2309 enim
829 2279 923 2309 olen-

243 2331 294 2361 tia
305 2334 339 2361 et
339 2326 506 2370 ferventia
517 2325 588 2359 duo
600 2326 752 2371 epitheta
763 2327 921 2371 ejusdem

244 2378 457 2413 substantivi.
473 2377 521 2412 At
538 2378 613 2423 quis
630 2378 699 2412 duo
712 2378 863 2423 epitheta
876 2379 923 2413 sic

244 2432 363 2476 juncta
384 2431 584 2476 vituperet?
600 2431 730 2476 Stagna
749 2430 805 2464 illa
823 2438 922 2465 erant

246 2490 280 2516 et
292 2482 461 2517 ferventia
473 2490 508 2517 et
519 2482 658 2517 olentia.
668 2501 712 2508 —
722 2484 843 2523 Palici,
859 2496 920 2528 ge-

245 2536 331 2569 mini
344 2537 482 2579 sratres,
497 2536 593 2570 Jovis
613 2543 647 2570 et
658 2536 798 2571 Thaleae
809 2550 921 2584 nym-

245 2587 323 2632 phae
339 2587 399 2622 filii
413 2614 423 2630 ‚
439 2587 480 2622 de
500 2588 623 2632 quibus
641 2587 746 2622 Diod.
763 2588 831 2623 Sic.
848 2589 920 2631 XI,

250 2640 314 2685 89;
334 2639 491 2673 lWIaerob.
509 2640 554 2683 V,
577 2653 626 2686 ¹9·
653 2639 708 2673 Ab
727 2639 779 2674 his
802 2640 923 2674 Pallca

245 2688 326 2722 urbs
340 2687 429 2723 dicta
443 2715 451 2732 ,
469 2690 631 2735 juxtaque
644 2703 721 2724 eam
732 2692 922 2725 Palicorum

242 2741 354 2781 lacus,
374 2744 462 2783 λίμνη
478 2746 615 2776 naum-2
627 2767 636 2786 ,
649 2747 795 2783 Παλικινὴ
808 2746 896 2791 κρήνη
910 2767 918 2786 ,

362 2796 367 2812 l

985 1251 1127 1292 κρατῆρες
1135 1247 1284 1278 nummu.
1300 1241 1461 1276 Habebat
1471 1253 1576 1286 aquas
1588 1240 1661 1279 Sul·

983 1294 1117 1338 fureas,
1145 1300 1182 1328 et
1203 1293 1383 1331 emittebat
1404 1305 1546 1339 gravem
1565 1291 1660 1326 odo-

984 1357 1061 1379 rem
1075 1371 1084 1388 ,
1117 1352 1156 1379 ut
1182 1344 1326 1379 tradunt
1350 1342 1549 1389 Stephanus
1571 1343 1660 1389 *Byz.

986 1396 1111 1441 Strabo
1123 1422 1132 1440 ,
1151 1403 1186 1431 et
1207 1396 1274 1431 alii.
1442 1439 1443 1442 Ἴ

1029 1450 1103 1495 407.
1118 1450 1400 1488 Bacchiadarum,
1413 1448 1473 1494 qui
1484 1460 1502 1482 a
1512 1446 1660 1483 Baoehia

985 1501 1039 1536 vel
1055 1500 1227 1536 Bacchide
1253 1513 1361 1546 genus
1385 1498 1557 1540 ducebant
1569 1524 1578 1542 ,
1597 1498 1660 1532 in—

985 1554 1075 1600 clyta
1091 1554 1219 1588 familia
1238 1565 1414 1587 summam
1428 1551 1519 1597 apud
1537 1550 1662 1594 Corin-

986 1604 1075 1638 thios
1092 1611 1299 1648 potestatem
1317 1603 1490 1649 obtinuit3
1515 1602 1578 1638 sed
1591 1602 1662 1636 sive

986 1656 1030 1690 oh
1048 1656 1218 1690 luxuriam
1230 1682 1239 1699 ‚
1258 1657 1327 1691 sive
1344 1656 1388 1690 ob
1402 1656 1596 1690 affectatam
1606 1661 1663 1701 ty-

985 1707 1193 1750 rannidem,
1219 1719 1238 1741 a
1263 1705 1412 1753 Cypselo
1440 1706 1576 1751 expulsa
1601 1711 1661 1740 est.

985 1759 1114 1794 AElian.
1131 1758 1176 1794 V.
1195 1759 1242 1793 H.
1263 1759 1301 1801 I,
1332 1771 1391 1805 193
1411 1758 1557 1792 Pausan.
1580 1755 1662 1791 Co-

985 1810 1092 1845 rinth.
1110 1824 1142 1855 p.
1164 1824 1245 1851 1203
1276 1809 1393 1844 Schol.
1415 1808 1578 1854 Apollon.
1594 1807 1662 1842 Rh.

987 1862 1028 1896 ad
1044 1862 1109 1905 IV,
1131 1862 1446 1901 1212.-Bimaris,
1465 1861 1661 1905 διθάλᾳσσος,

988 1925 1064 1958 quae
1089 1925 1110 1946 a
1140 1912 1275 1948 duobus
1303 1911 1457 1954 maribus
1485 1911 1637 1957 cingitur
1650 1936 1661 1954 ,

988 1965 1090 1999 Ionio
1105 1971 1141 1999 et
1158 1965 1289 2009 AEgaeo.
1306 1964 1411 1999 Facta
1431 1963 1504 2002 haec
1521 1976 1587 1999 vox
1609 1963 1663 1998 vi·-

988 2016 1091 2052 detur
1108 2017 1149 2050 ab
1165 2017 1289 2050 Horat.
1306 2016 1343 2059 1,
1362 2015 1432 2051 Od.
1449 2026 1504 2050 vn
1517 2041 1527 2059 ,
1547 2029 1564 2051 a
1576 2041 1586 2059 ‚
1604 2015 1664 2050 ubi

987 2067 1054 2101 vid.
1068 2068 1103 2101 J.
1120 2067 1232 2101 Douz.
1248 2085 1292 2094 —-
1305 2068 1453 2106 Mania,
1480 2065 1664 2113 Syracusas

987 2118 1147 2163 intelligit
1157 2145 1166 2163 ‚
1184 2131 1311 2163 easque
1324 2117 1481 2163 designat
1497 2130 1516 2152 a
1529 2117 1663 2152 duobus
1679 2152 1682 2156 ,

981 2172 1143 2213 portibus,
1157 2182 1310 2214 quorum
1321 2169 1407 2210 alter
1419 2167 1565 2214 amplior
1577 2163 1664 2211 mulss

988 2228 1023 2254 to
1037 2221 1156 2258 altero.
1174 2221 1231 2256 Sic
1246 2222 1436 2266 iuaequales.

1040 2274 1115 2319 409.
1146 2274 1316 2308 Arethusa
1331 2299 1341 2314 ‚
1377 2273 1455 2307 sons
1485 2270 1663 2320 Syracusis

986 2327 1135 2361 maxime
1154 2325 1410 2369 memorabilis,
1439 2325 1498 2370 qui
1518 2324 1555 2358 in
1582 2335 1662 2358 mo-

989 2377 1074 2411 dum
1094 2377 1175 2422 justi
1190 2377 1286 2412 fluvii
1300 2389 1319 2411 e
1337 2383 1429 2411 terra
1443 2375 1662 2421 prorumpit:

987 2428 1065 2462 vide
1087 2428 1160 2463 Cic.
1181 2428 1283 2463 Verr.
1303 2427 1370 2470 IV,
1389 2427 1440 2462 53.
1459 2425 1536 2472 ,Cur
1552 2427 1664 2474 I'tkaeu

987 2479 1137 2522 dicatur,
1159 2479 1250 2513 infra
1266 2478 1444 2524 apparebit
1459 2491 1477 2513 e
1491 2491 1578 2513 vers.
1599 2478 1661 2522 487

987 2538 1022 2573 et
1045 2532 1118 2578 494.
1142 2548 1184 2555 -
1208 2531 1356 2564 Medium
1387 2532 1538 2576 Cyanes,
1569 2530 1663 2567 inter

989 2581 1138 2629 Cyanen
1159 2588 1195 2616 et
1219 2581 1433 2616 Arethusam
1454 2608 1463 2626 ,
1489 2588 1529 2616 ut
1545 2581 1635 2618 infra
1649 2606 1659 2623 ,

987 2635 1070 2677 644,
1090 2635 1231 2667 medium
1251 2636 1506 2678 coelilerroeque,
1525 2640 1560 2667 et
1581 2633 1656 2667 Ho-

986 2695 1048 2737 rat.
1067 2688 1102 2722 II
1116 2713 1125 2731 ‚
1147 2686 1216 2722 Od.
1234 2698 1296 2722 XIX
1309 2713 1318 2731 ,
1337 2689 1379 2722 28
1391 2712 1401 2731 ,
1423 2688 1551 2720 medius
1560 2688 1661 2729 pacis

987 2747 1021 2776 el
1033 2745 1119 2777 belli.
1138 2741 1284 2777 Lenzius
1300 2754 1383 2776 vero
1400 2741 1444 2776 ita
1455 2739 1569 2786 jungit
1580 2751 1658 2774 ver-
