1832 3100
295 222 380 266 338

669 223 721 266 Ρ.
758 222 995 270 OVIDII
1027 224 1327 272 NASONIS

295 316 436 381 Inque
460 313 582 363 sinus
607 332 730 365 caros
745 352 758 372 ‚
780 314 915 365 veluti
939 330 1248 380 cognosceret,
1271 319 1365 368 ibat
1385 338 1395 377 ;
1422 337 1445 358 -’

1641 332 1708 381 ⁵95

293 395 355 442 Et
377 393 508 442 dabat
530 391 754 459 amplexus
768 431 780 451 ‚
806 394 1070 461 adsuetaque
1089 395 1206 444 'colla
1229 396 1420 462 petebat.

294 469 511 536 Quisquis
532 469 674 528 adest,
698 469 875 519 aderant
896 472 1077 521 comites
1091 509 1103 530 ‚
1127 484 1313 522 terretur
1333 493 1344 521 ε
1366 485 1411 522 at
1428 472 1503 522 illa

295 546 486 595 Lubrica
506 545 746 612 permulcet
769 547 935 596 cristati
960 547 1070 597 colla
1095 547 1298 598 draconis
1313 587 1325 608 ‚

293 625 353 672 Et
375 623 526 672 subito
550 623 639 671 duo
663 636 790 681 sunt;
813 625 1054 691 junctoque
1075 625 1298 676 volumine
1321 639 1530 693 serpunt;

294 701 446 750 Donec
469 701 516 748 in
536 700 731 767 appositi
752 702 945 750 nemoris
965 702 1137 751 subiere
1160 702 1361 755 latebras.

1638 719 1705 752 600

291 780 421 826 Nunc
446 797 621 844 quoque
642 797 722 826 nec
746 777 924 842 fugiunt
944 778 1190 837 hominem,
1214 800 1294 829 nec
1315 780 1493 832 vulnere
1511 780 1703 841 laedunt;

293 855 504 921 Quidque
528 856 652 921 prius
674 855 860 915 fuerint,
885 855 1048 923 placidi
1069 858 1305 907 meminere
1326 858 1554 907 dracones,

355 933 432 979 IV.
461 931 548 979 Sed
571 943 715 981 tamen
738 933 956 987 ambobus
979 953 1111 983 versae
1135 934 1291 985 solatia
1314 935 1464 984 formae
1601 932 1609 935 Α

289 1061 505 1097 Harmoniae.
528 1059 582 1094 Eo
597 1067 777 1096 terrentur
795 1060 959 1104 comites3

288 1122 324 1148 at
339 1114 395 1148 illa
412 1112 559 1147 vicissim
580 1112 759 1148 blanditur
777 1140 786 1158 ,
811 1122 846 1149 et
869 1116 963 1150 inter

287 1165 359 1200 illas
378 1164 559 1200 blanditias
587 1165 700 1200 subito
729 1173 898 1201 mutatur.
918 1185 963 1193 —-

290 1216 410 1251 Codex
421 1216 549 1262 Regius
560 1215 605 1260 A,
617 1221 657 1250 at
663 1218 734 1251 c'llis
742 1218 888 1252 lubrica
891 1231 963 1262 per-

288 1273 407 1303 lucen!-
425 1267 517 1312 Quae
532 1267 634 1303 lectio
650 1268 806 1303 notanda
827 1276 862 1304 et
883 1283 966 1315 pre—

287 1321 406 1354 tiosior
431 1319 579 1364 vulgata.
605 1319 705 1354 Uxor
722 1320 819 1354 enim
837 1319 964 1354 Cadmi

288 1373 328 1406 ab
345 1372 421 1406 Diis
439 1371 524 1417 petit
546 1378 585 1406 ut
604 1374 640 1405 ιἰι
654 1374 800 1406 eumdem
818 1377 968 1406 vertatur

285 1436 438 1470 anguem
447 1430 481 1458 et
488 1424 615 1468 statim,
627 1430 708 1459 voto
715 1424 792 1460 Diis
802 1437 964 1459 annuen-

288 1478 396 1519 tibus,
419 1478 490 1509 illis
517 1476 684 1510 ambobus
709 1478 838 1511 lubrica
846 1480 965 1520 perlu—

286 1532 363 1562 cent
377 1529 468 1561 colla
483 1533 547 1560 etc.
562 1529 628 1561 Ed.
645 1544 688 1552 ———-
700 1529 887 1572 June-loque
901 1541 965 1562 vo-

283 1584 415 1615 lumine.
432 1579 533 1614 Rode
550 1605 559 1623 ,
579 1581 733 1614 kriechen
754 1585 788 1614 in
806 1584 968 1616 einander

283 1634 505 1677 gescblungcn
528 1633 646 1665 davon-
674 1631 788 1665 Mirus
812 1632 965 1667 incessus

287 1683 511 1730 serpentum!
529 1683 658 1727 immo,
676 1690 716 1717 ut
728 1683 800 1726 XI,
818 1683 878 1726 64,
896 1683 963 1718 Or—

288 1735 397 1781 pheus
414 1742 450 1769 et
473 1733 647 1780 Eurydice
673 1735 863 1778 conjunclis
882 1747 965 1778 spa-

287 1792 415 1823 tiantur
427 1789 608 1832 passibus,·
623 1787 671 1822 sic
687 1795 884 1833 serpentes,
904 1789 964 1832 qui

287 1855 322 1877 se
339 1842 498 1876 volvendo
518 1847 707 1875 moventur
721 1865 731 1883 ,
752 1840 876 1884 juncto
902 1854 966 1880 po-

284 1897 408 1929 lamine
419 1897 563 1936 serpunt.
577 1909 621 1918 -
635 1893 798 1936 Apposili
810 1919 819 1933 ‚
850 1892 963 1927 vicini.

289 1945 395 1981 Multi
414 1971 423 1988 ,
440 1947 602 1989 oppositi,
627 1951 663 1979 et
678 1945 726 1979 ita
743 1944 906 1986 Muretus
927 1945 963 1979 in

288 2009 350 2031 suo
360 1995 493 2032 ,Codice
507 1995 772 2038 emendaverat;
790 1996 867 2030 vide
878 1996 966 2030 Bur-

235 2091 237 2093 *
290 2058 462 2082 mannum
473 2047 515 2082 ad
528 2047 700 2083 Heroidd.
719 2047 790 2091 IV,
809 2048 861 2081 26.
877 2048 967 2082 Nos-

288 2100 333 2134 tri
356 2100 457 2144 Regii
484 2099 569 2133 dant
588 2103 743 2143 appositi.
766 2117 809 2125 —·
824 2101 964 2135 Subiere.

291 2151 348 2185 Sic
361 2150 471 2184 nostri
488 2149 600 2195 Regii.
612 2150 838 2184 —Maluerat
850 2150 967 2184 Hein-

289 2204 357 2238 sius
366 2214 503 2246 repsere,
518 2201 598 2246 quia
610 2202 787 2236 dubitabat
802 2215 845 2236 an
857 2205 967 2237 subire

287 2261 323 2291 in
338 2258 485 2293 latebras
500 2255 579 2289 satis
594 2255 741 2294 latinum
759 2254 801 2288 sit
815 2268 822 2294 ;
839 2261 874 2288 et
890 2255 967 2299 qui-

291 2309 374 2344 dem
399 2307 551 2345 insolens
575 2306 649 2341 haec
674 2307 897 2341 constructio.
923 2324 966 2332 —

289 2361 442 2406 Serpens
467 2359 654 2394 Veteribus
680 2371 768 2403 saepe
794 2361 966 2402 placidum

290 2412 428 2447 animal.
455 2412 576 2456 Itaque
608 2418 643 2446 et
675 2410 765 2455 genii
791 2410 874 2444 boni
903 2409 966 2444 hac

291 2464 401 2509 figura
419 2463 679 2498 exhibebantur.
693 2461 797 2506 Apud
817 2461 966 2505 Euripi-

291 2515 374 2555 dem
397 2515 432 2549 hi
450 2515 520 2548 duo
538 2514 796 2548 transferuntur
814 2525 832 2546 a
850 2512 965 2547 Marte

291 2568 328 2601 in
367 2568 550 2605 beatorum
583 2573 724 2600 terram.
763 2563 966 2598 Secundum

294 2618 452 2662 Apollod.
469 2618 504 2652 in
523 2617 690 2651 dracones
702 2615 826 2650 mutati
843 2628 862 2649 a
876 2616 967 2655 ¹Jove

293 2670 482 2704 mittuntur
511 2671 547 2704 in
578 2670 744 2716 Elysium.
778 2670 820 2703 ln
853 2668 967 2703 schol.

295 2720 438 2756 Pindari
454 2722 492 2755 P.
512 2721 568 2756 111
583 2747 593 2763 ,
614 2722 674 2756 153
687 2747 695 2763 ‚
715 2733 820 2756 curru
837 2720 965 2765 angui-

1025 1064 1090 1098 bus
1106 1064 1227 1108 juncto
1242 1063 1279 1098 in
1297 1064 1457 1111 Elysium
1473 1064 1704 1102 abducuntur.

1028 1116 1122 1150 Talis
1153 1116 1268 1161 imago
1287 1110 1382 1151 sorte
1408 1116 1447 1151 in
1471 1124 1706 1153 monumento

1028 1180 1153 1201 eorum
1170 1167 1261 1213 apud
1273 1167 1465 1203 Encheleas
1475 1181 1630 1214 expressa
1642 1181 1703 1215 pe-

1028 1219 1119 1264 perit
1137 1219 1299 1254 fabulam.

1073 1270 1240 1304 503—561.
1258 1271 1328 1304 Sed
1347 1275 1456 1304 lamen
1471 1273 1630 1306 ambobus
1641 1277 1705 1305 etc.

1031 1321 1178 1355 Perseus
1191 1347 1202 1365 ,
1237 1322 1336 1356 Jovis
1365 1328 1400 1355 et
1425 1321 1564 1356 Danaes
1590 1321 1680 1356 filius
1693 1348 1702 1364 ,

1030 1372 1177 1412 Acrisii,
1203 1374 1292 1419 regis
1313 1373 1545 1418 Argivorum,
1571 1385 1702 1418 nepos,

1029 1423 1191 1459 conditor
1207 1424 1443 1472 Mycenarum
1453 1450 1462 1468 ,
1481 1437 1573 1460 unus
1584 1437 1626 1459 ex
1638 1423 1703 1459 he.-

1028 1476 1146 1509 roibus
1163 1475 1279 1521 priscis
1293 1502 1303 1519 ,
1330 1475 1512 1511 itineribus
1527 1475 1638 1521 longis
1653 1475 1704 1512 la·-

1028 1526 1239 1572 boribus-que
1251 1527 1460 1563 difficillimis
1472 1527 1636 1573 susceptis
1646 1527 1703 1562 in-

1029 1579 1150 1613 claruit
1163 1592 1217 1613 an.
1231 1580 1368 1614 circiter
1383 1581 1486 1624 1348,
1511 1593 1530 1614 a
1546 1579 1630 1615 Chr.
1644 1593 1680 1614 n.
1695 1594 1705 1622 3

1028 1630 1089 1664 sed
1107 1643 1161 1664 res
1178 1631 1219 1664 ab
1237 1643 1279 1664 eo
1295 1638 1404 1675 gestas
1418 1631 1465 1666 ita
1481 1632 1634 1667 sabulosa
1645 1644 1704 1666 an-

1028 1681 1167 1726 tiquitas
1181 1682 1348 1726 pervertit
1361 1708 1370 1725 ,
1390 1689 1429 1718 ut
1444 1682 1532 1717 nihil
1546 1683 1632 1718 certi
1646 1682 1707 1717 ho-

1029 1732 1084 1767 die
1103 1732 1184 1766 inde
1199 1733 1273 1767 erui
1288 1733 1392 1777 possit
1407 1745 1416 1767 ε
1431 1732 1502 1767 vid.
1514 1732 1558 1767 de
1571 1746 1615 1768 eo
1631 1734 1707 1768 He-

1027 1785 1141 1819 rodot.
1162 1785 1221 1827 ΙΙ,
1252 1797 1286 1819 n.
1302 1798 1370 1831 913
1401 1784 1498 1828 VII,
1522 1784 1563 1819 61
1578 1811 1588 1828 ‚
1619 1787 1704 1826 150;

1029 1836 1176 1870 Pausan.
1190 1834 1351 1870 Corinth.
1367 1835 1522 1881 pluribus
1537 1835 1629 1871 locis.
1640 1835 1705 1870 Ea·

1029 1900 1110 1929 rum
1119 1900 1239 1921 rerum
1254 1887 1490 1922 fabulosarum
1506 1886 1703 1932 nonnullas,

1030 1939 1197 1984 quoniam
1220 1945 1255 1973 et
1278 1939 1358 1984 ipsis
1383 1939 1707 1976 transformationes

1029 1992 1150 2026 insunt
1168 2018 1177 2036 ,
1196 1998 1273 2036 post
1290 1991 1473 2031 Bacchicas
1488 1991 1607 2026 laudes
1624 1991 1706 2028 hinc

1030 2056 1172 2080 narrare
1187 2043 1317 2088 incipit.
1335 2043 1387 2078 Ac
1397 2043 1552 2088 primum
1563 2041 1705 2089 quidem

1029 2095 1073 2129 de
1088 2097 1246 2135 Atlante,
1265 2094 1374 2141 Iapeti
1386 2094 1457 2129 filio
1471 2121 1480 2139 ‚
1500 2107 1608 2140 quem
1619 2095 1706 2134 Per-

1000 2178 1003 2180 .
1029 2160 1107 2181 seus
1121 2172 1130 2190 ,
1149 2159 1259 2191 quum
1273 2146 1433 2190 requiem
1449 2146 1487 2180 in
1503 2158 1614 2192 regno
1630 2146 1705 2190 eius

1029 2201 1217 2245 impetrare
1234 2212 1305 2233 non
1324 2206 1458 2244 posset,
1476 2199 1595 2245 capitis
1615 2199 1705 2234 Me·-

1030 2251 1123 2286 dusae
1133 2252 1279 2296 operain
1290 2258 1450 2286 montem
1459 2250 1704 2297 cognominem

1029 2303 1186 2338 mutavit.
1218 2303 1368 2338 Atlantis
1382 2329 1391 2347 ,
1425 2303 1549 2338 caelum
1577 2302 1704 2339 vertice

1029 2355 1230 2390 sustinentis
1243 2380 1252 2398 ,
1281 2355 1352 2398 jam
1371 2355 1610 2390 meminerunt
1626 2355 1705 2389 Ho-

1030 2421 1116 2442 mer.
1130 2407 1199 2443 Od.
1211 2408 1241 2441 A
1253 2433 1262 2450 ,
1277 2409 1316 2441 52
1329 2420 1401 2452 sqq.
1413 2433 1422 2451 ‚
1434 2415 1469 2442 et
1482 2407 1626 2442 Hesiod.
1638 2407 1706 2442 Th.

1031 2463 1105 2505 5¹7·
1119 2459 1223 2494 Cous.
1236 2459 1396 2504 Apollod.
1409 2461 1426 2495 Ι
1439 2485 1449 2503 ,
1461 2470 1492 2494 11
1503 2486 1512 2503 ,
1532 2474 1573 2503 2;
1592 2460 1630 2494 II
1642 2486 1651 2501 ,
1668 2470 1705 2503 v,

1034 2525 1070 2546 11
1085 2526 1094 2553 ς
1113 2511 1244 2557 Hygin.
1260 2511 1363 2546 fabul.
1386 2513 1447 2547 150
1459 2538 1469 2555 ,
1497 2512 1557 2547 ubi
1581 2511 1678 2551 Atlas
1695 2537 1704 2554 ‚

1031 2563 1138 2608 Iapeti
1158 2563 1267 2606 filius,
1295 2562 1364 2598 dux
1390 2563 1559 2599 Titanum
1582 2563 1705 2598 caelum

1030 2615 1328 2660 oppugnantium,
1349 2628 1368 2650 a
1390 2615 1479 2650 Jove
1497 2614 1568 2650 caeli
1585 2613 1704 2648 sorni-

1030 2665 1105 2701 cem
1125 2667 1276 2701 humeris
1293 2668 1384 2701 serre
1401 2667 1544 2712 cogitur.
1566 2666 1703 2710 Nempe

1031 2727 1172 2765 apparet
1186 2746 1196 2763 ,
1222 2721 1400 2755 Atlantem
1414 2746 1424 2764 ,
1448 2718 1558 2764 Iapeti
1574 2718 1702 2759 filium,
