<?xml version="1.0" encoding="UTF-8"?>
<!DOCTYPE html PUBLIC "-//W3C//DTD XHTML 1.0 Transitional//EN"
    "http://www.w3.org/TR/xhtml1/DTD/xhtml1-transitional.dtd">
<html xmlns="http://www.w3.org/1999/xhtml" xml:lang="en" lang="en">
 <head>
  <title>
</title>
<meta http-equiv="Content-Type" content="text/html;charset=utf-8" />
  <meta name='ocr-system' content='tesseract 3.04.00' />
  <meta name='ocr-capabilities' content='ocr_page ocr_carea ocr_par ocr_line ocrx_word'/>
</head>
<body>
  <div class='ocr_page' id='page_1' title='image "./quaeextantomniao03oviduoft_0549.png"; bbox 0 0 1832 3100; ppageno 0'>
   <div class='ocr_carea' id='block_1_1' title="bbox 341 246 1398 294">
    <p class='ocr_par' dir='ltr' id='par_1_1' title="bbox 341 246 1398 294">
     <span class='ocr_line' id='line_1_1' title="bbox 341 246 1398 294; baseline -0.002 0"><span class='ocrx_word' id='word_1_1' title='bbox 341 246 1065 294; x_wconf 90' lang='lat' dir='ltr'><strong>METAMORPHOSEON</strong></span> <span class='ocrx_word' id='word_1_2' title='bbox 1105 249 1235 292; x_wconf 89' lang='lat' dir='ltr'><strong>LIB.</strong></span> <span class='ocrx_word' id='word_1_3' title='bbox 1277 250 1398 294; x_wconf 91' lang='lat' dir='ltr'><strong>VII.</strong></span> 
     </span>
    </p>
   </div>
   <div class='ocr_carea' id='block_1_2' title="bbox 1496 248 1583 309">
    <p class='ocr_par' dir='ltr' id='par_1_2' title="bbox 1496 248 1583 309">
     <span class='ocr_line' id='line_1_2' title="bbox 1496 248 1583 309; baseline 0 -19"><span class='ocrx_word' id='word_1_4' title='bbox 1496 248 1583 309; x_wconf 86' lang='lat'><strong>517</strong></span> 
     </span>
    </p>
   </div>
   <div class='ocr_carea' id='block_1_3' title="bbox 156 339 1379 566">
    <p class='ocr_par' dir='ltr' id='par_1_3' title="bbox 156 339 1379 566">
     <span class='ocr_line' id='line_1_3' title="bbox 158 339 1379 409; baseline -0.003 -17"><span class='ocrx_word' id='word_1_5' title='bbox 158 341 413 409; x_wconf 81' lang='lat' dir='ltr'><strong>Cecropidae</strong></span> <span class='ocrx_word' id='word_1_6' title='bbox 429 378 440 398; x_wconf 97' lang='lat'><strong>,</strong></span> <span class='ocrx_word' id='word_1_7' title='bbox 465 339 689 407; x_wconf 85' lang='lat' dir='ltr'>Cephalus</span> <span class='ocrx_word' id='word_1_8' title='bbox 712 339 886 406; x_wconf 85' lang='lat' dir='ltr'>peragit</span> <span class='ocrx_word' id='word_1_9' title='bbox 907 339 1137 397; x_wconf 86' lang='lat' dir='ltr'><strong>mandata,</strong></span> <span class='ocrx_word' id='word_1_10' title='bbox 1161 352 1379 406; x_wconf 82' lang='lat' dir='ltr'>rogatque</span> 
     </span>
     <span class='ocr_line' id='line_1_4' title="bbox 157 417 1323 484; baseline -0.003 -15"><span class='ocrx_word' id='word_1_11' title='bbox 157 419 410 475; x_wconf 90' lang='lat' dir='ltr'><strong>Auxilium;</strong></span> <span class='ocrx_word' id='word_1_12' title='bbox 434 417 667 484; x_wconf 86' lang='lat' dir='ltr'><strong>foedusque</strong></span> <span class='ocrx_word' id='word_1_13' title='bbox 692 417 852 474; x_wconf 87' lang='lat' dir='ltr'><strong>refert,</strong></span> <span class='ocrx_word' id='word_1_14' title='bbox 878 428 923 465; x_wconf 90' lang='lat' dir='ltr'><strong>et</strong></span> <span class='ocrx_word' id='word_1_15' title='bbox 940 417 1038 481; x_wconf 88' lang='lat' dir='ltr'><strong>jura</strong></span> <span class='ocrx_word' id='word_1_16' title='bbox 1062 429 1323 482; x_wconf 89' lang='lat' dir='ltr'><strong>parentum;</strong></span> 
     </span>
     <span class='ocr_line' id='line_1_5' title="bbox 156 494 1171 566; baseline -0.005 -20"><span class='ocrx_word' id='word_1_17' title='bbox 156 495 484 566; x_wconf 72' lang='lat' dir='ltr'><strong>Imperiumque</strong></span> <span class='ocrx_word' id='word_1_18' title='bbox 510 496 603 564; x_wconf 88' lang='lat' dir='ltr'><strong>peti</strong></span> <span class='ocrx_word' id='word_1_19' title='bbox 627 495 766 544; x_wconf 89' lang='lat' dir='ltr'><strong>totius</strong></span> <span class='ocrx_word' id='word_1_20' title='bbox 787 494 1012 543; x_wconf 91' lang='lat' dir='ltr'><strong>Achaidos</strong></span> <span class='ocrx_word' id='word_1_21' title='bbox 1034 494 1171 542; x_wconf 84' lang='lat' dir='ltr'><strong>addit.</strong></span> 
     </span>
    </p>
   </div>
   <div class='ocr_carea' id='block_1_4' title="bbox 158 571 1194 639">
    <p class='ocr_par' dir='ltr' id='par_1_4' title="bbox 158 571 1194 639">
     <span class='ocr_line' id='line_1_6' title="bbox 158 571 1194 639; baseline -0.005 -15"><span class='ocrx_word' id='word_1_22' title='bbox 158 577 231 625; x_wconf 91' lang='lat' dir='ltr'><strong>Sic</strong></span> <span class='ocrx_word' id='word_1_23' title='bbox 252 575 332 624; x_wconf 88' lang='lat' dir='ltr'><strong>ubi</strong></span> <span class='ocrx_word' id='word_1_24' title='bbox 355 575 606 624; x_wconf 86' lang='lat' dir='ltr'><strong>mandatam</strong></span> <span class='ocrx_word' id='word_1_25' title='bbox 628 573 742 639; x_wconf 90' lang='lat' dir='ltr'><strong>juvit</strong></span> <span class='ocrx_word' id='word_1_26' title='bbox 763 571 970 622; x_wconf 81' lang='lat' dir='ltr'>facundia</span> <span class='ocrx_word' id='word_1_27' title='bbox 991 590 1166 620; x_wconf 89' lang='lat' dir='ltr'><strong>causam</strong></span> <span class='ocrx_word' id='word_1_28' title='bbox 1184 591 1194 629; x_wconf 91' lang='grc'><strong>;</strong></span> 
     </span>
    </p>
   </div>
   <div class='ocr_carea' id='block_1_5' title="bbox 1525 586 1590 621">
    <p class='ocr_par' dir='ltr' id='par_1_5' title="bbox 1525 586 1590 621">
     <span class='ocr_line' id='line_1_7' title="bbox 1525 586 1590 621; baseline 0.031 -2"><span class='ocrx_word' id='word_1_29' title='bbox 1525 586 1590 621; x_wconf 77' lang='lat'><strong>505</strong></span> 
     </span>
    </p>
   </div>
   <div class='ocr_carea' id='block_1_6' title="bbox 158 649 1593 1027">
    <p class='ocr_par' dir='ltr' id='par_1_6' title="bbox 158 649 1208 721">
     <span class='ocr_line' id='line_1_8' title="bbox 158 649 1208 721; baseline -0.005 -19"><span class='ocrx_word' id='word_1_30' title='bbox 158 653 322 702; x_wconf 84' lang='lat' dir='ltr'><strong>AEacus</strong></span> <span class='ocrx_word' id='word_1_31' title='bbox 337 690 348 711; x_wconf 94' lang='lat'>‚</span> <span class='ocrx_word' id='word_1_32' title='bbox 373 651 420 700; x_wconf 90' lang='lat' dir='ltr'><strong>in</strong></span> <span class='ocrx_word' id='word_1_33' title='bbox 443 651 601 721; x_wconf 85' lang='lat' dir='ltr'><strong>capulo</strong></span> <span class='ocrx_word' id='word_1_34' title='bbox 627 650 789 717; x_wconf 84' lang='lat' dir='ltr'><strong>sceptri</strong></span> <span class='ocrx_word' id='word_1_35' title='bbox 812 650 980 698; x_wconf 85' lang='lat' dir='ltr'><strong>nitente</strong></span> <span class='ocrx_word' id='word_1_36' title='bbox 1003 649 1180 699; x_wconf 87' lang='lat' dir='ltr'><strong>sinistra</strong></span> <span class='ocrx_word' id='word_1_37' title='bbox 1196 687 1208 707; x_wconf 94' lang='lat'><strong>,</strong></span> 
     </span>
    </p>

    <p class='ocr_par' dir='ltr' id='par_1_7' title="bbox 164 727 1408 797">
     <span class='ocr_line' id='line_1_9' title="bbox 164 727 1408 797; baseline -0.004 -18"><span class='ocrx_word' id='word_1_38' title='bbox 164 753 188 774; x_wconf 89' lang='lat'>«</span> <span class='ocrx_word' id='word_1_39' title='bbox 214 732 282 779; x_wconf 88' lang='lat' dir='ltr'><strong>Ne</strong></span> <span class='ocrx_word' id='word_1_40' title='bbox 304 729 443 797; x_wconf 87' lang='lat' dir='ltr'><strong>petite</strong></span> <span class='ocrx_word' id='word_1_41' title='bbox 468 728 680 778; x_wconf 87' lang='lat' dir='ltr'><strong>auxilium</strong></span> <span class='ocrx_word' id='word_1_42' title='bbox 696 766 707 787; x_wconf 92' lang='lat'><strong>,</strong></span> <span class='ocrx_word' id='word_1_43' title='bbox 733 728 809 777; x_wconf 89' lang='lat' dir='ltr'><strong>sed</strong></span> <span class='ocrx_word' id='word_1_44' title='bbox 834 727 993 776; x_wconf 87' lang='lat' dir='ltr'><strong>sumite</strong></span> <span class='ocrx_word' id='word_1_45' title='bbox 1011 765 1022 785; x_wconf 98' lang='lat'><strong>,</strong></span> <span class='ocrx_word' id='word_1_46' title='bbox 1049 727 1184 786; x_wconf 82' lang='lat' dir='ltr'><strong>dixit,</strong></span> <span class='ocrx_word' id='word_1_47' title='bbox 1208 727 1408 775; x_wconf 78' lang='lat' dir='ltr'><strong>Athenae.</strong></span> 
     </span>
    </p>

    <p class='ocr_par' dir='ltr' id='par_1_8' title="bbox 159 803 1369 874">
     <span class='ocr_line' id='line_1_10' title="bbox 159 803 1369 874; baseline -0.003 -18"><span class='ocrx_word' id='word_1_48' title='bbox 159 808 254 856; x_wconf 85' lang='lat' dir='ltr'><strong>Nec</strong></span> <span class='ocrx_word' id='word_1_49' title='bbox 279 807 415 855; x_wconf 89' lang='lat' dir='ltr'><strong>dubie</strong></span> <span class='ocrx_word' id='word_1_50' title='bbox 436 807 551 856; x_wconf 88' lang='lat' dir='ltr'><strong>vires</strong></span> <span class='ocrx_word' id='word_1_51' title='bbox 565 845 577 865; x_wconf 96' lang='lat'><strong>,</strong></span> <span class='ocrx_word' id='word_1_52' title='bbox 603 825 713 874; x_wconf 90' lang='lat' dir='ltr'><strong>quas</strong></span> <span class='ocrx_word' id='word_1_53' title='bbox 731 806 824 855; x_wconf 86' lang='lat' dir='ltr'><strong>haec</strong></span> <span class='ocrx_word' id='word_1_54' title='bbox 847 805 985 853; x_wconf 88' lang='lat' dir='ltr'><strong>habet</strong></span> <span class='ocrx_word' id='word_1_55' title='bbox 1006 803 1175 862; x_wconf 88' lang='lat' dir='ltr'><strong>insula,</strong></span> <span class='ocrx_word' id='word_1_56' title='bbox 1202 815 1369 852; x_wconf 88' lang='lat' dir='ltr'><strong>vestras</strong></span> 
     </span>
    </p>

    <p class='ocr_par' dir='ltr' id='par_1_9' title="bbox 161 881 1358 943">
     <span class='ocr_line' id='line_1_11' title="bbox 161 881 1358 943; baseline -0.003 -11"><span class='ocrx_word' id='word_1_57' title='bbox 161 884 324 933; x_wconf 81' lang='lat' dir='ltr'><strong>Ducite</strong></span> <span class='ocrx_word' id='word_1_58' title='bbox 343 905 354 943; x_wconf 88' lang='grc'>;</span> <span class='ocrx_word' id='word_1_59' title='bbox 378 895 423 933; x_wconf 90' lang='lat' dir='ltr'><strong>et</strong></span> <span class='ocrx_word' id='word_1_60' title='bbox 446 884 593 932; x_wconf 88' lang='lat' dir='ltr'><strong>omnis</strong></span> <span class='ocrx_word' id='word_1_61' title='bbox 617 896 687 932; x_wconf 89' lang='lat' dir='ltr'><strong>eat</strong></span> <span class='ocrx_word' id='word_1_62' title='bbox 708 902 855 933; x_wconf 89' lang='lat' dir='ltr'><strong>rerum</strong></span> <span class='ocrx_word' id='word_1_63' title='bbox 878 894 1020 931; x_wconf 85' lang='lat' dir='ltr'><strong>status</strong></span> <span class='ocrx_word' id='word_1_64' title='bbox 1041 881 1125 930; x_wconf 86' lang='lat' dir='ltr'><strong>iste</strong></span> <span class='ocrx_word' id='word_1_65' title='bbox 1150 899 1358 930; x_wconf 90' lang='lat' dir='ltr'><strong>mearum.</strong></span> 
     </span>
    </p>

    <p class='ocr_par' dir='ltr' id='par_1_10' title="bbox 161 958 1593 1027">
     <span class='ocr_line' id='line_1_12' title="bbox 161 958 1593 1027; baseline -0.003 -16"><span class='ocrx_word' id='word_1_66' title='bbox 161 963 348 1012; x_wconf 83' lang='lat' dir='ltr'><strong>Robora</strong></span> <span class='ocrx_word' id='word_1_67' title='bbox 368 981 461 1010; x_wconf 92' lang='lat' dir='ltr'><strong>non</strong></span> <span class='ocrx_word' id='word_1_68' title='bbox 485 961 672 1018; x_wconf 87' lang='lat' dir='ltr'><strong>desunt;</strong></span> <span class='ocrx_word' id='word_1_69' title='bbox 696 971 877 1027; x_wconf 88' lang='lat' dir='ltr'><strong>superat</strong></span> <span class='ocrx_word' id='word_1_70' title='bbox 899 959 1011 1008; x_wconf 89' lang='lat' dir='ltr'><strong>mihi</strong></span> <span class='ocrx_word' id='word_1_71' title='bbox 1029 958 1155 1008; x_wconf 91' lang='lat' dir='ltr'><strong>miles</strong></span> <span class='ocrx_word' id='word_1_72' title='bbox 1171 997 1182 1017; x_wconf 92' lang='lat'><strong>,</strong></span> <span class='ocrx_word' id='word_1_73' title='bbox 1210 971 1253 1007; x_wconf 87' lang='lat' dir='ltr'><strong>et</strong></span> <span class='ocrx_word' id='word_1_74' title='bbox 1270 958 1393 1008; x_wconf 90' lang='lat' dir='ltr'><strong>hosti</strong></span> <span class='ocrx_word' id='word_1_75' title='bbox 1413 978 1423 1007; x_wconf 91' lang='lat'>:</span> <span class='ocrx_word' id='word_1_76' title='bbox 1526 973 1593 1007; x_wconf 79' lang='lat'><strong>510</strong></span> 
     </span>
    </p>
   </div>
   <div class='ocr_carea' id='block_1_7' title="bbox 165 1042 1251 1109">
    <p class='ocr_par' dir='ltr' id='par_1_11' title="bbox 165 1042 1251 1109">
     <span class='ocr_line' id='line_1_13' title="bbox 165 1042 1251 1109; baseline -0.005 -15"><span class='ocrx_word' id='word_1_77' title='bbox 165 1046 318 1096; x_wconf 85' lang='lat' dir='ltr'><strong>Gratia</strong></span> <span class='ocrx_word' id='word_1_78' title='bbox 340 1045 450 1103; x_wconf 90' lang='lat' dir='ltr'><strong>Dis;</strong></span> <span class='ocrx_word' id='word_1_79' title='bbox 473 1044 601 1103; x_wconf 86' lang='lat' dir='ltr'><strong>felix,</strong></span> <span class='ocrx_word' id='word_1_80' title='bbox 625 1056 669 1093; x_wconf 90' lang='lat' dir='ltr'><strong>et</strong></span> <span class='ocrx_word' id='word_1_81' title='bbox 691 1042 988 1092; x_wconf 84' lang='lat' dir='ltr'><strong>inexcusabile</strong></span> <span class='ocrx_word' id='word_1_82' title='bbox 1012 1054 1202 1109; x_wconf 89' lang='lat' dir='ltr'><strong>tempus.</strong></span> <span class='ocrx_word' id='word_1_83' title='bbox 1228 1064 1251 1084; x_wconf 89' lang='lat'>»</span> 
     </span>
    </p>
   </div>
   <div class='ocr_carea' id='block_1_8' title="bbox 167 1125 1445 1196">
    <p class='ocr_par' dir='ltr' id='par_1_12' title="bbox 167 1125 1445 1196">
     <span class='ocr_line' id='line_1_14' title="bbox 167 1125 1445 1196; baseline -0.004 -18"><span class='ocrx_word' id='word_1_84' title='bbox 167 1151 190 1173; x_wconf 91' lang='lat'>«</span> <span class='ocrx_word' id='word_1_85' title='bbox 217 1131 359 1179; x_wconf 91' lang='lat' dir='ltr'><strong>Immo</strong></span> <span class='ocrx_word' id='word_1_86' title='bbox 382 1129 444 1179; x_wconf 89' lang='lat' dir='ltr'><strong>ita</strong></span> <span class='ocrx_word' id='word_1_87' title='bbox 465 1129 550 1178; x_wconf 82' lang='lat' dir='ltr'><strong>sit!</strong></span> <span class='ocrx_word' id='word_1_88' title='bbox 576 1127 799 1196; x_wconf 87' lang='lat' dir='ltr'><strong>Cephalus</strong></span> <span class='ocrx_word' id='word_1_89' title='bbox 815 1165 827 1185; x_wconf 89' lang='lat'><strong>,</strong></span> <span class='ocrx_word' id='word_1_90' title='bbox 854 1138 1019 1176; x_wconf 86' lang='lat' dir='ltr'><strong>crescat</strong></span> <span class='ocrx_word' id='word_1_91' title='bbox 1041 1138 1117 1174; x_wconf 87' lang='lat' dir='ltr'><strong>tua</strong></span> <span class='ocrx_word' id='word_1_92' title='bbox 1140 1125 1312 1174; x_wconf 85' lang='lat' dir='ltr'><strong>civibus</strong></span> <span class='ocrx_word' id='word_1_93' title='bbox 1336 1137 1445 1192; x_wconf 85' lang='lat' dir='ltr'><strong>opto</strong></span> 
     </span>
    </p>
   </div>
   <div class='ocr_carea' id='block_1_9' title="bbox 164 1207 1359 1276">
    <p class='ocr_par' dir='ltr' id='par_1_13' title="bbox 164 1207 1359 1276">
     <span class='ocr_line' id='line_1_15' title="bbox 164 1207 1359 1276; baseline -0.006 -15"><span class='ocrx_word' id='word_1_94' title='bbox 164 1213 276 1271; x_wconf 88' lang='lat' dir='ltr'><strong>Res,</strong></span> <span class='ocrx_word' id='word_1_95' title='bbox 301 1212 363 1261; x_wconf 89' lang='lat' dir='ltr'><strong>ait</strong></span> <span class='ocrx_word' id='word_1_96' title='bbox 382 1231 392 1261; x_wconf 90' lang='lat'>:</span> <span class='ocrx_word' id='word_1_97' title='bbox 413 1211 648 1262; x_wconf 84' lang='lat' dir='ltr'><strong>adveniens</strong></span> <span class='ocrx_word' id='word_1_98' title='bbox 671 1209 876 1276; x_wconf 90' lang='lat' dir='ltr'><strong>equidem</strong></span> <span class='ocrx_word' id='word_1_99' title='bbox 900 1208 1034 1256; x_wconf 90' lang='lat' dir='ltr'><strong>modo</strong></span> <span class='ocrx_word' id='word_1_100' title='bbox 1059 1207 1217 1271; x_wconf 86' lang='lat' dir='ltr'><strong>gaudia</strong></span> <span class='ocrx_word' id='word_1_101' title='bbox 1234 1207 1359 1273; x_wconf 90' lang='lat' dir='ltr'><strong>cepi;</strong></span> 
     </span>
    </p>
   </div>
   <div class='ocr_carea' id='block_1_10' title="bbox 157 1356 858 2819">
    <p class='ocr_par' dir='ltr' id='par_1_14' title="bbox 157 1356 850 1871">
     <span class='ocr_line' id='line_1_16' title="bbox 157 1356 843 1401; baseline -0.004 -10"><span class='ocrx_word' id='word_1_102' title='bbox 157 1359 269 1401; x_wconf 77' lang='lat' dir='ltr'><strong>prima</strong></span> <span class='ocrx_word' id='word_1_103' title='bbox 279 1358 343 1392; x_wconf 75' lang='lat' dir='ltr'><strong>illa</strong></span> <span class='ocrx_word' id='word_1_104' title='bbox 349 1383 358 1397; x_wconf 87' lang='lat'><strong>,</strong></span> <span class='ocrx_word' id='word_1_105' title='bbox 374 1368 445 1401; x_wconf 66' lang='lat' dir='ltr'><strong>que</strong></span> <span class='ocrx_word' id='word_1_106' title='bbox 454 1359 490 1391; x_wconf 81' lang='lat' dir='ltr'><strong>iu</strong></span> <span class='ocrx_word' id='word_1_107' title='bbox 503 1367 682 1401; x_wconf 73' lang='lat' dir='ltr'><strong>congressu</strong></span> <span class='ocrx_word' id='word_1_108' title='bbox 691 1356 843 1389; x_wconf 84' lang='lat' dir='ltr'><strong>solemus.</strong></span> 
     </span>
     <span class='ocr_line' id='line_1_17' title="bbox 162 1408 843 1453; baseline -0.006 -8"><span class='ocrx_word' id='word_1_109' title='bbox 162 1409 268 1445; x_wconf 80' lang='lat' dir='ltr'><strong>-De</strong></span> <span class='ocrx_word' id='word_1_110' title='bbox 285 1412 417 1445; x_wconf 73' lang='lat' dir='ltr'><strong>auxilio</strong></span> <span class='ocrx_word' id='word_1_111' title='bbox 436 1409 504 1444; x_wconf 91' lang='lat' dir='ltr'><strong>hoc</strong></span> <span class='ocrx_word' id='word_1_112' title='bbox 521 1409 637 1445; x_wconf 83' lang='lat' dir='ltr'><strong>caeteri</strong></span> <span class='ocrx_word' id='word_1_113' title='bbox 658 1408 843 1453; x_wconf 83' lang='lat' dir='ltr'><strong>scriptores</strong></span> 
     </span>
     <span class='ocr_line' id='line_1_18' title="bbox 163 1459 843 1506; baseline -0.006 -9"><span class='ocrx_word' id='word_1_114' title='bbox 163 1462 285 1497; x_wconf 87' lang='lat' dir='ltr'><strong>silent:</strong></span> <span class='ocrx_word' id='word_1_115' title='bbox 297 1461 495 1506; x_wconf 80' lang='lat' dir='ltr'><strong>Diodorus,</strong></span> <span class='ocrx_word' id='word_1_116' title='bbox 507 1462 575 1505; x_wconf 89' lang='lat' dir='ltr'><strong>IV,</strong></span> <span class='ocrx_word' id='word_1_117' title='bbox 587 1461 643 1505; x_wconf 76' lang='lat'><strong>61,</strong></span> <span class='ocrx_word' id='word_1_118' title='bbox 656 1467 775 1495; x_wconf 87' lang='lat' dir='ltr'><strong>narrat</strong></span> <span class='ocrx_word' id='word_1_119' title='bbox 787 1486 796 1503; x_wconf 91' lang='lat'><strong>,</strong></span> <span class='ocrx_word' id='word_1_120' title='bbox 806 1459 843 1494; x_wconf 90' lang='lat' dir='ltr'><strong>in</strong></span> 
     </span>
     <span class='ocr_line' id='line_1_19' title="bbox 165 1513 842 1560; baseline -0.004 -11"><span class='ocrx_word' id='word_1_121' title='bbox 165 1513 232 1549; x_wconf 86' lang='lat' dir='ltr'><strong>hoc</strong></span> <span class='ocrx_word' id='word_1_122' title='bbox 254 1514 345 1549; x_wconf 89' lang='lat' dir='ltr'><strong>bello</strong></span> <span class='ocrx_word' id='word_1_123' title='bbox 370 1527 481 1560; x_wconf 86' lang='lat' dir='ltr'><strong>quum</strong></span> <span class='ocrx_word' id='word_1_124' title='bbox 506 1515 615 1548; x_wconf 83' lang='lat' dir='ltr'><strong>sames</strong></span> <span class='ocrx_word' id='word_1_125' title='bbox 634 1520 712 1547; x_wconf 84' lang='lat' dir='ltr'><strong>orta</strong></span> <span class='ocrx_word' id='word_1_126' title='bbox 731 1519 819 1547; x_wconf 87' lang='lat' dir='ltr'><strong>esset</strong></span> <span class='ocrx_word' id='word_1_127' title='bbox 833 1538 842 1555; x_wconf 94' lang='lat'><strong>,</strong></span> 
     </span>
     <span class='ocr_line' id='line_1_20' title="bbox 165 1565 845 1611; baseline -0.001 -11"><span class='ocrx_word' id='word_1_128' title='bbox 165 1565 401 1602; x_wconf 77' lang='lat' dir='ltr'><strong>Athenienses</strong></span> <span class='ocrx_word' id='word_1_129' title='bbox 421 1566 464 1601; x_wconf 87' lang='lat' dir='ltr'><strong>ab</strong></span> <span class='ocrx_word' id='word_1_130' title='bbox 489 1566 598 1601; x_wconf 87' lang='lat' dir='ltr'><strong>AEaco</strong></span> <span class='ocrx_word' id='word_1_131' title='bbox 618 1565 753 1611; x_wconf 87' lang='lat' dir='ltr'><strong>petiisse</strong></span> <span class='ocrx_word' id='word_1_132' title='bbox 770 1589 779 1606; x_wconf 95' lang='lat'><strong>,</strong></span> <span class='ocrx_word' id='word_1_133' title='bbox 805 1571 845 1599; x_wconf 92' lang='lat' dir='ltr'><strong>ut</strong></span> 
     </span>
     <span class='ocr_line' id='line_1_21' title="bbox 165 1616 844 1664; baseline -0.004 -10"><span class='ocrx_word' id='word_1_134' title='bbox 165 1630 271 1664; x_wconf 88' lang='lat' dir='ltr'><strong>opem</strong></span> <span class='ocrx_word' id='word_1_135' title='bbox 285 1618 348 1654; x_wconf 85' lang='lat' dir='ltr'><strong>sibi</strong></span> <span class='ocrx_word' id='word_1_136' title='bbox 367 1631 387 1654; x_wconf 82' lang='lat' dir='ltr'><strong>a</strong></span> <span class='ocrx_word' id='word_1_137' title='bbox 402 1618 479 1654; x_wconf 84' lang='lat' dir='ltr'><strong>Diis</strong></span> <span class='ocrx_word' id='word_1_138' title='bbox 500 1619 706 1664; x_wconf 82' lang='lat' dir='ltr'><strong>impetraret</strong></span> <span class='ocrx_word' id='word_1_139' title='bbox 723 1632 731 1652; x_wconf 81' lang='lat'>2</span> <span class='ocrx_word' id='word_1_140' title='bbox 749 1616 844 1663; x_wconf 88' lang='lat' dir='ltr'><strong>quod</strong></span> 
     </span>
     <span class='ocr_line' id='line_1_22' title="bbox 166 1669 845 1717; baseline -0.003 -11"><span class='ocrx_word' id='word_1_141' title='bbox 166 1671 334 1706; x_wconf 79' lang='lat' dir='ltr'><strong>Isocrates</strong></span> <span class='ocrx_word' id='word_1_142' title='bbox 345 1697 355 1715; x_wconf 92' lang='lat'><strong>,</strong></span> <span class='ocrx_word' id='word_1_143' title='bbox 382 1671 489 1717; x_wconf 77' lang='lat' dir='ltr'><strong>Evag.</strong></span> <span class='ocrx_word' id='word_1_144' title='bbox 511 1671 578 1715; x_wconf 88' lang='lat' dir='ltr'><strong>IV,</strong></span> <span class='ocrx_word' id='word_1_145' title='bbox 605 1670 649 1705; x_wconf 87' lang='lat' dir='ltr'><strong>de</strong></span> <span class='ocrx_word' id='word_1_146' title='bbox 675 1669 845 1705; x_wconf 87' lang='lat' dir='ltr'><strong>universis</strong></span> 
     </span>
     <span class='ocr_line' id='line_1_23' title="bbox 166 1720 846 1764; baseline -0.003 -8"><span class='ocrx_word' id='word_1_147' title='bbox 166 1720 846 1764; x_wconf 57' lang='lat' dir='ltr'><strong>Graecis&gt;tradit.—.Jura‚necessitudines.</strong></span> 
     </span>
     <span class='ocr_line' id='line_1_24' title="bbox 167 1773 850 1820; baseline -0.001 -12"><span class='ocrx_word' id='word_1_148' title='bbox 167 1773 320 1818; x_wconf 80' lang='lat' dir='ltr'><strong>Plinius,</strong></span> <span class='ocrx_word' id='word_1_149' title='bbox 339 1775 413 1810; x_wconf 88' lang='lat' dir='ltr'><strong>VII</strong></span> <span class='ocrx_word' id='word_1_150' title='bbox 424 1800 434 1818; x_wconf 96' lang='lat'><strong>‚</strong></span> <span class='ocrx_word' id='word_1_151' title='bbox 452 1775 518 1820; x_wconf 85' lang='lat' dir='ltr'><strong>Ep.</strong></span> <span class='ocrx_word' id='word_1_152' title='bbox 530 1785 560 1809; x_wconf 91' lang='lat'><strong>11</strong></span> <span class='ocrx_word' id='word_1_153' title='bbox 575 1801 584 1818; x_wconf 89' lang='lat'><strong>,</strong></span> <span class='ocrx_word' id='word_1_154' title='bbox 603 1776 624 1818; x_wconf 80' lang='grc'><em>4</em></span> <span class='ocrx_word' id='word_1_155' title='bbox 637 1801 647 1818; x_wconf 86' lang='grc'><strong>,</strong></span> <span class='ocrx_word' id='word_1_156' title='bbox 665 1775 751 1808; x_wconf 83' lang='lat' dir='ltr'><strong>Sunt</strong></span> <span class='ocrx_word' id='word_1_157' title='bbox 764 1775 850 1807; x_wconf 79' lang='lat' dir='ltr'><em>mihi</em></span> 
     </span>
     <span class='ocr_line' id='line_1_25' title="bbox 166 1827 739 1871; baseline -0.002 -10"><span class='ocrx_word' id='word_1_158' title='bbox 166 1829 202 1861; x_wconf 80' lang='lat' dir='ltr'><strong>et</strong></span> <span class='ocrx_word' id='word_1_159' title='bbox 213 1839 288 1861; x_wconf 85' lang='lat' dir='ltr'><strong>cum</strong></span> <span class='ocrx_word' id='word_1_160' title='bbox 302 1830 422 1861; x_wconf 79' lang='lat' dir='ltr'><strong>marito</strong></span> <span class='ocrx_word' id='word_1_161' title='bbox 436 1828 512 1871; x_wconf 85' lang='lat' dir='ltr'><strong>ejus</strong></span> <span class='ocrx_word' id='word_1_162' title='bbox 528 1831 639 1861; x_wconf 84' lang='lat' dir='ltr'><strong>vetera</strong></span> <span class='ocrx_word' id='word_1_163' title='bbox 644 1827 739 1870; x_wconf 86' lang='lat' dir='ltr'><strong>jura.</strong></span> 
     </span>
    </p>

    <p class='ocr_par' dir='ltr' id='par_1_15' title="bbox 168 1878 847 2021">
     <span class='ocr_line' id='line_1_26' title="bbox 213 1878 847 1925; baseline -0.005 -10"><span class='ocrx_word' id='word_1_164' title='bbox 213 1880 288 1915; x_wconf 79' lang='lat'><strong>506.</strong></span> <span class='ocrx_word' id='word_1_165' title='bbox 307 1881 450 1924; x_wconf 81' lang='lat' dir='ltr'><strong>Capulo,</strong></span> <span class='ocrx_word' id='word_1_166' title='bbox 470 1879 559 1925; x_wconf 85' lang='lat' dir='ltr'><strong>parti</strong></span> <span class='ocrx_word' id='word_1_167' title='bbox 575 1878 732 1913; x_wconf 79' lang='lat' dir='ltr'><strong>inferiori</strong></span> <span class='ocrx_word' id='word_1_168' title='bbox 748 1890 847 1923; x_wconf 86' lang='lat' dir='ltr'><strong>sce-p-</strong></span> 
     </span>
     <span class='ocr_line' id='line_1_27' title="bbox 169 1929 847 1977; baseline -0.004 -9"><span class='ocrx_word' id='word_1_169' title='bbox 169 1932 237 1976; x_wconf 88' lang='lat' dir='ltr'><strong>tri,</strong></span> <span class='ocrx_word' id='word_1_170' title='bbox 256 1943 334 1977; x_wconf 75' lang='lat' dir='ltr'><strong>quae</strong></span> <span class='ocrx_word' id='word_1_171' title='bbox 347 1944 456 1966; x_wconf 89' lang='lat' dir='ltr'><strong>manu</strong></span> <span class='ocrx_word' id='word_1_172' title='bbox 473 1931 671 1975; x_wconf 88' lang='lat' dir='ltr'><strong>tenebatur,</strong></span> <span class='ocrx_word' id='word_1_173' title='bbox 686 1929 847 1966; x_wconf 82' lang='lat' dir='ltr'><strong>sedentes</strong></span> 
     </span>
     <span class='ocr_line' id='line_1_28' title="bbox 168 1986 420 2021; baseline -0.004 0"><span class='ocrx_word' id='word_1_174' title='bbox 168 1986 420 2021; x_wconf 83' lang='lat' dir='ltr'><strong>innitebantur.</strong></span> 
     </span>
    </p>

    <p class='ocr_par' dir='ltr' id='par_1_16' title="bbox 169 2037 858 2819">
     <span class='ocr_line' id='line_1_29' title="bbox 213 2037 849 2078; baseline -0.005 -4"><span class='ocrx_word' id='word_1_175' title='bbox 213 2040 290 2075; x_wconf 85' lang='lat'><strong>508.</strong></span> <span class='ocrx_word' id='word_1_176' title='bbox 302 2040 374 2075; x_wconf 80' lang='lat' dir='ltr'><strong>Nec</strong></span> <span class='ocrx_word' id='word_1_177' title='bbox 385 2040 484 2073; x_wconf 83' lang='lat' dir='ltr'><strong>dubie</strong></span> <span class='ocrx_word' id='word_1_178' title='bbox 493 2066 500 2074; x_wconf 90' lang='lat'><strong>.</strong></span> <span class='ocrx_word' id='word_1_179' title='bbox 510 2064 517 2072; x_wconf 96' lang='lat'><strong>.</strong></span> <span class='ocrx_word' id='word_1_180' title='bbox 528 2064 537 2072; x_wconf 92' lang='lat'><strong>.</strong></span> <span class='ocrx_word' id='word_1_181' title='bbox 547 2039 675 2078; x_wconf 79' lang='lat' dir='ltr'><strong>ducite,</strong></span> <span class='ocrx_word' id='word_1_182' title='bbox 694 2050 767 2072; x_wconf 92' lang='lat' dir='ltr'><strong>non</strong></span> <span class='ocrx_word' id='word_1_183' title='bbox 781 2037 849 2072; x_wconf 88' lang='lat' dir='ltr'><strong>du-</strong></span> 
     </span>
     <span class='ocr_line' id='line_1_30' title="bbox 169 2090 849 2127; baseline -0.004 0"><span class='ocrx_word' id='word_1_184' title='bbox 169 2091 275 2127; x_wconf 85' lang='lat' dir='ltr'><strong>bitate</strong></span> <span class='ocrx_word' id='word_1_185' title='bbox 288 2090 426 2127; x_wconf 85' lang='lat' dir='ltr'><strong>ducere.</strong></span> <span class='ocrx_word' id='word_1_186' title='bbox 437 2090 483 2125; x_wconf 93' lang='lat' dir='ltr'><strong>Et</strong></span> <span class='ocrx_word' id='word_1_187' title='bbox 491 2090 719 2125; x_wconf 84' lang='lat' dir='ltr'><strong>Burmannus</strong></span> <span class='ocrx_word' id='word_1_188' title='bbox 730 2102 849 2124; x_wconf 90' lang='lat' dir='ltr'><strong>emen-</strong></span> 
     </span>
     <span class='ocr_line' id='line_1_31' title="bbox 172 2143 850 2187; baseline -0.004 -8"><span class='ocrx_word' id='word_1_189' title='bbox 172 2143 247 2179; x_wconf 86' lang='lat' dir='ltr'><strong>dari</strong></span> <span class='ocrx_word' id='word_1_190' title='bbox 263 2143 422 2187; x_wconf 84' lang='lat' dir='ltr'><strong>volebat,</strong></span> <span class='ocrx_word' id='word_1_191' title='bbox 441 2144 513 2180; x_wconf 87' lang='lat' dir='ltr'><strong>Nec</strong></span> <span class='ocrx_word' id='word_1_192' title='bbox 528 2144 645 2177; x_wconf 81' lang='lat' dir='ltr'><strong>dubita</strong></span> <span class='ocrx_word' id='word_1_193' title='bbox 657 2168 664 2176; x_wconf 94' lang='lat'><strong>.</strong></span> <span class='ocrx_word' id='word_1_194' title='bbox 676 2170 684 2178; x_wconf 94' lang='lat'><strong>.</strong></span> <span class='ocrx_word' id='word_1_195' title='bbox 698 2168 706 2176; x_wconf 95' lang='lat'><strong>.</strong></span> <span class='ocrx_word' id='word_1_196' title='bbox 722 2144 850 2177; x_wconf 81' lang='lat' dir='ltr'><strong>ducere.</strong></span> 
     </span>
     <span class='ocr_line' id='line_1_32' title="bbox 171 2194 848 2240; baseline -0.004 -9"><span class='ocrx_word' id='word_1_197' title='bbox 171 2195 288 2237; x_wconf 86' lang='lat' dir='ltr'><strong>Male;</strong></span> <span class='ocrx_word' id='word_1_198' title='bbox 305 2202 375 2230; x_wconf 86' lang='lat' dir='ltr'><strong>tres</strong></span> <span class='ocrx_word' id='word_1_199' title='bbox 393 2194 491 2230; x_wconf 88' lang='lat' dir='ltr'><strong>enim</strong></span> <span class='ocrx_word' id='word_1_200' title='bbox 504 2194 634 2240; x_wconf 83' lang='lat' dir='ltr'><strong>legatos</strong></span> <span class='ocrx_word' id='word_1_201' title='bbox 649 2194 848 2240; x_wconf 85' lang='lat' dir='ltr'><strong>alloquitur,</strong></span> 
     </span>
     <span class='ocr_line' id='line_1_33' title="bbox 171 2246 850 2293; baseline -0.004 -10"><span class='ocrx_word' id='word_1_202' title='bbox 171 2255 208 2283; x_wconf 90' lang='lat' dir='ltr'><strong>et</strong></span> <span class='ocrx_word' id='word_1_203' title='bbox 225 2247 395 2293; x_wconf 76' lang='lat' dir='ltr'><strong>praecessit</strong></span> <span class='ocrx_word' id='word_1_204' title='bbox 406 2251 524 2292; x_wconf 83' lang='lat' dir='ltr'><strong>petite,</strong></span> <span class='ocrx_word' id='word_1_205' title='bbox 545 2250 673 2281; x_wconf 78' lang='lat' dir='ltr'><strong>sumite.</strong></span> <span class='ocrx_word' id='word_1_206' title='bbox 687 2265 732 2272; x_wconf 92' lang='lat'><strong>—-</strong></span> <span class='ocrx_word' id='word_1_207' title='bbox 748 2246 850 2291; x_wconf 86' lang='lat' dir='ltr'><strong>Qui-</strong></span> 
     </span>
     <span class='ocr_line' id='line_1_34' title="bbox 172 2297 850 2345; baseline -0.003 -11"><span class='ocrx_word' id='word_1_208' title='bbox 172 2298 254 2334; x_wconf 84' lang='lat' dir='ltr'><strong>dam</strong></span> <span class='ocrx_word' id='word_1_209' title='bbox 263 2325 273 2343; x_wconf 93' lang='lat'><strong>,</strong></span> <span class='ocrx_word' id='word_1_210' title='bbox 284 2311 348 2345; x_wconf 84' lang='lat' dir='ltr'><strong>pro</strong></span> <span class='ocrx_word' id='word_1_211' title='bbox 359 2301 480 2340; x_wconf 81' lang='lat' dir='ltr'><strong>ducite,</strong></span> <span class='ocrx_word' id='word_1_212' title='bbox 495 2298 624 2333; x_wconf 86' lang='lat' dir='ltr'><strong>habent</strong></span> <span class='ocrx_word' id='word_1_213' title='bbox 633 2300 745 2341; x_wconf 56' lang='lat' dir='ltr'><strong>dicae,</strong></span> <span class='ocrx_word' id='word_1_214' title='bbox 756 2297 850 2344; x_wconf 90' lang='lat' dir='ltr'><strong>quod</strong></span> 
     </span>
     <span class='ocr_line' id='line_1_35' title="bbox 173 2349 851 2396; baseline 0 -11"><span class='ocrx_word' id='word_1_215' title='bbox 173 2349 331 2385; x_wconf 84' lang='lat' dir='ltr'><strong>defendit</strong></span> <span class='ocrx_word' id='word_1_216' title='bbox 356 2350 568 2396; x_wconf 80' lang='lat' dir='ltr'><strong>Zinzerling.</strong></span> <span class='ocrx_word' id='word_1_217' title='bbox 598 2351 771 2385; x_wconf 88' lang='lat' dir='ltr'><strong>Promuls.</strong></span> <span class='ocrx_word' id='word_1_218' title='bbox 798 2364 851 2385; x_wconf 84' lang='lat'><strong>21.</strong></span> 
     </span>
     <span class='ocr_line' id='line_1_36' title="bbox 173 2402 853 2449; baseline 0.001 -12"><span class='ocrx_word' id='word_1_219' title='bbox 173 2421 217 2428; x_wconf 89' lang='lat'>—</span> <span class='ocrx_word' id='word_1_220' title='bbox 230 2402 376 2438; x_wconf 83' lang='lat' dir='ltr'><strong>Etiamsi</strong></span> <span class='ocrx_word' id='word_1_221' title='bbox 392 2403 492 2449; x_wconf 86' lang='lat' dir='ltr'><strong>Regii</strong></span> <span class='ocrx_word' id='word_1_222' title='bbox 508 2403 619 2438; x_wconf 85' lang='lat' dir='ltr'><strong>nostri</strong></span> <span class='ocrx_word' id='word_1_223' title='bbox 634 2416 773 2449; x_wconf 88' lang='lat' dir='ltr'><strong>quoque</strong></span> <span class='ocrx_word' id='word_1_224' title='bbox 789 2403 853 2438; x_wconf 83' lang='lat' dir='ltr'><strong>ha-</strong></span> 
     </span>
     <span class='ocr_line' id='line_1_37' title="bbox 174 2454 852 2496; baseline 0 -6"><span class='ocrx_word' id='word_1_225' title='bbox 174 2454 281 2490; x_wconf 82' lang='lat' dir='ltr'><strong>beant</strong></span> <span class='ocrx_word' id='word_1_226' title='bbox 294 2457 415 2496; x_wconf 64' lang='lat' dir='ltr'><strong>dez-ue,</strong></span> <span class='ocrx_word' id='word_1_227' title='bbox 444 2462 599 2491; x_wconf 82' lang='lat' dir='ltr'><strong>attamen</strong></span> <span class='ocrx_word' id='word_1_228' title='bbox 615 2458 726 2491; x_wconf 84' lang='lat' dir='ltr'><strong>ducite</strong></span> <span class='ocrx_word' id='word_1_229' title='bbox 739 2456 852 2491; x_wconf 87' lang='lat' dir='ltr'><strong>verius</strong></span> 
     </span>
     <span class='ocr_line' id='line_1_38' title="bbox 175 2507 854 2555; baseline 0.001 -13"><span class='ocrx_word' id='word_1_230' title='bbox 175 2507 275 2543; x_wconf 83' lang='lat' dir='ltr'><strong>nobis</strong></span> <span class='ocrx_word' id='word_1_231' title='bbox 289 2507 437 2544; x_wconf 80' lang='lat' dir='ltr'><strong>videtur.</strong></span> <span class='ocrx_word' id='word_1_232' title='bbox 449 2510 564 2543; x_wconf 85' lang='lat' dir='ltr'><strong>Ed.——</strong></span> <span class='ocrx_word' id='word_1_233' title='bbox 575 2508 767 2555; x_wconf 88' lang='lat' dir='ltr'><strong>Sequentia</strong></span> <span class='ocrx_word' id='word_1_234' title='bbox 781 2523 854 2543; x_wconf 84' lang='lat' dir='ltr'><strong>om-</strong></span> 
     </span>
     <span class='ocr_line' id='line_1_39' title="bbox 175 2561 854 2596; baseline 0.004 -3"><span class='ocrx_word' id='word_1_235' title='bbox 175 2562 230 2594; x_wconf 86' lang='lat' dir='ltr'><strong>m&#39;s</strong></span> <span class='ocrx_word' id='word_1_236' title='bbox 246 2585 255 2593; x_wconf 87' lang='lat'><strong>.</strong></span> <span class='ocrx_word' id='word_1_237' title='bbox 272 2586 280 2593; x_wconf 92' lang='lat'><strong>.</strong></span> <span class='ocrx_word' id='word_1_238' title='bbox 299 2586 307 2593; x_wconf 93' lang='lat'><strong>.</strong></span> <span class='ocrx_word' id='word_1_239' title='bbox 329 2572 474 2595; x_wconf 80' lang='lat' dir='ltr'><strong>mearum</strong></span> <span class='ocrx_word' id='word_1_240' title='bbox 501 2561 697 2596; x_wconf 86' lang='lat' dir='ltr'><strong>molestiam</strong></span> <span class='ocrx_word' id='word_1_241' title='bbox 724 2568 854 2596; x_wconf 88' lang='lat' dir='ltr'><strong>creant.</strong></span> 
     </span>
     <span class='ocr_line' id='line_1_40' title="bbox 178 2611 854 2658; baseline 0.003 -12"><span class='ocrx_word' id='word_1_242' title='bbox 178 2611 346 2647; x_wconf 75' lang='lat' dir='ltr'><strong>Heinsius</strong></span> <span class='ocrx_word' id='word_1_243' title='bbox 354 2613 571 2657; x_wconf 84' lang='lat' dir='ltr'><strong>conjecturat</strong></span> <span class='ocrx_word' id='word_1_244' title='bbox 583 2617 720 2654; x_wconf 78' lang='lat' dir='ltr'><strong>comnis,</strong></span> <span class='ocrx_word' id='word_1_245' title='bbox 737 2613 772 2648; x_wconf 82' lang='lat' dir='ltr'><strong>id</strong></span> <span class='ocrx_word' id='word_1_246' title='bbox 782 2620 834 2648; x_wconf 87' lang='lat' dir='ltr'><strong>est</strong></span> <span class='ocrx_word' id='word_1_247' title='bbox 844 2640 854 2658; x_wconf 85' lang='lat'><strong><em>‚</em></strong></span> 
     </span>
     <span class='ocr_line' id='line_1_41' title="bbox 176 2667 855 2711; baseline 0.003 -12"><span class='ocrx_word' id='word_1_248' title='bbox 176 2668 359 2700; x_wconf 78' lang='lat' dir='ltr'><strong>communis</strong></span> <span class='ocrx_word' id='word_1_249' title='bbox 368 2679 470 2700; x_wconf 82' lang='lat' dir='ltr'><strong>rerum</strong></span> <span class='ocrx_word' id='word_1_250' title='bbox 479 2670 601 2708; x_wconf 85' lang='lat' dir='ltr'><strong>status‚·</strong></span> <span class='ocrx_word' id='word_1_251' title='bbox 614 2667 799 2701; x_wconf 87' lang='lat' dir='ltr'><strong>Burmann</strong></span> <span class='ocrx_word' id='word_1_252' title='bbox 803 2680 855 2711; x_wconf 90' lang='lat' dir='ltr'><strong>us,</strong></span> 
     </span>
     <span class='ocr_line' id='line_1_42' title="bbox 176 2721 858 2760; baseline 0.001 -8"><span class='ocrx_word' id='word_1_253' title='bbox 176 2722 212 2752; x_wconf 79' lang='lat' dir='ltr'><strong>et</strong></span> <span class='ocrx_word' id='word_1_254' title='bbox 219 2745 228 2760; x_wconf 92' lang='lat'><strong>,</strong></span> <span class='ocrx_word' id='word_1_255' title='bbox 244 2723 283 2752; x_wconf 87' lang='lat' dir='ltr'><strong>ut</strong></span> <span class='ocrx_word' id='word_1_256' title='bbox 295 2731 400 2753; x_wconf 81' lang='lat' dir='ltr'><strong>rerum</strong></span> <span class='ocrx_word' id='word_1_257' title='bbox 415 2731 504 2752; x_wconf 78' lang='lat' dir='ltr'><strong>nunc</strong></span> <span class='ocrx_word' id='word_1_258' title='bbox 516 2723 571 2753; x_wconf 85' lang='lat' dir='ltr'><strong>est</strong></span> <span class='ocrx_word' id='word_1_259' title='bbox 577 2723 688 2753; x_wconf 85' lang='lat' dir='ltr'><strong>status</strong></span> <span class='ocrx_word' id='word_1_260' title='bbox 699 2721 757 2753; x_wconf 80' lang='lat' dir='ltr'><strong>ille</strong></span> <span class='ocrx_word' id='word_1_261' title='bbox 768 2732 858 2753; x_wconf 82' lang='lat' dir='ltr'><strong>mea-</strong></span> 
     </span>
     <span class='ocr_line' id='line_1_43' title="bbox 177 2772 857 2819; baseline 0.003 -13"><span class='ocrx_word' id='word_1_262' title='bbox 177 2784 258 2806; x_wconf 84' lang='lat' dir='ltr'><strong>rum.</strong></span> <span class='ocrx_word' id='word_1_263' title='bbox 277 2772 397 2807; x_wconf 84' lang='lat' dir='ltr'><strong>Potest</strong></span> <span class='ocrx_word' id='word_1_264' title='bbox 408 2777 526 2807; x_wconf 82' lang='lat' dir='ltr'><strong>tamen</strong></span> <span class='ocrx_word' id='word_1_265' title='bbox 538 2772 675 2819; x_wconf 80' lang='lat' dir='ltr'><strong>vulgata</strong></span> <span class='ocrx_word' id='word_1_266' title='bbox 686 2772 787 2808; x_wconf 89' lang='lat' dir='ltr'><strong>lectio</strong></span> <span class='ocrx_word' id='word_1_267' title='bbox 799 2779 857 2808; x_wconf 91' lang='lat' dir='ltr'><strong>ut-</strong></span> 
     </span>
    </p>
   </div>
   <div class='ocr_carea' id='block_1_11' title="bbox 908 1352 1611 2810">
    <p class='ocr_par' dir='ltr' id='par_1_17' title="bbox 908 1352 1598 1918">
     <span class='ocr_line' id='line_1_44' title="bbox 908 1352 1595 1400; baseline -0.001 -12"><span class='ocrx_word' id='word_1_268' title='bbox 908 1365 1059 1400; x_wconf 89' lang='lat' dir='ltr'><strong>cumque</strong></span> <span class='ocrx_word' id='word_1_269' title='bbox 1069 1352 1238 1398; x_wconf 78' lang='lat' dir='ltr'><strong>explicari.</strong></span> <span class='ocrx_word' id='word_1_270' title='bbox 1248 1354 1365 1387; x_wconf 82' lang='lat' dir='ltr'><strong>Status</strong></span> <span class='ocrx_word' id='word_1_271' title='bbox 1371 1365 1475 1387; x_wconf 81' lang='lat' dir='ltr'><strong>rerum</strong></span> <span class='ocrx_word' id='word_1_272' title='bbox 1484 1365 1595 1398; x_wconf 91' lang='lat' dir='ltr'><strong>quum</strong></span> 
     </span>
     <span class='ocr_line' id='line_1_45' title="bbox 908 1404 1596 1451; baseline 0.001 -12"><span class='ocrx_word' id='word_1_273' title='bbox 908 1406 1057 1439; x_wconf 91' lang='lat' dir='ltr'><strong>omnino</strong></span> <span class='ocrx_word' id='word_1_274' title='bbox 1083 1405 1127 1440; x_wconf 88' lang='lat' dir='ltr'><strong>sit</strong></span> <span class='ocrx_word' id='word_1_275' title='bbox 1152 1405 1252 1450; x_wconf 82' lang='lat' dir='ltr'><strong>regni</strong></span> <span class='ocrx_word' id='word_1_276' title='bbox 1274 1404 1431 1440; x_wconf 89' lang='lat' dir='ltr'><strong>conditio</strong></span> <span class='ocrx_word' id='word_1_277' title='bbox 1443 1431 1453 1449; x_wconf 90' lang='lat'><strong>,</strong></span> <span class='ocrx_word' id='word_1_278' title='bbox 1481 1412 1596 1451; x_wconf 87' lang='lat' dir='ltr'><strong>potest</strong></span> 
     </span>
     <span class='ocr_line' id='line_1_46' title="bbox 908 1458 1594 1505; baseline 0 -12"><span class='ocrx_word' id='word_1_279' title='bbox 908 1459 1017 1493; x_wconf 86' lang='lat' dir='ltr'><strong>etiam</strong></span> <span class='ocrx_word' id='word_1_280' title='bbox 1027 1458 1070 1493; x_wconf 91' lang='lat' dir='ltr'><strong>de</strong></span> <span class='ocrx_word' id='word_1_281' title='bbox 1083 1459 1189 1504; x_wconf 89' lang='lat' dir='ltr'><strong>copiis</strong></span> <span class='ocrx_word' id='word_1_282' title='bbox 1205 1459 1411 1494; x_wconf 88' lang='lat' dir='ltr'><strong>militaribus</strong></span> <span class='ocrx_word' id='word_1_283' title='bbox 1427 1459 1594 1505; x_wconf 83' lang='lat' dir='ltr'><strong>intelligi,</strong></span> 
     </span>
     <span class='ocr_line' id='line_1_47' title="bbox 909 1510 1595 1556; baseline 0.001 -12"><span class='ocrx_word' id='word_1_284' title='bbox 909 1517 946 1545; x_wconf 84' lang='lat' dir='ltr'><strong>et</strong></span> <span class='ocrx_word' id='word_1_285' title='bbox 957 1513 1004 1545; x_wconf 76' lang='lat' dir='ltr'><strong>ite</strong></span> <span class='ocrx_word' id='word_1_286' title='bbox 1018 1510 1061 1544; x_wconf 86' lang='lat' dir='ltr'><strong>de</strong></span> <span class='ocrx_word' id='word_1_287' title='bbox 1076 1511 1229 1545; x_wconf 77' lang='lat' dir='ltr'><strong>exercitu</strong></span> <span class='ocrx_word' id='word_1_288' title='bbox 1243 1510 1484 1556; x_wconf 87' lang='lat' dir='ltr'><strong>proficiscente</strong></span> <span class='ocrx_word' id='word_1_289' title='bbox 1499 1517 1595 1545; x_wconf 85' lang='lat' dir='ltr'><strong>recte</strong></span> 
     </span>
     <span class='ocr_line' id='line_1_48' title="bbox 909 1562 1591 1609; baseline 0.001 -12"><span class='ocrx_word' id='word_1_290' title='bbox 909 1563 1038 1598; x_wconf 89' lang='lat' dir='ltr'><strong>dicitur</strong></span> <span class='ocrx_word' id='word_1_291' title='bbox 1055 1575 1064 1597; x_wconf 78' lang='lat' dir='ltr'><strong>t</strong></span> <span class='ocrx_word' id='word_1_292' title='bbox 1081 1562 1150 1598; x_wconf 81' lang='lat' dir='ltr'><strong>vid.</strong></span> <span class='ocrx_word' id='word_1_293' title='bbox 1170 1562 1314 1598; x_wconf 86' lang='lat' dir='ltr'><strong>Cornel.</strong></span> <span class='ocrx_word' id='word_1_294' title='bbox 1333 1564 1470 1608; x_wconf 89' lang='lat' dir='ltr'><strong>Nepos,</strong></span> <span class='ocrx_word' id='word_1_295' title='bbox 1486 1563 1591 1609; x_wconf 78' lang='lat' dir='ltr'><strong>Ages-</strong></span> 
     </span>
     <span class='ocr_line' id='line_1_49' title="bbox 912 1616 1597 1662; baseline 0 -11"><span class='ocrx_word' id='word_1_296' title='bbox 912 1617 967 1652; x_wconf 85' lang='grc' dir='ltr'><strong>ΙΙΙ</strong></span> <span class='ocrx_word' id='word_1_297' title='bbox 976 1642 986 1660; x_wconf 87' lang='grc'><em>,</em></span> <span class='ocrx_word' id='word_1_298' title='bbox 1004 1617 1166 1662; x_wconf 90' lang='lat' dir='ltr'><strong>5.Neque</strong></span> <span class='ocrx_word' id='word_1_299' title='bbox 1177 1616 1244 1651; x_wconf 90' lang='lat' dir='ltr'><strong>hoc</strong></span> <span class='ocrx_word' id='word_1_300' title='bbox 1257 1630 1322 1652; x_wconf 88' lang='lat' dir='ltr'><strong>nos</strong></span> <span class='ocrx_word' id='word_1_301' title='bbox 1339 1616 1519 1652; x_wconf 82' lang='lat' dir='ltr'><strong>offendere</strong></span> <span class='ocrx_word' id='word_1_302' title='bbox 1531 1617 1597 1651; x_wconf 86' lang='lat' dir='ltr'><strong>de·-</strong></span> 
     </span>
     <span class='ocr_line' id='line_1_50' title="bbox 909 1671 1595 1717; baseline 0.001 -12"><span class='ocrx_word' id='word_1_303' title='bbox 909 1671 969 1706; x_wconf 90' lang='lat' dir='ltr'><strong>bet</strong></span> <span class='ocrx_word' id='word_1_304' title='bbox 986 1697 996 1715; x_wconf 90' lang='lat'><strong>,</strong></span> <span class='ocrx_word' id='word_1_305' title='bbox 1026 1671 1120 1716; x_wconf 88' lang='lat' dir='ltr'><strong>quod</strong></span> <span class='ocrx_word' id='word_1_306' title='bbox 1147 1684 1273 1706; x_wconf 88' lang='lat' dir='ltr'><strong>omnes</strong></span> <span class='ocrx_word' id='word_1_307' title='bbox 1298 1685 1377 1706; x_wconf 92' lang='lat' dir='ltr'><strong>suas</strong></span> <span class='ocrx_word' id='word_1_308' title='bbox 1402 1672 1517 1717; x_wconf 90' lang='lat' dir='ltr'><strong>copias</strong></span> <span class='ocrx_word' id='word_1_309' title='bbox 1542 1672 1595 1706; x_wconf 87' lang='lat' dir='ltr'><strong>ire</strong></span> 
     </span>
     <span class='ocr_line' id='line_1_51' title="bbox 909 1725 1594 1767; baseline 0 -8"><span class='ocrx_word' id='word_1_310' title='bbox 909 1725 1002 1767; x_wconf 86' lang='lat' dir='ltr'><strong>vult;</strong></span> <span class='ocrx_word' id='word_1_311' title='bbox 1024 1725 1052 1760; x_wconf 93' lang='lat' dir='ltr'><strong>is</strong></span> <span class='ocrx_word' id='word_1_312' title='bbox 1070 1726 1167 1759; x_wconf 88' lang='lat' dir='ltr'><strong>enim</strong></span> <span class='ocrx_word' id='word_1_313' title='bbox 1183 1738 1303 1759; x_wconf 86' lang='lat' dir='ltr'><strong>seusus</strong></span> <span class='ocrx_word' id='word_1_314' title='bbox 1319 1725 1410 1759; x_wconf 91' lang='lat' dir='ltr'><strong>bene</strong></span> <span class='ocrx_word' id='word_1_315' title='bbox 1427 1725 1594 1760; x_wconf 84' lang='lat' dir='ltr'><strong>convenit</strong></span> 
     </span>
     <span class='ocr_line' id='line_1_52' title="bbox 912 1777 1598 1821; baseline -0.001 -9"><span class='ocrx_word' id='word_1_316' title='bbox 912 1777 1211 1820; x_wconf 84' lang='lat' dir='ltr'><strong>antecedentibus,</strong></span> <span class='ocrx_word' id='word_1_317' title='bbox 1231 1779 1282 1812; x_wconf 83' lang='lat' dir='ltr'><strong>Ne</strong></span> <span class='ocrx_word' id='word_1_318' title='bbox 1291 1780 1398 1821; x_wconf 81' lang='lat' dir='ltr'><strong>petite</strong></span> <span class='ocrx_word' id='word_1_319' title='bbox 1408 1803 1416 1812; x_wconf 91' lang='lat'><strong>.</strong></span> <span class='ocrx_word' id='word_1_320' title='bbox 1428 1803 1436 1811; x_wconf 93' lang='lat'><strong>.</strong></span> <span class='ocrx_word' id='word_1_321' title='bbox 1449 1804 1456 1811; x_wconf 94' lang='lat'><strong>.</strong></span> <span class='ocrx_word' id='word_1_322' title='bbox 1466 1779 1598 1812; x_wconf 78' lang='lat' dir='ltr'><strong>ducite:</strong></span> 
     </span>
     <span class='ocr_line' id='line_1_53' title="bbox 911 1829 1597 1876; baseline -0.001 -11"><span class='ocrx_word' id='word_1_323' title='bbox 911 1838 947 1865; x_wconf 88' lang='lat' dir='ltr'><strong>et</strong></span> <span class='ocrx_word' id='word_1_324' title='bbox 963 1836 1100 1876; x_wconf 81' lang='lat' dir='ltr'><strong>poterat</strong></span> <span class='ocrx_word' id='word_1_325' title='bbox 1115 1829 1151 1864; x_wconf 89' lang='lat' dir='ltr'><strong>in</strong></span> <span class='ocrx_word' id='word_1_326' title='bbox 1170 1837 1266 1864; x_wconf 84' lang='lat' dir='ltr'><strong>tanta</strong></span> <span class='ocrx_word' id='word_1_327' title='bbox 1277 1842 1422 1864; x_wconf 90' lang='lat' dir='ltr'><strong>suorum</strong></span> <span class='ocrx_word' id='word_1_328' title='bbox 1434 1830 1597 1864; x_wconf 88' lang='lat' dir='ltr'><strong>multitu-</strong></span> 
     </span>
     <span class='ocr_line' id='line_1_54' title="bbox 913 1883 1597 1918; baseline 0 -1"><span class='ocrx_word' id='word_1_329' title='bbox 913 1883 994 1918; x_wconf 89' lang='lat' dir='ltr'><strong>dine</strong></span> <span class='ocrx_word' id='word_1_330' title='bbox 1003 1895 1112 1917; x_wconf 89' lang='lat' dir='ltr'><strong>novos</strong></span> <span class='ocrx_word' id='word_1_331' title='bbox 1120 1883 1217 1917; x_wconf 81' lang='lat' dir='ltr'><strong>facile</strong></span> <span class='ocrx_word' id='word_1_332' title='bbox 1229 1883 1356 1918; x_wconf 84' lang='lat' dir='ltr'><strong>milites</strong></span> <span class='ocrx_word' id='word_1_333' title='bbox 1365 1883 1597 1918; x_wconf 87' lang='lat' dir='ltr'><strong>conscribere.</strong></span> 
     </span>
    </p>

    <p class='ocr_par' dir='ltr' id='par_1_18' title="bbox 913 1935 1604 2767">
     <span class='ocr_line' id='line_1_55' title="bbox 958 1935 1597 1979; baseline 0 -10"><span class='ocrx_word' id='word_1_334' title='bbox 958 1938 1032 1970; x_wconf 80' lang='lat'><strong>510.</strong></span> <span class='ocrx_word' id='word_1_335' title='bbox 1051 1937 1194 1979; x_wconf 79' lang='lat' dir='ltr'><strong>Superat</strong></span> <span class='ocrx_word' id='word_1_336' title='bbox 1205 1962 1213 1969; x_wconf 90' lang='lat'><strong>.</strong></span> <span class='ocrx_word' id='word_1_337' title='bbox 1227 1962 1234 1968; x_wconf 95' lang='lat'><strong>.</strong></span> <span class='ocrx_word' id='word_1_338' title='bbox 1246 1961 1254 1969; x_wconf 92' lang='lat'><strong>.</strong></span> <span class='ocrx_word' id='word_1_339' title='bbox 1273 1937 1373 1969; x_wconf 75' lang='lat' dir='ltr'><strong>hosti.</strong></span> <span class='ocrx_word' id='word_1_340' title='bbox 1389 1935 1476 1970; x_wconf 81' lang='lat' dir='ltr'><strong>Haec</strong></span> <span class='ocrx_word' id='word_1_341' title='bbox 1493 1935 1597 1969; x_wconf 86' lang='lat' dir='ltr'><strong>verba</strong></span> 
     </span>
     <span class='ocr_line' id='line_1_56' title="bbox 913 1985 1597 2032; baseline 0 -12"><span class='ocrx_word' id='word_1_342' title='bbox 913 1986 966 2020; x_wconf 86' lang='lat' dir='ltr'><strong>vir</strong></span> <span class='ocrx_word' id='word_1_343' title='bbox 981 1985 1103 2022; x_wconf 88' lang='lat' dir='ltr'><strong>doctus</strong></span> <span class='ocrx_word' id='word_1_344' title='bbox 1121 1986 1158 2020; x_wconf 90' lang='lat' dir='ltr'><strong>in</strong></span> <span class='ocrx_word' id='word_1_345' title='bbox 1175 1985 1326 2032; x_wconf 86' lang='lat' dir='ltr'><strong>Ephem.</strong></span> <span class='ocrx_word' id='word_1_346' title='bbox 1346 1986 1395 2021; x_wconf 89' lang='lat' dir='ltr'><strong>lit.</strong></span> <span class='ocrx_word' id='word_1_347' title='bbox 1412 1986 1494 2020; x_wconf 89' lang='lat' dir='ltr'><strong>Jen.</strong></span> <span class='ocrx_word' id='word_1_348' title='bbox 1513 1986 1597 2021; x_wconf 90' lang='lat' dir='ltr'><strong>anni</strong></span> 
     </span>
     <span class='ocr_line' id='line_1_57' title="bbox 918 2038 1599 2085; baseline 0.001 -13"><span class='ocrx_word' id='word_1_349' title='bbox 918 2039 1000 2085; x_wconf 81' lang='lat'><strong>1793</strong></span> <span class='ocrx_word' id='word_1_350' title='bbox 1013 2065 1022 2082; x_wconf 95' lang='lat'>‚</span> <span class='ocrx_word' id='word_1_351' title='bbox 1054 2051 1090 2072; x_wconf 90' lang='lat' dir='ltr'><strong>n.</strong></span> <span class='ocrx_word' id='word_1_352' title='bbox 1117 2039 1182 2073; x_wconf 79' lang='lat'><strong>280</strong></span> <span class='ocrx_word' id='word_1_353' title='bbox 1196 2064 1205 2082; x_wconf 95' lang='lat'><strong>,</strong></span> <span class='ocrx_word' id='word_1_354' title='bbox 1236 2045 1356 2084; x_wconf 85' lang='lat' dir='ltr'><strong>argute</strong></span> <span class='ocrx_word' id='word_1_355' title='bbox 1384 2045 1420 2073; x_wconf 90' lang='lat' dir='ltr'><strong>et</strong></span> <span class='ocrx_word' id='word_1_356' title='bbox 1445 2038 1599 2073; x_wconf 87' lang='lat' dir='ltr'><strong>breviter</strong></span> 
     </span>
     <span class='ocr_line' id='line_1_58' title="bbox 914 2090 1599 2136; baseline 0 -11"><span class='ocrx_word' id='word_1_357' title='bbox 914 2090 1004 2125; x_wconf 88' lang='lat' dir='ltr'><strong>dicta</strong></span> <span class='ocrx_word' id='word_1_358' title='bbox 1014 2097 1124 2136; x_wconf 86' lang='lat' dir='ltr'><strong>putat,</strong></span> <span class='ocrx_word' id='word_1_359' title='bbox 1137 2098 1176 2125; x_wconf 90' lang='lat' dir='ltr'><strong>ut</strong></span> <span class='ocrx_word' id='word_1_360' title='bbox 1189 2091 1332 2136; x_wconf 82' lang='lat' dir='ltr'><strong>intellig.</strong></span> <span class='ocrx_word' id='word_1_361' title='bbox 1347 2098 1488 2136; x_wconf 83' lang='lat' dir='ltr'><strong>superat</strong></span> <span class='ocrx_word' id='word_1_362' title='bbox 1500 2091 1599 2126; x_wconf 87' lang='lat' dir='ltr'><strong>miles</strong></span> 
     </span>
     <span class='ocr_line' id='line_1_59' title="bbox 914 2143 1597 2189; baseline 0.001 -11"><span class='ocrx_word' id='word_1_363' title='bbox 914 2146 1014 2184; x_wconf 75' lang='lat' dir='ltr'><em>mihi,</em></span> <span class='ocrx_word' id='word_1_364' title='bbox 1033 2144 1075 2179; x_wconf 88' lang='lat' dir='ltr'><strong>ad</strong></span> <span class='ocrx_word' id='word_1_365' title='bbox 1085 2157 1142 2179; x_wconf 88' lang='lat' dir='ltr'><strong>me</strong></span> <span class='ocrx_word' id='word_1_366' title='bbox 1155 2143 1421 2179; x_wconf 81' lang='lat' dir='ltr'><strong>defendendum</strong></span> <span class='ocrx_word' id='word_1_367' title='bbox 1431 2172 1441 2189; x_wconf 88' lang='lat'><strong>,</strong></span> <span class='ocrx_word' id='word_1_368' title='bbox 1453 2150 1488 2179; x_wconf 82' lang='lat' dir='ltr'><strong>et</strong></span> <span class='ocrx_word' id='word_1_369' title='bbox 1495 2148 1597 2186; x_wconf 78' lang='lat' dir='ltr'><strong>hosti,</strong></span> 
     </span>
     <span class='ocr_line' id='line_1_60' title="bbox 916 2198 1597 2244; baseline 0.001 -12"><span class='ocrx_word' id='word_1_370' title='bbox 916 2205 952 2232; x_wconf 88' lang='lat' dir='ltr'><strong>et</strong></span> <span class='ocrx_word' id='word_1_371' title='bbox 966 2198 1007 2233; x_wconf 88' lang='lat' dir='ltr'><strong>ad</strong></span> <span class='ocrx_word' id='word_1_372' title='bbox 1020 2198 1156 2234; x_wconf 86' lang='lat' dir='ltr'><strong>hostem</strong></span> <span class='ocrx_word' id='word_1_373' title='bbox 1168 2198 1461 2244; x_wconf 86' lang='lat' dir='ltr'><strong>impugnandum.</strong></span> <span class='ocrx_word' id='word_1_374' title='bbox 1479 2198 1597 2233; x_wconf 87' lang='lat' dir='ltr'><strong>Etiam</strong></span> 
     </span>
     <span class='ocr_line' id='line_1_61' title="bbox 916 2250 1600 2295; baseline 0.001 -11"><span class='ocrx_word' id='word_1_375' title='bbox 916 2250 1066 2285; x_wconf 81' lang='lat' dir='ltr'><strong>Lenzius</strong></span> <span class='ocrx_word' id='word_1_376' title='bbox 1078 2250 1335 2295; x_wconf 82' lang='lat' dir='ltr'><strong>hostiexplicat,</strong></span> <span class='ocrx_word' id='word_1_377' title='bbox 1349 2250 1512 2285; x_wconf 89' lang='lat' dir='ltr'><strong>adversus</strong></span> <span class='ocrx_word' id='word_1_378' title='bbox 1523 2250 1600 2285; x_wconf 85' lang='lat' dir='ltr'><strong>hos-</strong></span> 
     </span>
     <span class='ocr_line' id='line_1_62' title="bbox 917 2301 1600 2349; baseline 0.001 -14"><span class='ocrx_word' id='word_1_379' title='bbox 917 2308 1000 2336; x_wconf 90' lang='lat' dir='ltr'><strong>tem.</strong></span> <span class='ocrx_word' id='word_1_380' title='bbox 1028 2301 1097 2336; x_wconf 82' lang='lat' dir='ltr'><strong>Alii</strong></span> <span class='ocrx_word' id='word_1_381' title='bbox 1118 2301 1160 2336; x_wconf 87' lang='lat' dir='ltr'><strong>de</strong></span> <span class='ocrx_word' id='word_1_382' title='bbox 1183 2302 1258 2336; x_wconf 86' lang='lat' dir='ltr'><strong>loco</strong></span> <span class='ocrx_word' id='word_1_383' title='bbox 1281 2301 1439 2336; x_wconf 87' lang='lat' dir='ltr'><strong>sanando</strong></span> <span class='ocrx_word' id='word_1_384' title='bbox 1461 2303 1600 2349; x_wconf 85' lang='lat' dir='ltr'><strong>cogita-</strong></span> 
     </span>
     <span class='ocr_line' id='line_1_63' title="bbox 917 2353 1602 2398; baseline 0.001 -11"><span class='ocrx_word' id='word_1_385' title='bbox 917 2360 1020 2388; x_wconf 88' lang='lat' dir='ltr'><strong>runt:</strong></span> <span class='ocrx_word' id='word_1_386' title='bbox 1038 2353 1205 2389; x_wconf 87' lang='lat' dir='ltr'><strong>Heinsius</strong></span> <span class='ocrx_word' id='word_1_387' title='bbox 1219 2380 1228 2397; x_wconf 89' lang='lat'><strong>,</strong></span> <span class='ocrx_word' id='word_1_388' title='bbox 1251 2355 1393 2398; x_wconf 81' lang='lat' dir='ltr'><strong>Superat</strong></span> <span class='ocrx_word' id='word_1_389' title='bbox 1408 2358 1467 2388; x_wconf 83' lang='lat' dir='ltr'><strong>sat</strong></span> <span class='ocrx_word' id='word_1_390' title='bbox 1483 2356 1602 2388; x_wconf 78' lang='lat' dir='ltr'><strong>militis</strong></span> 
     </span>
     <span class='ocr_line' id='line_1_64' title="bbox 917 2406 1604 2450; baseline 0.001 -10"><span class='ocrx_word' id='word_1_391' title='bbox 917 2407 1058 2450; x_wconf 80' lang='lat' dir='ltr'><strong>hospes,·</strong></span> <span class='ocrx_word' id='word_1_392' title='bbox 1077 2406 1304 2442; x_wconf 84' lang='lat' dir='ltr'><strong>Burmannus</strong></span> <span class='ocrx_word' id='word_1_393' title='bbox 1335 2406 1459 2442; x_wconf 87' lang='lat' dir='ltr'><strong>suadet</strong></span> <span class='ocrx_word' id='word_1_394' title='bbox 1487 2406 1542 2441; x_wconf 88' lang='lat' dir='ltr'><strong>vel</strong></span> <span class='ocrx_word' id='word_1_395' title='bbox 1565 2410 1604 2441; x_wconf 86' lang='lat' dir='ltr'><strong>ut</strong></span> 
     </span>
     <span class='ocr_line' id='line_1_65' title="bbox 919 2457 1600 2497; baseline 0.003 -7"><span class='ocrx_word' id='word_1_396' title='bbox 919 2458 1018 2497; x_wconf 75' lang='lat' dir='ltr'><strong>hosti,</strong></span> <span class='ocrx_word' id='word_1_397' title='bbox 1035 2457 1088 2491; x_wconf 87' lang='lat' dir='ltr'><strong>vel</strong></span> <span class='ocrx_word' id='word_1_398' title='bbox 1103 2461 1138 2491; x_wconf 82' lang='lat' dir='ltr'><strong>in</strong></span> <span class='ocrx_word' id='word_1_399' title='bbox 1149 2460 1285 2492; x_wconf 78' lang='lat' dir='ltr'><strong>hostem.</strong></span> <span class='ocrx_word' id='word_1_400' title='bbox 1297 2459 1399 2493; x_wconf 89' lang='lat' dir='ltr'><strong>Prius</strong></span> <span class='ocrx_word' id='word_1_401' title='bbox 1410 2458 1600 2492; x_wconf 90' lang='lat' dir='ltr'><strong>minimum</strong></span> 
     </span>
     <span class='ocr_line' id='line_1_66' title="bbox 919 2510 1603 2563; baseline 0.001 -19"><span class='ocrx_word' id='word_1_402' title='bbox 919 2510 1056 2544; x_wconf 87' lang='lat' dir='ltr'><strong>aberrat</strong></span> <span class='ocrx_word' id='word_1_403' title='bbox 1073 2523 1091 2544; x_wconf 90' lang='lat' dir='ltr'><strong>a</strong></span> <span class='ocrx_word' id='word_1_404' title='bbox 1105 2510 1244 2563; x_wconf 77' lang='lat' dir='ltr'><strong>vulgata¹</strong></span> <span class='ocrx_word' id='word_1_405' title='bbox 1258 2510 1449 2556; x_wconf 85' lang='lat' dir='ltr'><strong>scriptura;</strong></span> <span class='ocrx_word' id='word_1_406' title='bbox 1477 2517 1603 2556; x_wconf 81' lang='lat' dir='ltr'><strong>poste-</strong></span> 
     </span>
     <span class='ocr_line' id='line_1_67' title="bbox 919 2565 1601 2600; baseline 0 0"><span class='ocrx_word' id='word_1_407' title='bbox 919 2565 992 2600; x_wconf 85' lang='lat' dir='ltr'><strong>rius</strong></span> <span class='ocrx_word' id='word_1_408' title='bbox 1009 2565 1132 2600; x_wconf 84' lang='lat' dir='ltr'><strong>melius</strong></span> <span class='ocrx_word' id='word_1_409' title='bbox 1148 2566 1240 2600; x_wconf 82' lang='lat' dir='ltr'><strong>favet</strong></span> <span class='ocrx_word' id='word_1_410' title='bbox 1256 2565 1383 2600; x_wconf 84' lang='lat' dir='ltr'><strong>sensui.</strong></span> <span class='ocrx_word' id='word_1_411' title='bbox 1395 2583 1439 2591; x_wconf 88' lang='lat'><strong>--</strong></span> <span class='ocrx_word' id='word_1_412' title='bbox 1450 2566 1601 2600; x_wconf 70' lang='lat' dir='ltr'><strong>lnexcu-</strong></span> 
     </span>
     <span class='ocr_line' id='line_1_68' title="bbox 919 2616 1603 2663; baseline 0 -13"><span class='ocrx_word' id='word_1_413' title='bbox 919 2619 1029 2651; x_wconf 81' lang='lat' dir='ltr'><strong>sabile</strong></span> <span class='ocrx_word' id='word_1_414' title='bbox 1050 2621 1197 2660; x_wconf 81' lang='lat' dir='ltr'><strong>tempus,</strong></span> <span class='ocrx_word' id='word_1_415' title='bbox 1219 2616 1375 2651; x_wconf 88' lang='lat' dir='ltr'><strong>conditio</strong></span> <span class='ocrx_word' id='word_1_416' title='bbox 1397 2617 1498 2663; x_wconf 87' lang='lat' dir='ltr'><strong>regni</strong></span> <span class='ocrx_word' id='word_1_417' title='bbox 1515 2617 1603 2651; x_wconf 87' lang='lat' dir='ltr'><strong>adeo</strong></span> 
     </span>
     <span class='ocr_line' id='line_1_69' title="bbox 921 2668 1604 2714; baseline -0.001 -12"><span class='ocrx_word' id='word_1_418' title='bbox 921 2680 1085 2714; x_wconf 84' lang='lat' dir='ltr'><strong>prospera</strong></span> <span class='ocrx_word' id='word_1_419' title='bbox 1099 2694 1109 2710; x_wconf 91' lang='lat'><strong>,</strong></span> <span class='ocrx_word' id='word_1_420' title='bbox 1147 2675 1187 2704; x_wconf 90' lang='lat' dir='ltr'><strong>ut</strong></span> <span class='ocrx_word' id='word_1_421' title='bbox 1210 2669 1383 2704; x_wconf 85' lang='lat' dir='ltr'><strong>excusatio</strong></span> <span class='ocrx_word' id='word_1_422' title='bbox 1411 2669 1454 2704; x_wconf 89' lang='lat' dir='ltr'><strong>de</strong></span> <span class='ocrx_word' id='word_1_423' title='bbox 1480 2668 1604 2703; x_wconf 90' lang='lat' dir='ltr'><strong>auxilio</strong></span> 
     </span>
     <span class='ocr_line' id='line_1_70' title="bbox 922 2720 1465 2767; baseline 0.004 -12"><span class='ocrx_word' id='word_1_424' title='bbox 922 2720 1087 2767; x_wconf 86' lang='lat' dir='ltr'><strong>negando</strong></span> <span class='ocrx_word' id='word_1_425' title='bbox 1103 2721 1218 2756; x_wconf 91' lang='lat' dir='ltr'><strong>locum</strong></span> <span class='ocrx_word' id='word_1_426' title='bbox 1235 2734 1309 2756; x_wconf 91' lang='lat' dir='ltr'><strong>non</strong></span> <span class='ocrx_word' id='word_1_427' title='bbox 1330 2722 1465 2757; x_wconf 86' lang='lat' dir='ltr'><strong>habeat.</strong></span> 
     </span>
    </p>

    <p class='ocr_par' dir='ltr' id='par_1_19' title="bbox 970 2774 1611 2810">
     <span class='ocr_line' id='line_1_71' title="bbox 970 2774 1611 2810; baseline -0.002 -1"><span class='ocrx_word' id='word_1_428' title='bbox 970 2777 1043 2809; x_wconf 87' lang='lat'><strong>512.</strong></span> <span class='ocrx_word' id='word_1_429' title='bbox 1062 2775 1167 2808; x_wconf 83' lang='lat' dir='ltr'><strong>Immo</strong></span> <span class='ocrx_word' id='word_1_430' title='bbox 1183 2778 1236 2810; x_wconf 82' lang='lat' dir='ltr'><strong>ita</strong></span> <span class='ocrx_word' id='word_1_431' title='bbox 1251 2778 1299 2809; x_wconf 80' lang='lat' dir='ltr'><strong>sit</strong></span> <span class='ocrx_word' id='word_1_432' title='bbox 1312 2774 1382 2809; x_wconf 87' lang='lat' dir='ltr'><strong>vim</strong></span> <span class='ocrx_word' id='word_1_433' title='bbox 1400 2774 1505 2809; x_wconf 89' lang='lat' dir='ltr'><strong>habet</strong></span> <span class='ocrx_word' id='word_1_434' title='bbox 1518 2786 1611 2808; x_wconf 87' lang='lat' dir='ltr'><strong>con-</strong></span> 
     </span>
    </p>
   </div>
  </div>
 </body>
</html>
