1832 3100
270 248 320 289 18
780 243 1172 289 PRAEFATIO

258 338 448 404 ingenii,
474 337 545 387 cui
566 337 750 387 facilitas
774 338 986 398 debetur,
1013 337 1130 388 fudit
1148 326 1175 398 ‚v
1194 358 1275 388 nec
1308 354 1462 408 postea
1484 342 1689 391 abstersit

258 439 399 495 poetae
420 445 535 476 cura.
567 429 624 476 In
644 426 698 476 iis
721 427 954 494 tautologiae
979 438 1023 475 et
1042 426 1323 494 loquacitatis
1346 428 1506 496 ineptae
1531 430 1686 479 vitium

257 516 450 582 primum
492 515 667 565 obtinet
699 514 847 564 locum
866 552 878 574 ‚
919 527 1052 582 atque
1081 515 1130 563 in
1159 516 1345 580 singulis
1380 537 1522 585 prope
1561 518 1688 567 libris

257 603 453 652 offendit.
488 606 542 652 In
563 603 678 652 libro
700 605 748 663 I,
780 602 932 670 89-93
948 641 961 662 ‚
996 602 1052 652 ad
1074 602 1251 651 taedium
1275 623 1416 671 usque
1433 606 1591 665 nobis,
1619 607 1688 654 in-

257 691 420 751 culcat,
451 710 581 741 aurea
600 704 726 742 aetate
744 692 945 741 nondum
962 690 1082 755 leges
1104 690 1263 754 fuisse,
1287 710 1369 740 nec
1388 692 1566 758 judicia.
1598 695 1689 742 Te-

255 797 392 837 mere,
416 779 564 847 205-7
579 818 592 838 ‚
619 780 752 828 verba
765 779 1003 829 cumulavit
1022 779 1076 828 de
1095 778 1270 828 silentio
1287 781 1317 828 J
1319 780 1411 828 ovis
1430 778 1688 830 auctoritate

255 867 384 918 facto.
410 869 497 917 Cui
519 887 611 917 non
627 867 813 917 molesta
829 880 934 917 sunt
950 867 1052 927 illa,
1075 887 1185 917 vers.
1212 885 1301 935 291
1328 869 1464 935 sqq.?

365 1001 525 1053 Jamque
549 1013 649 1040 mare
667 1009 707 1040 et
725 1000 838 1040 tellus
853 999 1004 1040 nullum
1023 999 1225 1040 discrimen
1245 1000 1432 1041 habebant
1449 1015 1459 1037 :
1516 992 1518 995 ἵ

367 1071 508 1111 Omnia
527 1080 670 1124 pontus
691 1079 817 1119 erant3
840 1070 994 1111 deerant
1013 1085 1170 1124 quoque
1190 1071 1301 1111 litora
1320 1079 1444 1125 ponto
1465 1087 1474 1110 :

259 1193 421 1260 quibus
441 1212 544 1241 mox
559 1230 571 1251 ,
596 1212 706 1242 vers.
733 1192 829 1254 314
845 1231 856 1251 ‚
882 1193 935 1240 de
957 1192 1153 1241 Phocide
1173 1193 1429 1258 subjicitur,

366 1317 487 1356 Terra
504 1315 605 1356 ferax
616 1346 627 1366 ‚
648 1315 740 1355 dum
757 1324 857 1355 terra
876 1315 971 1364 fuit3
992 1317 1058 1356 sed
1077 1324 1250 1370 tempore
1268 1315 1309 1354 in
1327 1315 1396 1354 illo

366 1387 457 1426 Pars
476 1386 588 1426 maris
608 1393 646 1425 et
663 1385 761 1425 latus
780 1385 990 1426 subitarum
1009 1401 1161 1440 campus
1179 1400 1372 1439 aquarum.

260 1502 302 1538 et
322 1509 475 1539 rursus
491 1489 624 1557 paulo
646 1501 749 1555 post
762 1526 773 1547 ,

646 1637 655 1647 .
674 1637 683 1647 .
700 1637 711 1647 .
736 1610 834 1650 Nam
854 1617 989 1649 caetera
1007 1618 1151 1649 texerat
1165 1624 1313 1662 aequor.

258 1724 312 1771 In
335 1738 540 1770 saxorum
557 1717 842 1768 Deucalionis
867 1729 910 1766 et
929 1718 1108 1785 Pyrrhae
1131 1718 1335 1767 manibus
1354 1718 1570 1785 jactorum
1588 1738 1688 1768 mu-

259 1809 424 1858 tatione
443 1806 744 1865 descfibenda,
764 1824 873 1856 vers.
898 1804 1116 1867 400-406
1129 1844 1141 1864 ‚
1167 1806 1240 1855 diu
1260 1807 1307 1854 in
1322 1806 1521 1856 cumdem
1537 1807 1690 1856 orbem

263 1895 585 1959 circumagitur.
606 1922 657 1930 —
677 1895 724 1943 ΙΙ
738 1931 750 1953 ,
781 1891 863 1940 161
889 1911 987 1960 sqq.
1000 1930 1012 1952 ‚
1034 1905 1100 1942 ter
1114 1892 1219 1942 dicit
1232 1930 1245 1952 ,
1269 1892 1407 1942 levem
1423 1894 1558 1944 fuisse
1573 1895 1690 1943 Solis

243 2004 463 2043 murrum,
499 1997 542 2032 et
561 2022 573 2043 ,
613 1983 738 2051 quasi
766 1982 854 2031 hoc
885 1981 1083 2030 nondum
1111 1981 1216 2030 satis
1236 1981 1414 2040 fuisset,
1455 1981 1543 2030 165
1573 1983 1690 2031 idem

262 2072 334 2121 bis
354 2071 527 2139 repetit.
552 2098 604 2106 -
622 2072 713 2129 ΙΙΙ,
738 2069 912 2136 87-89,
934 2082 1089 2136 quater
1105 2087 1281 2118 causam
1300 2069 1505 2136 exprimit
1518 2107 1531 2128 ‚
1557 2088 1689 2137 quare

263 2167 355 2217 leve
377 2166 511 2218 fuerit
531 2165 745 2233 serpentis
766 2162 947 2224 vulnus,

705 2316 716 2327 .
733 2315 743 2325 .
761 2315 771 2325 .
794 2279 902 2337 ‘Quia
921 2301 960 2327 se
980 2285 1192 2327 retrahebat
1205 2285 1251 2327 ab
1264 2288 1363 2336 ictu;

372 2363 555 2414 Laesaque
574 2356 671 2400 colla
687 2358 796 2398 dabat
809 2367 913 2398 retro
925 2387 938 2408 ‚
955 2357 1178 2413 plagamque
1197 2357 1324 2398 sedere

376 2431 558 2473 cedendo
576 2429 745 2480 arcebat,
763 2442 835 2468 nec
852 2428 1007 2483 longius
1025 2429 1080 2467 ire
1098 2428 1254 2468 sinebat.

268 2543 392 2592 Vers.
419 2541 514 2602 [418
536 2560 633 2607 sqq.
649 2578 660 2599 ‚
684 2540 729 2587 in
751 2537 944 2588 Narcissi
965 2536 1113 2586 fabula
1136 2536 1405 2585 intolerabili
1427 2536 1690 2603 loquacitate

270 2631 326 2680 ad
360 2629 553 2678 eamdem
582 2628 740 2694 saepius
764 2627 990 2676 notionem
1023 2623 1280 2683 revolvitur,
1314 2637 1358 2673 et
1389 2643 1485 2691 quae
1512 2623 1607 2689 ipse
1628 2622 1690 2671 sic

274 2720 466 2776 dixerat,
507 2717 655 2765 eadem
681 2716 814 2782 paulo
846 2727 950 2781 post
974 2714 1228 2763 Narcissum
1254 2724 1520 2779 repetentem
1546 2709 1686 2773 fingit.
