1832 3100
295 186 302 195 .
349 222 1042 270 METAMORPHOSEON
1073 227 1202 271 LIB.
1239 228 1295 272 V.

1436 229 1521 291 397

109 319 417 384 Rorantesque
440 333 587 364 comas
610 314 802 363 a‘fronte
825 317 1014 364 removit
1037 317 1092 365 ad
1115 338 1268 378 aures3

107 395 257 463 Atque
279 393 342 443 ait
360 412 378 441 :·
395 414 420 436 «
442 392 486 441 Ο
511 402 608 440 toto
635 392 828 458 quaesitae
850 393 1032 455 virginis
1051 394 1186 452 orbe,

114 494 138 517 »
163 473 226 521 Et
244 471 422 533 frugum
447 469 646 532 genetrix
662 506 674 527 ‚
700 470 939 519 immensos
963 471 1068 520 siste
1092 471 1266 521 labores
1284 493 1294 532 3
1315 502 1318 504 -

1464 491 1530 538 [που

111 571 135 592 »
161 550 279 598 Neve
303 547 387 596 tibi
406 545 505 596 fidae
526 546 720 595 violenta
741 547 926 597 irascere
951 560 1088 597 terrae.

111 649 135 669 »
159 627 296 674 Terra
313 623 428 673 nihil
448 625 636 683 meruit;
662 625 894 692 patuitque
918 626 1055 675 invita
1077 627 1254 694 rapinae.

109 725 134 747 »
159 705 251 753 Nec
274 723 372 752 sum
392 703 476 770 pro
500 702 644 770 patria
667 703 854 770 supplex
881 724 890 751 :
912 704 998 752 huc
1018 704 1197 771 hospita
1219 707 1331 755 veni.

108 803 132 825 »
160 781 262 830 Pisa
285 781 397 830 mihi
414 781 558 848 patria
580 793 673 840 est;
699 794 744 830 et
765 782 820 830 ab
847 781 974 834 Elide
999 782 1200 832 ducimus
1225 796 1392 834 ortum,¹

106 881 132 903 >›
159 858 377 908 Sicaniam
395 859 629 926 peregrina
650 858 778 917 colo;
806 859 1075 922 sed-gratior
1099 861 1221 909 omni

1463 877 1528 924 49⁵

108 958 133 980 »
159 937 267 986 Haec
289 937 400 986 mihi
424 949 538 987 terra
560 936 659 986 solo
683 949 748 986 est
771 958 781 986 :
807 938 893 986 hos
914 957 1034 987 nunc
1055 938 1278 987 Arethusa
1294 952 1495 1005 penates,

108 1036 132 1058 »
160 1016 288 1064 Hanc
309 1015 457 1065 habeo
481 1015 652 1074 sedem;
683 1035 814 1083 quam
837 1028 884 1065 tu
899 1054 911 1075 ‚
936 1017 1168 1066 mitissima
1183 1055 1196 1075 ‚
1221 1037 1356 1067 serva.

58 1159 60 1163 y
107 1117 132 1138 >›
160 1095 290 1144 Mota
310 1093 413 1143 loco
438 1113 517 1143 cur
538 1094 621 1143 sim
636 1132 649 1153 ,
672 1095 872 1162 tantique
896 1114 977 1162 per
999 1096 1190 1162 aequoris
1210 1096 1353 1146 undas

109 1193 132 1215 >›
159 1172 365 1222 Advehar
389 1172 622 1239 Ortygiam
636 1210 647 1231 ,
673 1173 819 1222 veniet
836 1174 1088 1222 narratibus
1110 1174 1220 1222 hora

107 1271 132 1292 »
160 1250 440 1318 Tempestiva
461 1250 598 1308 meis3
627 1270 764 1318 quum
792 1263 840 1300 tu
866 1251 1070 1318 curisque
1093 1251 1231 1300 levata
1247 1290 1258 1311 ‚
1463 1278 1529 1302 000

1465 1268 1483 1287 ’ἱ

108 1350 133 1370 »
161 1329 226 1377 Et
242 1327 394 1378 vultus
417 1328 612 1379 melioris
635 1329 721 1379 eris
743 1349 752 1377 ε
774 1329 885 1378 mihi
909 1330 1058 1397 pervia
1082 1329 1214 1379 tellus

108 1427 133 1448 »
160 1406 336 1456 Praebet
357 1407 470 1467 iter;
496 1408 738 1474 subterque
762 1407 872 1457 imas
896 1407 1041 1457 ablata
1065 1427 1268 1457 cavernas

105 1550 220 1589 partes
234 1543 342 1580 dedit.
366 1544 514 1592 Optime
536 1552 655 1581 autem
671 1571 681 1590 ,
707 1552 748 1581 ut
764 1559 783 1581 e

103 1610 192 1632 vers.
210 1599 276 1643 504
289 1596 364 1644 ³qu
386 1605 545 1645 apparet,
564 1599 595 1634 ei
612 1598 783 1633 indicium

104 1649 280 1686 tribuitur.
302 1651 346 1686 In
368 1650 403 1685 h.
423 1651 573 1686 Homer.
594 1652 656 1697 74,
675 1663 782 1696 quem

103 1701 233 1738 Noster
244 1728 254 1747 ,
272 1702 364 1738 Fast.
381 1702 436 1737 IV
448 1729 458 1747 ,
473 1703 549 1738 583
560 1729 570 1747 ‚
594 1702 753 1748 sequitur
770 1729 780 1748 ,

101 1766 179 1789 rem
191 1753 251 1789 sol
258 1754 376 1801 prodit
386 1769 395 1798 ς
407 1754 499 1801 apud
510 1754 779 1801 Apollodorum,

103 1803 481 1853 Hermionenses,quia
490 1807 534 1842 ad
543 1808 781 1843 Hermionem

102 1857 279 1903 Argolidis
293 1858 499 1894 descensum
509 1858 552 1893 ad
569 1859 699 1894 inferos
708 1872 780 1894 esse

103 1909 282 1955 putabant.
297 1929 342 1936 ·—
362 1913 485 1946 Comus
500 1924 524 1945 a
534 1911 653 1955 fronte
667 1924 782 1945 remo—

102 1967 152 1999 vit
171 1970 234 1998 etc.
262 1963 399 1998 Eorum
424 1963 484 2008 qui
514 1963 558 1998 ad
591 1963 782 1998 dicendum

103 2013 282 2058 prodeunt
295 2040 305 2058 ‚
322 2022 437 2061 gestus
455 2014 576 2060 aliquis
592 2015 708 2050 notari
726 2027 785 2050 so-

103 2065 151 2101 let
161 2079 170 2107 ;
182 2066 232 2110 11,
244 2080 320 2113 2723
330 2074 366 2103 et
374 2080 492 2114 supra,
501 2081 603 2103 versu
614 2069 690 2104 338.
698 2069 784 2104 Haec

104 2124 247 2154 removet
258 2132 374 2155 comas
384 2147 395 2163 ,
423 2127 463 2155 ut
480 2121 546 2165 lv,
572 2122 636 2165 474
647 2147 657 2165 ,
683 2121 783 2156 Tisi-

105 2170 223 2217 phone
238 2171 630 2208 colubras.-—Romntes.
654 2173 690 2217 Ι,
708 2174 783 2221 339.

147 2224 224 2271 490.
250 2226 430 2266 Genetrix,
466 2225 553 2261 Dea.
577 2225 637 2260 Dii
660 2238 783 2260 earum

104 2287 225 2310 rerum
233 2278 398 2320 genitores
405 2303 414 2318 ‚
431 2289 580 2322 quarum
590 2290 711 2312 curam
723 2289 784 2322 ge-

105 2327 253 2363 runt-'-
263 2329 406 2370 Mer-uit,
423 2329 517 2363 malo
531 2342 635 2364 sensu
646 2356 655 2373 ,
670 2336 710 2364 ut
726 2330 781 2374 11,

106 2394 239 2428 279.·—
249 2382 320 2417 Nec
342 2393 416 2416 sum
429 2395 494 2425 pro
513 2385 630 2426 patria
645 2388 709 2416 etc.
730 2382 784 2416 lta

104 2431 168 2467 sibi
184 2432 277 2468 viam
292 2433 416 2479 pandit
432 2433 474 2468 ad
502 2433 687 2469 Arethusae
714 2434 783 2468 sata

105 2484 143 2518 in
174 2497 248 2530 sqq.
281 2484 467 2520 narranda.
501 2485 572 2520 Sed
604 2485 783 2531 loquacior

106 2536 209 2582 paulo
225 2543 277 2572 est
297 2537 334 2571 in
356 2537 480 2572 verbis.
496 2555 539 2564 —-
556 2539 635 2572 Huc
650 2541 783 2582 hospita

103 2592 190 2624 wm'.
201 2614 210 2622 .
223 2615 231 2624 .
263 2589 434 2624 Sicaniam
452 2593 628 2634 peregrina
654 2593 738 2626 colo.
752 2618 760 2626 .
775 2616 782 2624 .

106 2642 168 2676 hos
189 2653 279 2676 nuuc
304 2647 368 2675 etc.
395 2640 564 2676 Similiter
581 2667 591 2686 ,
620 2642 658 2687 1,
689 2644 754 2688 574
772 2668 783 2687 ,

111 2700 303 2738 peccatum.

150 2746 233 2791 494..
249 2747 336 2780 Pisa
349 2748 436 2780 mihi
441 2750 566 2790 patria.
579 2746 660 2783 Pisa
674 2746 784 2781 Arca-

849 1545 915 1580 diae
932 1545 1101 1592 oppidum
1113 1571 1123 1589 ,
1143 1546 1239 1591 juxta
1255 1541 1350 1591 quod
1373 1544 1529 1591 Alpheus

847 1596 974 1632 fluvius
991 1597 1127 1633 labitur.
1148 1599 1215 1631 Ed.

892 1651 968 1697 499.
997 1651 1179 1696 Ortygiam.
1210 1647 1389 1696 Syracusae
1418 1662 1528 1694 quum

848 1707 999 1746 quatuor
1029 1700 1202 1735 haberent
1235 1707 1350 1746 partes
1363 1726 1372 1744 ,
1405 1713 1527 1735 earum

847 1765 939 1797 una,
965 1753 1003 1787 in
1027 1752 1137 1786 insula
1157 1753 1220 1787 sita
1238 1778 1248 1795 ,
1279 1753 1419 1798 Ortygia
1439 1752 1531 1787 dicta

847 1812 899 1839 est
914 1831 923 1848 ,
941 1817 1050 1849 eaque
1068 1817 1146 1849 pars
1159 1804 1262 1839 hodie
1279 1804 1385 1838 etiam
1400 1811 1527 1839 restat:

846 1856 916 1890 vid.
949 1856 1107 1903 Brydon.
1136 1869 1168 1902 p.
1200 1870 1276 1890 221.
1310 1857 1354 1891 In
1385 1869 1426 1890 ea
1450 1857 1528 1890 sons

847 1907 1034 1943 Arethusa.
1056 1907 1129 1943 Cic.
1142 1907 1244 1942 Verr.
1264 1907 1330 1951 IV,
1346 1910 1386 1942 52
1402 1921 1411 1949 ς
1430 1908 1529 1956 Virg.

847 1960 991 1996 AEneid.
1016 1961 1097 2005 111,
1121 1961 1206 2008 692:
1229 1962 1366 1995 St'cauio
1376 1966 1527 2006 preten—

848 2018 887 2047 ta
900 2017 977 2048 sinu
985 2014 1086 2056 jacet
1096 2016 1209 2048 insula
1224 2019 1341 2049 contra
1359 2015 1529 2060 Plemmy-

846 2069 932 2100 rium
946 2068 1109 2101 uudosum
1126 2079 1263 2101 :nomen
1278 2068 1391 2100 dixere
1397 2069 1528 2110 priores

853 2119 1036 2165 Ortygiam.
1059 2119 1227 2163 Alpheum
1245 2118 1349 2163 sama
1379 2123 1433 2153 est
1462 2121 1527 2154 huc

847 2173 963 2206 Elidit
987 2185 1116 2206 amnem
1139 2173 1300 2207 Occultas
1326 2176 1434 2217 egisse
1451 2177 1527 2208 vias

847 2226 963 2258 subter
967 2236 1057 2259 mare
1066 2251 1076 2267 ‚
1086 2228 1236 2270 quinum:
1248 2225 1314 2259 Ore
1321 2251 1328 2264 ‚
1344 2225 1526 2268 Arethusa,

847 2281 905 2311 tuo
918 2277 1042 2325 Siculif
1048 2276 1265 2322 confunditur
1271 2279 1381 2312 undis.
1391 2296 1435 2305 -
1443 2279 1528 2311 Nar-

847 2332 942 2363 ratus
953 2340 1044 2363 nove
1057 2328 1210 2373 dictum,
1225 2336 1264 2363 ut
1275 2342 1378 2374 supra
1388 2334 1527 2364 erratus.

847 2382 987 2415 -Hora
997 2385 1190 2425 tempestiva
1205 2393 1287 2415 mox
1298 2381 1416 2415 veniet
1424 2394 1529 2416 versu

851 2433 926 2478 573.
948 2451 992 2460 —
1015 2435 1189 2475 Melioris,
1227 2434 1376 2469 laetioris.
1407 2433 1466 2468 Sic
1493 2440 1530 2469 et

847 2485 941 2520 VIII
956 2511 966 2529 ‚
993 2486 1055 2533 677
1073 2512 1082 2530 ,
1108 2489 1219 2521 vultus
1242 2489 1329 2521 boui:
1348 2504 1393 2512 —
1408 2488 1528 2522 Pereia

847 2541 946 2572 tellus
957 2565 965 2579 ‚
984 2539 1120 2573 canales
1131 2538 1360 2575 subterranei.
1370 2540 1527 2574 -Imus-

849 2590 953 2625 Unus
966 2591 1097 2626 Mor-eti
1110 2617 1119 2634 ,
1144 2605 1247 2626 cavas
1260 2619 1267 2632 ‚
1287 2591 1381 2637 quod
1397 2593 1525 2628 rectius

847 2642 987 2678 videtur
1005 2644 1172 2685 Heinsio;
1196 2644 1257 2679 sed
1273 2657 1363 2679 cavae
1379 2659 1525 2680 caverna

848 2695 977 2730 merito
989 2694 1171 2741 displicent
1183 2697 1402 2732 Burmanno.
1420 2698 1524 2732 Prae-

849 2754 946 2783 terea
962 2748 998 2783 in
1015 2751 1103 2784 imas
1123 2761 1223 2785 causa
1246 2757 1297 2784 est
1310 2776 1319 2794 ,
1346 2763 1409 2788 cur
1427 2750 1524 2784 Are—
