1832 3100
279 248 360 303 146

645 250 695 292 P.
734 250 966 294 OVIDII
1002 249 1310 295 NASONIS

275 365 297 386 >›
327 342 564 409 Scorpion,
591 353 721 409 atque
746 341 870 391 aliter
895 354 1145 392 curvantem
1167 344 1347 392 brachia
1373 346 1602 394 Cancrum.
1637 336 1639 339 ¹

275 443 298 463 »
326 422 418 467 Nec
442 420 523 468 tibi
547 420 850 488 quadrupedes
870 421 1091 470 animosos
1115 421 1293 484 ignibus
1314 422 1424 481 illis,

277 520 299 540 »
327 498 456 561 Quos
479 498 526 545 in
543 510 720 564 pectore
743 498 929 556 habent,
952 517 1064 565 quos
1083 518 1157 547 ore
1183 511 1224 548 et
1242 501 1424 550 naribus
1447 501 1613 560 efflant,
1639 517 1682 552 85

275 598 296 617 »
324 577 377 623 In
399 587 610 641 promptu
633 593 780 637 regere
805 587 872 624 est
893 595 902 623 ε
927 576 999 623 vix
1018 595 1087 624 me
1110 577 1364 643 patiuntur,
1390 591 1441 628 ut
1456 599 1586 640 ‚acres

276 675 298 695 »
326 651 550 700 Incaluere
568 652 723 710 animi;
751 652 980 719 cervixque
1006 665 1222 720 repugnat
1240 654 1439 704 habenis.

275 752 298 772 »
326 731 390 777 At
412 741 481 785 tu,
506 728 668 777 funesti
689 747 745 777 ne
769 729 851 777 sim
874 729 958 777 tibi
978 730 1173 778 muneris
1197 743 1369 790 auctor,

274 828 297 849 »
325 808 458 864 Nate,
486 826 606 864 cave;
633 806 738 854 dum
758 825 917 873 resque
941 807 1071 866 sinit,
1097 821 1171 857 tua
1195 809 1364 872 corrige
1386 821 1501 858 vota.

275 907 296 926 »
326 883 519 941 Scilicet,
545 896 596 932 ut
619 896 772 932 nostro
798 885 994 947 genitum
1015 897 1057 934 te
1081 887 1292 950 sanguine
1315 888 1484 946 credas,
1583 910 1589 922 ¹
1644 915 1688 951 9⁰

273 984 296 1005 »
325 962 516 1024 Pignora
537 974 651 1011 certa
674 963 789 1028 petis
813 983 822 1011 :
847 963 905 1010 do
928 963 1118 1029 pignora
1142 975 1256 1012 certa
1278 964 1474 1013 timendo
1496 985 1506 1023 ;

230 1072 232 1075 »
275 1065 297 1086 »
325 1045 384 1091 Et
406 1043 551 1109 patrio
574 1055 700 1109 pater
721 1062 814 1092 esse
837 1056 957 1092 metu
980 1045 1152 1110 probor
1171 1067 1180 1093 ε
1199 1046 1375 1112 adspice
1397 1046 1544 1095 vultus

273 1148 296 1167 »
323 1126 437 1172 Ecce
458 1143 605 1182 meos;
626 1124 884 1191 utinamque
909 1125 1064 1173 oculos
1087 1126 1134 1173 in
1157 1139 1336 1193 pectora
1357 1147 1514 1194 posses

275 1229 297 1249 »
325 1208 522 1255 Inserere
536 1244 548 1265 ,
574 1217 618 1254 et
633 1206 796 1272 patrias
819 1206 939 1255 intus
963 1206 1403 1275 deprenderelcuras!

275 1312 297 1332 »
325 1290 542 1356 Denique,
559 1289 776 1356 quidquid
794 1289 929 1338 habet
945 1290 1077 1349 dives,
1089 1290 1386 1358 circumspice,
1401 1292 1615 1351 mundus3
1640 1307 1685 1355 95

275 1394 297 1413 »
326 1372 453 1437 Eque
478 1383 547 1419 tot
571 1390 619 1419 ac
644 1371 803 1420 tantisc
828 1371 925 1431 aeli,
951 1383 1185 1438 terraeque,
1210 1373 1432 1439 marisque

275 1475 297 1496 »
326 1454 464 1502 Posce
485 1454 617 1501 bonis
639 1453 807 1520 aliquid
826 1474 836 1502 :
856 1453 1023 1503 nullam
1046 1455 1212 1521 patiere
1233 1455 1466 1522 repulsam.

277 1557 299 1577 »
326 1536 554 1601 Deprecor
573 1535 661 1583 hoc
681 1555 844 1593 unum;
868 1536 990 1601 quod
1011 1555 1115 1584 vero
1139 1537 1319 1585 nomine
1337 1556 1470 1603 poena
1483 1575 1495 1596 ,

277 1639 299 1659 »
327 1617 431 1664 Non
443 1617 589 1665 honor
608 1629 702 1665 est:
722 1636 919 1683 poenam,
936 1618 1189 1677 Phaethon,
1208 1637 1290 1684 pro
1306 1638 1505 1678 munere,
1524 1621 1684 1686 poscis.

276 1772 336 1818 195
353 1782 427 1815 sqq.
454 1770 570 1805 Stellae
592 1770 690 1804 enim
705 1770 798 1805 inter
822 1771 950 1816 Virgi-

271 1834 356 1855 nem
371 1828 406 1856 et
423 1821 594 1867 Scorpion
610 1847 619 1864 ,
651 1834 734 1866 quas
761 1821 865 1856 hodie
891 1822 950 1855 Li-

273 1877 373 1910 bram
385 1887 546 1909 vocamus
561 1900 569 1917 ,
586 1874 670 1907 olim
683 1887 756 1908 non
775 1881 875 1908 erant
888 1887 951 1919 pe-

273 1927 399 1962 culiare
410 1926 515 1969 sidus,
524 1925 584 1960 sed
596 1926 838 1960 tribuebantur
848 1925 952 1960 chelis

276 1978 422 2023 Scorpii.
446 1978 542 2012 Hinc
567 1977 813 2022 intelligendus
829 1978 953 2022 virgil.

276 2030 319 2065 G.
331 2030 360 2072 I,
372 2030 588 2070 33.--Al1·ter,
602 2029 639 2062 in
649 2029 751 2063 aliam
760 2029 952 2075 regionem.

321 2082 373 2116 83.
398 2080 468 2115 Hic
486 2081 612 2115 scilicet
634 2094 752 2116 versus
768 2094 926 2116 occasum
942 2107 952 2125 ,

278 2134 334 2169 ille
351 2133 524 2167 orientem
540 2139 679 2177 spectat.
696 2134 762 2166 Ed.

324 2186 376 2229 84.
392 2186 547 2228 Ignibus,
569 2187 659 2227 Quos
675 2192 739 2219 etc.
754 2186 805 2219 Ita
818 2185 954 2220 descri-

279 2231 413 2274 buntur
433 2235 613 2272 interdum
634 2237 794 2272 ardentes
816 2245 954 2272 tantum

283 2289 471 2332 anhelitus,
490 2288 583 2323 unde
601 2288 760 2323 nobilitas
780 2302 954 2333 equorum

281 2341 517 2387 cognoscitur:
529 2340 649 2385 Vix-git.
659 2339 787 2385 Georg.
801 2341 875 2384 ΙΙΙ,
891 2344 932 2376 85
944 2357 952 2384 ;

281 2395 419 2429 Lucret.
445 2393 501 2436 V,
527 2406 579 2439 29.
607 2393 744 2426 Verum
768 2394 849 2437 equi
866 2394 955 2429 Solis

283 2446 420 2492 proprie
453 2445 617 2479 dicuntur
646 2451 701 2494 πῦρ
727 2447 821 2479 πνέειν
844 2458 852 2479 :
877 2445 954 2480 vide

285 2496 401 2531 Cerda
418 2496 461 2530 ad
476 2496 573 2540 Virg.
606 2495 746 2530 AEneid.
764 2495 835 2529 XII
848 2521 857 2539 ,
883 2499 955 2531 115.

285 2549 380 2581 Hinc
390 2547 514 2591 afflant
522 2547 610 2592 apud
629 2555 746 2592 poetas
760 2555 867 2581 terras
880 2560 935 2581 eas
945 2575 953 2587 ‚

286 2600 409 2645 quibus
425 2600 538 2634 lucem
555 2607 753 2645 apportant:
766 2600 863 2645 Virg.
874 2599 957 2635 AEn.

286 2652 317 2684 V
334 2678 343 2695 ,
372 2652 443 2698 739.
472 2652 557 2685 Mox
579 2664 666 2685 vers.
698 2653 759 2695 154
773 2678 782 2695 ,
810 2654 958 2686 hinnitus

275 2704 480 2751 flammiferi.
504 2723 548 2730 -
565 2706 624 2738 Me
632 2696 825 2749 puniuntur,
855 2719 874 2739 a
899 2718 956 2740 me

284 2756 356 2802 regi
372 2769 407 2790 se
424 2756 605 2801 patiuntur
618 2770 626 2800 3
639 2759 720 2800 pali
732 2756 773 2790 de
791 2757 957 2801 imperio:

1014 1774 1185 1815 cervixque
1194 1773 1599 1815 repugnutbaben12153unt
1605 1787 1688 1820 ergo

1016 1822 1097 1866 equi
1115 1823 1373 1872 σκληροτράχηλοι
1383 1850 1393 1867 ,
1413 1826 1537 1870 ἅζομαι.
1547 1825 1689 1861 Lucian.

1015 1873 1106 1908 Dial.
1123 1873 1232 1908 Deor.
1251 1874 1283 1909 d.
1303 1874 1323 1908 l.
1348 1875 1488 1921 Jupiter
1506 1876 1659 1924 Apollini
1678 1905 1687 1920 ,

1017 1928 1130 1969 ἠγνόεις
1154 1932 1214 1960 τῶν
1236 1930 1333 1961 ἵππων
1355 1930 1404 1962 τᾶν
1429 1931 1528 1973 Ξυμόν
1543 1956 1553 1973 ,
1580 1932 1620 1969 ὥς
1645 1935 1694 1965 δεῖ

1017 1981 1152 2023 συνέχειν
1165 1979 1276 2027 ἀνάγκῃ
1294 1982 1343 2014 τᾶν
1358 1984 1481 2024 χαλινόν
1495 2007 1505 2024 ,
1527 1989 1590 2016 etc.

1061 2031 1113 2065 86.
1135 2032 1191 2065 [sl.
1208 2030 1299 2065 Cod.
1311 2031 1354 2066 R.
1367 2032 1407 2067 B.
1424 2035 1492 2067 ubi.

1061 2084 1112 2130 87.
1137 2085 1319 2119 Incaluere.
1343 2085 1452 2121 Palat.
1477 2089 1658 2124 intumuere
1676 2117 1685 2129 ,

1020 2136 1113 2182 quod
1128 2136 1238 2182 placet
1254 2136 1443 2173 Gebhardo
1455 2138 1562 2187 Crep.
1578 2141 1614 2186 1,
1634 2156 1690 2187 12,

1018 2194 1053 2221 et
1068 2188 1258 2223 illustratur
1273 2202 1292 2223 a
1307 2189 1526 2225 Burmanno.

1062 2253 1115 2287 9¹·
1137 2242 1195 2275 Do
1211 2245 1354 2286 pignora
1377 2249 1441 2277 etc.
1466 2244 1633 2280 Praeclara
1658 2252 1693 2279 et

1019 2304 1100 2326 vere
1122 2300 1265 2337 paterna
1283 2294 1465 2329 sententia.
1482 2312 1526 2321 —
1542 2298 1686 2335 Probor,

1020 2350 1081 2387 ut,
1102 2345 1154 2378 VI
1165 2370 1174 2387 ,
1193 2347 1256 2379 208
1269 2371 1278 2388 ,
1295 2347 1435 2379 dubitor.

1064 2409 1116 2442 92.
1130 2397 1286 2440 Adspice.
1299 2395 1381 2429 Duo
1393 2422 1403 2439 ,
1418 2399 1545 2441 inspice
1557 2411 1566 2432 :
1578 2398 1671 2443 quod
1681 2425 1691 2440 ‚

1020 2454 1188 2481 monente
1212 2447 1334 2481 Burm.
1359 2448 1531 2493 majorem
1546 2449 1694 2496 diligen-

1021 2498 1105 2531 tiam
1136 2506 1171 2532 et
1196 2512 1317 2533 curam
1348 2507 1456 2535 notat.
1481 2501 1585 2537 Nunc
1610 2514 1693 2536 vero

1021 2549 1110 2583 solus
1127 2552 1304 2594 ads-pectus
1319 2551 1521 2587 sufficiebat.
1582 2576 1591 2586 0

1065 2603 1119 2649 94.
1138 2604 1356 2647 Deprendere.
1385 2603 1474 2639 Cod.
1498 2605 1542 2639 R.
1562 2605 1604 2639 B.
1628 2619 1694 2640 co·—

1020 2668 1186 2699 gnoscere.

1066 2721 1119 2754 99.
1141 2709 1273 2747 Honor,
1303 2721 1432 2743 munus
1449 2708 1693 2747 honorificum.

1024 2759 1441 2805 -Styg.11nd.Deestper‚·
1451 2760 1518 2794 vid.
1532 2760 1572 2794 ad
1586 2773 1631 2795 vs.
1641 2761 1693 2803 46.
