1832 3100
287 252 343 296 58

659 252 710 294 P.
747 215 980 297 ovum
1015 251 1146 303 NAS
1165 252 1325 299 oms

286 342 498 393 Nondum
522 361 629 393 caesa
648 343 760 402 suis,
785 345 1066 411 peregrinum
1087 358 1138 394 ut
1159 346 1318 395 viseret
1339 345 1512 406 orbem,

287 420 544 479 Montibus,
568 420 614 468 in
635 420 824 487 liquidas
848 422 980 489 pinus
1005 422 1286 471 descenderat
1305 422 1476 481 undas;
1653 435 1699 483 9⁵

285 497 504 564 Nullaque
527 498 733 546 mortales
747 536 759 555 ‚
786 511 944 565 praeter
966 519 1067 558 sua,
1092 499 1222 548 litora
1245 512 1418 549 norant.

286 575 496 624 Nondum
519 575 764 642 praecipites
788 576 1023 639 cingebant
1047 576 1212 643 oppida
1235 576 1388 625 sossae:

287 655 391 702 Non
415 653 521 701 tuba
544 653 695 701 directi
710 691 722 709 ,
750 673 840 701 non
861 653 956 702 aeris
982 673 1143 702 cornua
1165 654 1288 711 ssexi,

288 732 392 779 Non
416 730 565 792 galeae,
590 749 683 778 non
707 730 843 788 ensis,
868 742 1016 779 erant:
1037 731 1129 780 sine
1153 731 1306 780 militis
1328 749 1413 779 usu

287 805 446 855 Mollia
469 826 628 855 securae
651 807 919 874 peragebant
934 807 1030 856 otia
1052 820 1216 871 gentes.

1643 832 1654 855 Ι
1661 833 1703 855 00

289 887 392 952 Ipsa
414 904 589 952 quoque
613 885 841 943 immunis,
862 898 1091 954 rastroque
1114 887 1303 945 intacta,
1323 904 1404 934 nec
1425 884 1528 934 ullis

332 1001 386 1047 94.
405 1002 561 1036 Nondum
577 1012 665 1034 coesa
683 1003 763 1034 suis.
792 998 848 1034 Cs.
868 999 965 1045 Virg.

292 1051 367 1086 Ecl.
388 1062 425 1085 1v
440 1076 449 1094 ,
467 1052 601 1092 32-383
626 1051 741 1086 Tibul.
760 1051 799 1094 1,
820 1062 882 1094 111,
901 1052 968 1097 37—

292 1106 346 1148 40.
375 1103 556 1149 Navigatio
570 1115 717 1137 summae
734 1115 847 1137 aureae
862 1102 969 1137 aetatis

292 1155 501 1201 simplicitati
525 1163 559 1190 et
580 1155 769 1201 integritati
793 1167 866 1189 non
891 1155 970 1190 satis

292 1208 482 1243 convenire
503 1207 708 1251 videbatur,
737 1207 863 1253 partim
890 1207 970 1252 quia

292 1261 443 1295 maxime
459 1267 606 1305 quaestus
617 1272 717 1294 causa
730 1260 886 1294 instituta
900 1265 969 1302 est,

294 1312 423 1358 partim
441 1312 519 1356 quia
537 1311 723 1346 hominum
738 1312 846 1345 vitam
862 1311 898 1345 in
916 1311 972 1344 ul-

294 1365 381 1399 tima
399 1363 550 1408 pericula
571 1363 732 1408 conjicit,
759 1370 862 1408 atque
884 1362 971 1396 adeo

295 1415 466 1450 voluntati
483 1415 608 1449 divinae
627 1427 821 1460 repugnare
841 1413 971 1449 crede-

297 1468 409 1503 batur.
428 1468 586 1512 Propert.
602 1467 673 1507 ΙΙΙ,
693 1466 745 1500 El.
758 1477 782 1499 v
794 1492 803 1509 ,
823 1467 861 1509 41
878 1478 951 1510 sqq.

341 1521 394 1567 95.
412 1520 537 1558 Pinus,
555 1518 690 1563 lignum
700 1518 894 1552 resinosum
905 1543 914 1560 ,
935 1517 974 1550 in

297 1570 416 1617 primis
443 1577 519 1616 apta
535 1569 727 1604 habebatur
750 1569 893 1614 navigiis
915 1569 974 1602 sa-

299 1622 429 1658 ciendis
441 1625 539 1663 :suz‘s,
554 1621 615 1656 sibi
627 1622 667 1656 ab
679 1622 749 1667 ipsa
762 1628 886 1655 natura
901 1621 976 1655 assi-

300 1675 411 1722 gnatis
418 1677 636 1719 :peregrinum
646 1676 765 1714 orbem,
778 1672 936 1718 peregrin
943 1685 977 1706 as

301 1736 421 1763 terras.
444 1729 543 1761 Orbis
557 1739 645 1772 saepe
661 1739 739 1771 pars
755 1726 847 1760 orbis
864 1732 976 1759 terra-

302 1793 383 1815 rum
398 1805 407 1823 ,
430 1786 470 1814 ut
486 1778 543 1822 II,
571 1779 656 1822 254,
674 1778 756 1819 322;
776 1777 885 1812 Tacit.
910 1776 978 1810 An.

304 1833 354 1877 II,
368 1847 397 1867 2.
407 1833 697 1866 —Dcscenderat.
710 1830 839 1865 Statius
850 1830 909 1864 Sil.
929 1830 978 1872 11,

306 1898 325 1918 2
340 1911 349 1928 ,
374 1885 396 1918 6
411 1910 420 1928 ‚
448 1885 490 1918 28
506 1896 513 1918 :
528 1886 653 1917 invitas
667 1883 790 1926 dejecit
802 1885 837 1916 in
851 1893 982 1926 oequora

298 1940 413 1980 pinus.
429 1953 474 1961 —-
490 1936 653 1980 liquidas
665 1960 674 1976 ‚
698 1933 803 1979 epith.
819 1945 957 1967 ornans.

351 2001 496 2036 97-100.
514 1989 666 2023 Nondum
677 1989 874 2031 proect'piles.
887 1986 983 2020 Non-

307 2040 394 2074 dum
425 2039 512 2074 bella
547 2039 765 2084 gerebantur.
809 2036 1005 2072 Vivebant'

310 2097 422 2136 ἥσυχοι
434 2117 444 2134 ‚
460 2103 542 2136 pace
554 2090 721 2125 fruentes.
738 2088 881 2124 Hesiod.
894 2100 982 2123 vers.

313 2157 375 2178 120
387 2158 400 2191 ;,
422 2142 536 2177 Tibul.
554 2143 570 2176 Ι
582 2168 591 2185 ,
610 2153 655 2175 111
670 2169 679 2185 ,
704 2144 742 2187 47
758 2155 765 2176 :
781 2143 857 2175 Non
872 2145 982 2180 acies,

309 2209 376 2233 non
393 2199 445 2230 ira
460 2195 553 2239 suit,
580 2207 647 2228 non
663 2197 773 2234 bella‚·
797 2206 857 2227 nec
876 2206 985 2227 ensem

309 2251 440 2283 Immiti
453 2259 559 2281 savus
574 2249 716 2280 duxerat
725 2250 798 2279 arte
802 2245 908 2290 faber
915 2256 926 2287 ‚·
946 2245 962 2278 Ι
975 2271 984 2285 ,

310 2312 333 2334 x
346 2326 354 2343 ,
373 2314 394 2347 9
407 2312 415 2333 :
436 2300 511 2333 Non
521 2310 616 2332 arces
627 2325 634 2338 ,
650 2311 714 2332 non
729 2299 842 2331 vallus
855 2300 935 2330 emt.
945 2314 988 2321 —

312 2354 523 2396 Pracipites,
545 2349 736 2395 prosundae.

357 2405 409 2451 98.
442 2404 536 2437 Tuba
551 2404 673 2436 directi
681 2404 774 2442 oms,
794 2400 876 2435 tuba
894 2406 990 2434 recta

315 2468 356 2488 ex
372 2468 449 2489 aere.
467 2453 618 2488 Juvenal
638 2453 673 2487 II
684 2478 693 2495 ,
716 2467 727 2486 1
738 2467 773 2498 17
785 2478 794 2496 ,
810 2457 896 2486 recto
909 2464 990 2485 can-

316 2511 445 2540 lavem!
474 2520 545 2540 aere.
588 2523 632 2530 —
656 2506 691 2538 T
686 2508 753 2538 uba
782 2506 903 2538 directi
925 2510 987 2538 etc.

317 2558 418 2591 Tuba
440 2558 595 2602 peditum
613 2583 621 2600 ,
650 2563 686 2591 et
702 2563 752 2591 est
768 2555 896 2590 directa
912 2567 920 2589 ε
940 2555 989 2589 Ιί-

315 2615 396 2643 tuus
413 2609 571 2653 equitum
590 2609 775 2648 incurvum
803 2608 927 2641 Horat.
946 2605 963 2639 I
979 2631 988 2649 ,

321 2659 439 2694 Carm.
451 2671 464 2694 1
477 2686 486 2702 ,
506 2660 546 2693 23
556 2685 565 2702 ,
585 2664 621 2692 et
633 2662 715 2693 liluo
724 2660 992 2702 luboepermislus

318 2715 456 2745 sonitus.
477 2711 544 2745 Ed.

367 2778 437 2800 100.
471 2766 604 2799 Gentes.
630 2762 753 2798 Heius.
782 2762 991 2807 approbante

1032 1001 1154 1036 Burm.
1168 1015 1208 1036 ex
1220 1014 1292 1035 uno
1308 1000 1463 1036 Gronov.
1476 998 1606 1036 invexit
1617 1011 1706 1034 men-

1032 1058 1083 1088 les
1094 1081 1102 1095 ‚
1121 1054 1202 1099 quia
1222 1053 1383 1088 homines
1399 1059 1477 1087 tum
1491 1051 1653 1086 nondum
1668 1051 1708 1086 iu

1031 1110 1145 1150 gentes
1160 1105 1396 1140 discesserint:
1409 1103 1477 1138 vid.
1491 1110 1564 1138 not.
1581 1116 1650 1138 102.
1664 1121 1708 1129 —-

1039 1159 1164 1191 Gentes
1190 1156 1348 1206 reyocavi
1371 1182 1382 1199 ‚
1415 1156 1496 1201 quia
1519 1162 1555 1190 et
1582 1154 1706 1190 Senec.

1036 1209 1217 1257 Hippolyt.
1249 1209 1406 1256 527-536
1418 1235 1428 1252 ,
1457 1208 1517 1243 ubi
1546 1214 1707 1243 nostrum

1034 1262 1152 1297 locum
1163 1268 1244 1296 ante
1256 1260 1372 1295 oculos
1386 1259 1508 1295 habuit
1522 1285 1532 1303 ,
1546 1262 1660 1304 gentes
1674 1265 1711 1294 et
1744 1298 1749 1304 ι

1029 1316 1172 1359 populos
1190 1325 1303 1347 aureae
1325 1311 1416 1346 aetati
1434 1311 1565 1346 tribuit.
1593 1309 1710 1345 Etiam

1037 1366 1133 1411 Virg.
1146 1365 1229 1399 AEn.
1244 1364 1348 1406 VIII,
1368 1363 1431 1397 325
1445 1363 1711 1406 :Salum'uspla-

1035 1418 1113 1451 cz‘da
1133 1418 1275 1460 populos
1294 1418 1330 1448 in
1344 1426 1432 1458 pace
1452 1416 1595 1458 regebat.
1615 1413 1711 1448 Infra

1035 1481 1121 1503 vers.
1143 1469 1208 1516 339
1220 1494 1230 1512 ,
1247 1467 1370 1502 statim
1387 1474 1465 1512 post
1479 1473 1712 1502 restauratum

1037 1532 1146 1566 genus
1169 1519 1366 1553 humanum
1384 1521 1506 1562 populi
1516 1521 1712 1553 novicum-

1037 1578 1290 1607 memorantur.
1323 1571 1366 1605 In
1398 1570 1450 1605 his
1480 1569 1621 1616 pluralis
1649 1581 1713 1614 pro

1037 1625 1160 1671 singul.
1172 1642 1215 1649 —
1224 1624 1393 1658 Securitas
1410 1621 1467 1656 illa
1479 1622 1520 1656 ab
1536 1620 1713 1656 invasione

1040 1675 1155 1711 hostili
1171 1675 1349 1720 turbisque
1365 1672 1562 1708 domesticis
1576 1698 1587 1716 ,
1610 1684 1715 1707 com—

1041 1734 1259 1763 memoratur
1289 1733 1324 1760 et
1351 1726 1392 1759 ab
1420 1725 1502 1759 aliis.
1531 1723 1650 1759 Sever.
1677 1723 1716 1757 in

1042 1780 1151 1814 AEtna
1161 1806 1170 1823 ,
1189 1792 1275 1813 vers.
1289 1792 1310 1825 9
1322 1790 1328 1812 :
1342 1777 1458 1812 Aurea
1465 1779 1654 1820 securiquis
1665 1788 1717 1809 ne-

1042 1836 1110 1866 scit
1123 1833 1238 1865 secula
1248 1833 1334 1874 regh-
1349 1830 1368 1863 ?
1380 1827 1495 1863 Tibul.
1506 1826 1538 1863 d.
1554 1827 1596 1862 l.:
1611 1827 1718 1861 Ultro-

1043 1896 1105 1928 que
1104 1883 1263 1927 serebant
1279 1882 1386 1914 Obvia
1397 1882 1522 1925 secunfs
1533 1881 1634 1913 ubera
1647 1881 1719 1912 lac-

1044 1940 1089 1970 tis
1105 1947 1193 1969 oves.
1220 1932 1355 1967 Eadem
1377 1938 1412 1966 et
1427 1931 1634 1966 fruebantur
1649 1943 1719 1975 pe-

1045 1989 1159 2025 cudes.
1188 1987 1287 2021 Idem
1303 1986 1319 2020 1
1334 2012 1343 2028 ‚
1372 1997 1395 2019 x
1409 2011 1418 2027 ‚
1444 1998 1475 2032 9.
1502 1982 1590 2018 Inde
1606 1985 1721 2017 mollia

1046 2044 1116 2076 olla
1124 2067 1131 2080 ‚
1147 2052 1210 2085 pax
1220 2037 1383 2083 jucunda.
1394 2036 1490 2080 Virg.
1494 2036 1634 2079 placida
1638 2046 1720 2078 pax.

1095 2106 1166 2127 101.
1195 2093 1276 2135 Ipsa
1291 2101 1415 2135 quoque
1429 2090 1594 2125 immunis.
1612 2086 1723 2121 Non-

1049 2145 1135 2179 dum
1155 2142 1371 2189 agricultura.
1392 2138 1535 2174 Hesiod.
1554 2148 1643 2172 vers.
1661 2137 1722 2171 118

1049 2210 1122 2242 sqq.
1139 2209 1147 2230 :
1162 2198 1281 2245 Καρπὲν
1309 2192 1338 2228 δ”
1358 2196 1438 2242 ’ἔφερε
1457 2194 1599 2240 ζείδωρος
1616 2191 1723 2238 ἄρουραι

1049 2251 1210 2294 Λύτσμάτη
1229 2249 1332 2282 πολλόν
1354 2262 1384 2281 τε
1402 2250 1453 2280 καὶ
1469 2246 1600 2289 ἅᾳθονον.
1619 2243 1720 2286 Ipsa,

1051 2315 1111 2337 sua
1126 2294 1248 2346 sponte
1266 2312 1273 2334 :
1288 2298 1356 2332 vid.
1375 2295 1515 2331 Ernesti
1533 2293 1629 2328 Clav.
1649 2292 1722 2328 Cic.

1050 2353 1084 2388 h.
1102 2366 1133 2387 v.
1149 2364 1230 2385 mox
1238 2364 1302 2396 per
1312 2362 1367 2389 se,
1394 2354 1432 2381 vt
1450 2346 1492 2382 δι’
1508 2348 1612 2380 ἑαυτοῦ
1622 2370 1631 2388 ,
1655 2356 1725 2378 eo-

1053 2404 1134 2438 dem
1147 2403 1257 2438 redit:
1276 2399 1342 2434 vid.
1362 2398 1525 2433 Cortium
1536 2396 1578 2430 ad
1588 2395 1726 2430 Sallust.

1053 2456 1077 2489 J
1080 2469 1134 2500 ug.
1147 2466 1184 2488 1x
1198 2480 1207 2497 ‚
1220 2454 1272 2488 62.
1288 2451 1405 2486 Etiam
1417 2449 1515 2495 Virg.
1527 2447 1654 2494 Geor-g.
1669 2448 1705 2482 II
1715 2474 1724 2490 ‚

1058 2520 1097 2542 ιο
1109 2520 1116 2541 ;
1133 2509 1215 2551 Ipsa
1226 2518 1289 2549 per
1304 2517 1350 2538 se.
1366 2522 1410 2529 —
1424 2503 1584 2536 Immanis
1595 2502 1728 2543 {vacua

1055 2573 1072 2594 a
1086 2558 1244 2602 miseriis,
1259 2553 1567 2600 &rroe9n';.Expressit
1578 2552 1737 2587 Homer.·

1056 2611 1127 2648 Od.
1138 2621 1186 2655 11,
1209 2623 1289 2657 109,
1303 2608 1362 2643 ubi
1376 2614 1467 2642 terra
1483 2605 1602 2640 omnia
1612 2606 1730 2651 ἅσπερ-

1056 2681 1095 2700 τα
1119 2669 1171 2699 καὶ
1206 2663 1334 2711 ἇνὴρστα
1357 2660 1498 2705 profert.
1528 2674 1572 2683 --
1593 2656 1728 2689 Raslro.

1058 2716 1154 2760 Virg.
1173 2713 1264 2748 Eetz
1280 2714 1355 2746 Non
1371 2714 1496 2744 rastros
1507 2709 1658 2751 patietur
1666 2707 1730 2738 hu-

1059 2781 1142 2802 mus.
1157 2786 1201 2793 -
1219 2768 1376 2800 Baslrum
1387 2789 1395 2803 ,
1415 2759 1652 2807 ponderosum
1666 2758 1730 2791 in·-
