1832 3100
419 251 1112 298 METAMORPHOSEON
1145 254 1275 297 LIB.
1311 255 1413 298 III.

1545 256 1631 316 275

211 371 236 392 ι)
261 347 470 397 Addidici
493 347 689 411 regimen
704 383 716 406 ,
742 346 897 395 dextra
916 345 1192 405 moderante,
1215 347 1371 395 carinae

211 447 235 469 »
260 425 454 474 Flectere
474 436 550 473 :et
569 423 739 473 Oleniae
761 423 886 472 sidus
908 423 1098 491 pluviale
1121 423 1297 491 capellae
1313 461 1324 483 ,

213 527 236 549 »
261 507 601 573 Taygetenque,
627 502 895 570 Hyadasque
917 502 1059 552 oculis
1078 503 1338 569 Arctonque
1362 503 1513 551 notavi
1529 540 1541 561 ,
1573 516 1637 563 595

211 604 236 627 n
260 584 597 648 Ventorumque
624 580 809 639 domos,
836 592 881 629 et
899 592 1059 648 portus
1083 581 1314 648 puppibus
1336 591 1477 646 aptos.

211 682 235 704 »
261 660 396 710 Forte
417 672 575 728 petens
599 658 767 717 Delon,
797 658 921 707 Chiae
945 657 1117 707 telluris
1140 658 1197 706 ad
1222 676 1322 707 oras

250 790 329 837 593.
352 790 540 825 Addzlrcere
551 815 559 830 ‚
599 787 731 822 discere
759 786 890 832 aliquid

207 849 336 888 prater
351 842 387 877 id
401 869 411 887 ,
435 842 530 889 quod
547 842 618 887 jam
635 849 809 877 tenemus.
825 841 890 876 Si-

207 895 291 931 mile
309 902 361 930 est
374 897 539 930 addocen-
549 899 640 929 artes
653 894 744 941 apud
761 894 890 929 Horat.

208 949 406 984 Nautarum
415 956 466 984 est
478 976 487 993 ,
500 962 621 995 regere
631 961 758 983 navem
768 975 778 992 ‚
790 961 890 983 nosse

207 1001 322 1037 sidera
340 1008 376 1037 et
397 1008 529 1048 portus.
550 1021 595 1029 —-
610 1004 793 1047 Regimen,
821 1014 893 1048 gu-

208 1054 438 1091 bei-naculum
451 1082 460 1099 ,
478 1055 606 1090 clavus.
623 1073 669 1082 ·—-
682 1055 766 1089 Jam
780 1055 894 1090 sidera

209 1106 266 1142 illa
275 1114 451 1142 memorat
464 1134 473 1152 ,
492 1120 569 1153 quae
583 1120 654 1154 prae
665 1107 798 1143 caeteris
810 1121 894 1142 nau—

209 1165 261 1193 tas
277 1159 363 1194 olim
381 1159 568 1194 ducebant.
601 1161 723 1193 Olenia
739 1162 892 1204 capella,

211 1211 398 1247 Amalthea
410 1238 420 1256 ,
446 1212 547 1257 cujus
562 1211 650 1247 lacte
667 1211 798 1246 Jovem
816 1225 894 1246 nu·—

211 1263 335 1298 tritum
345 1264 476 1298 serunt.
493 1263 546 1297 Ea
557 1264 652 1298 inter
661 1263 775 1298 sidera
787 1263 896 1298 relata

211 1313 330 1348 locum
351 1326 456 1349 suum
478 1314 585 1349 habet
602 1314 639 1348 in
663 1313 816 1348 humero
840 1314 895 1348 si—

212 1367 326 1403 nistro
338 1367 516 1402 Heniochi
525 1369 596 1403 sive
611 1367 750 1413 aurigae.
763 1367 896 1414 Hygin.

214 1419 316 1455 Poet.
340 1420 434 1455 Astr.
453 1420 513 1463 II,
541 1420 590 1454 13.
618 1421 777 1454 Vocatur
799 1421 898 1453 sidus

206 1474 375 1516 pluviale,
403 1479 440 1507 et
462 1473 497 1506 V
523 1471 616 1507 Fast.
645 1471 706 1505 113
720 1497 729 1514 ,
765 1475 898 1515 signum

206 1527 380 1569 pluviale,
411 1524 493 1570 quia
510 1525 665 1571 pluviam
682 1524 837 1559 nunciat.
853 1529 898 1551 -‘-'-

218 1579 365 1626 Taygele
379 1605 388 1620 ,
429 1590 502 1612 una
536 1591 578 1613 ex
610 1576 820 1612 pleiadibus.
851 1594 897 1605 —·

209 1631 354 1677 Hyades
365 1629 473 1665 stella
483 1630 520 1664 in
534 1630 646 1675 capite
665 1630 775 1665 Tauri
790 1656 798 1673 ,
817 1642 896 1675 quae

209 1694 323 1727 quum
340 1682 506 1717 oriuntur
519 1690 557 1718 et
573 1681 757 1725 occidunt,
781 1682 896 1728 largos

207 1734 339 1771 imbres
353 1735 458 1772 cient.
475 1734 610 1771 Gellius
622 1735 668 1771 N.
682 1735 723 1770 A.
734 1735 847 1779 XIII,
862 1749 895 1783 9.

207 1805 252 1815 —
267 1787 393 1834 Quare
402 1789 547 1836 Hyades
562 1788 611 1824 sic
628 1788 746 1831 dictae,
765 1789 823 1823 ἄπο*
843 1795 897 1825 τοῦ

206 1843 279 1876 ὕειν.
296 1840 364 1876 Ed.
379 1859 424 1867 —
441 1842 591 1881 Arcton,
611 1841 743 1875 Ursam
766 1840 895 1875 borea-

206 1891 297 1936 lem,
317 1892 567 1941 Cynosuram,
583 1893 638 1927 vel
654 1893 816 1927 Helicen.
826 1894 893 1927 Ed.

207 1962 251 1971 —
266 1946 445 1980 Ventorum
452 1947 588 1986 domos,
601 1944 783 1990 regiones,
797 1944 894 1979 unde

206 1997 352 2042 spirant.

253 2050 329 2096 ⁵97·
361 2049 485 2084 Delon.
511 2048 622 2083 Delos
645 2048 758 2083 insula
788 2049 895 2090 maris

210 2100 332 2146 AEgei.
344 2102 560 2136 lid—Chae.
577 2101 636 2136 Sic
647 2101 758 2136 nostri
775 2100 894 2136 Codi-

209 2153 364 2196 ces;vide
372 2154 463 2188 iufra
471 2161 593 2189 notam
601 2162 760 2189 nostram
771 2161 806 2189 et
813 2153 895 2189 Gie-

209 2206 262 2253 rig
273 2233 284 2251 ,
305 2207 343 2242 in
357 2207 435 2253 687.
449 2226 495 2234 ——
509 2210 605 2247 Dice,
626 2207 721 2255 quod
739 2209 893 2254 primum

212 2258 398 2295 Constant.
415 2261 502 2295 Fan.
525 2274 566 2295 ex
587 2260 756 2295 Abstemii
775 2261 893 2296 codice

208 2311 356 2355 protulit
365 2336 375 2354 ,
387 2311 643 2346 tum-Heinsius
652 2325 693 2346 ex
705 2312 893 2359 Langerm.

209 2362 341 2408 recepit
350 2363 363 2406 ,
370 2375 497 2397 ¹verum
510 2375 584 2398 esse
596 2376 670 2398 non
685 2371 809 2409 potest.
820 2366 894 2400 Dia

210 2413 308 2449 enim
323 2420 376 2450 est
390 2414 517 2452 eadem
542 2428 620 2461 quae
642 2417 763 2452 Naxos
785 2416 892 2461 (Plin.

212 2466 261 2501 H.
281 2467 326 2502 N.
350 2466 427 2510 IV,
459 2466 544 2514 ια),
572 2468 608 2503 in
631 2481 738 2514 quam
762 2469 893 2504 deferri

210 2517 368 2554 Bacchus
391 2519 549 2567 volebat,
583 2533 671 2556 vers.
695 2522 783 2565 63ss,
813 2522 892 2570 690.

210 2569 364 2609 Difficile
380 2578 433 2606 est
452 2585 578 2606 verum
596 2586 730 2609 nomen
752 2574 809 2609 hic
826 2588 892 2609 re—

211 2635 371 2669 ponere,
395 2625 563 2669 quoniam
580 2627 773 2670 nescimus,
793 2627 891 2664 unde

211 2675 350 2711 Acoetes
363 2676 507 2711 solverit
518 2703 528 2720 ,
546 2690 613 2712 nec
628 2679 743 2713 caeteri
763 2687 892 2714 aucto-

210 2741 267 2764 res
299 2729 428 2775 aliquid
455 2731 542 2765 certi
578 2731 811 2776 suppeditant.
848 2733 890 2767 In

210 2780 346 2829 hymno
359 2783 540 2819 Homeric.
557 2791 593 2819 et
608 2785 651 2819 ab
665 2785 798 2832 Hygin.
810 2786 892 2820 nul-

957 787 1011 822 lus
1045 787 1142 822 locus
1178 792 1488 822 commemoratur.
1534 785 1642 832 Apud

959 839 1121 886 Apollod.
1131 839 1288 875 Bacchus
1298 853 1338 874 ex
1346 842 1458 874 Icaria
1467 839 1504 873 in
1519 841 1642 874 Naxon

959 893 1139 928 transferri
1156 892 1254 935 vult;
1281 900 1398 927 nautae
1423 899 1542 926 autem
1561 904 1641 926 eam

958 946 1108 981 insulam
1119 946 1393 992 praeternavigan
1399 952 1449 980 tes
1455 946 1578 980 Asiam
1587 958 1644 991 pe-

960 1005 1063 1041 tunt,
1094 997 1365 1044 utpraedamibi
1385 997 1549 1032 vendant.
1574 998 1645 1032 Per

960 1052 1085 1086 Asiam
1123 1050 1286 1098 Heynius
1325 1049 1489 1095 intelligit
1524 1049 1646 1084 Asiam

961 1105 1101 1150 proprie
1116 1104 1245 1139 dictam
1258 1132 1267 1149 ,
1282 1104 1402 1152 Lydiae
1414 1111 1560 1150 partem.
1573 1105 1622 1139 At
1634 1131 1644 1148 ,

962 1158 1022 1204 qui
1038 1185 1047 1201 ,
1066 1157 1186 1192 relicta
1204 1157 1312 1193 Icaria
1327 1184 1335 1202 ,
1356 1158 1481 1193 Naxon
1499 1164 1646 1203 praeter-

962 1211 1150 1257 navigant,
1176 1211 1200 1245 ii
1219 1223 1292 1245 non
1313 1210 1523 1245 deseruntur
1542 1223 1647 1245 cursu

961 1263 998 1297 in
1014 1262 1163 1312 Lydiam
1179 1289 1188 1306 ,
1205 1262 1265 1297 sed
1282 1262 1391 1309 magis
1407 1262 1585 1307 magisque
1603 1262 1646 1296 ab

962 1327 1002 1349 ea
1013 1314 1207 1350 discedunt.
1221 1315 1395 1349 Revocavi
1409 1313 1646 1358 antiquiorem

962 1367 1152 1401 lectionem
1169 1379 1318 1412 eamque
1335 1366 1571 1412 plurimorum
1587 1379 1649 1401 co—

963 1417 1103 1461 dicum,
1135 1419 1237 1452 Chz'oe.
1262 1419 1344 1452 Non
1364 1425 1481 1452 autem
1502 1418 1648 1464 intellig.

964 1474 1068 1507 Chios
1084 1472 1196 1506 insula
1211 1472 1356 1506 celebris
1373 1484 1481 1518 prope
1499 1471 1648 1507 Ioniam.

964 1523 1185 1569 Quanquam
1201 1524 1299 1559 enirn
1319 1525 1437 1573 Lydus
1453 1525 1572 1560 Delon
1585 1538 1650 1571 pe-

962 1583 1040 1612 tens
1052 1576 1241 1612 commode
1261 1577 1303 1611 ad
1316 1577 1500 1612 dexterum
1518 1579 1593 1624 ejus
1609 1578 1648 1613 li-

960 1637 1017 1665 tus
1032 1630 1204 1676 appellere
1219 1631 1410 1677 potuisset,
1437 1645 1510 1667 non
1526 1639 1649 1667 tamen

958 1683 1086 1718 Naxon
1104 1683 1147 1717 ad
1164 1683 1346 1718 dexteram
1362 1683 1537 1719 habuisset
1552 1711 1561 1729 ,
1586 1684 1646 1719 sed

961 1731 1149 1780 e‘regione
1173 1742 1209 1770 et
1234 1736 1339 1782 longe
1363 1744 1549 1771 remotam.
1575 1736 1648 1771 Sed

961 1788 1190 1834 cogitandum
1207 1789 1350 1824 videtur
1365 1790 1409 1824 de
1432 1792 1497 1825 Ceo
1509 1818 1517 1830 ,
1542 1803 1647 1835 quam

962 1840 1121 1888 Romani
1133 1841 1296 1875 nonnulli
1309 1849 1343 1876 et
1354 1843 1454 1876 Ceam
1465 1842 1644 1884 dixerunt,

961 1899 998 1926 et
1015 1892 1165 1927 Ptolem.
1183 1899 1281 1937 Κίαν,
1297 1900 1338 1928 ut
1351 1893 1439 1929 adeo
1455 1895 1544 1928 sorte
1562 1894 1645 1929 eth.

959 1945 982 1979 l.
1006 1958 1025 1980 e
1053 1946 1197 1981 consilio
1213 1947 1471 1982 nonnullorum
1491 1950 1561 1983 Cia·
1580 1961 1645 1982 re-

959 1997 1187 2033 scribendum
1205 1999 1259 2034 sit.
1280 1999 1332 2034 Ea
1357 1999 1512 2045 quinque
1538 2000 1647 2035 millia

961 2063 1125 2095 passuum
1133 2051 1281 2086 distabat
1290 2052 1332 2086 ab
1345 2052 1484 2087 Helena
1494 2079 1503 2096 ,
1520 2066 1648 2098 quem-

962 2101 1155 2137 admodum
1193 2102 1267 2138 haec
1299 2117 1318 2138 a
1351 2103 1464 2138 Sunio
1494 2105 1645 2140 totidem

961 2166 1088 2199 passus.
1103 2155 1194 2189 Plin.
1212 2155 1303 2190 Hist.
1323 2156 1402 2191 Nat.
1420 2156 1474 2191 IV
1486 2183 1496 2201 ‚
1524 2170 1649 2192 12-20.

961 2205 1064 2241 Idem
1076 2207 1194 2252 tradit,
1206 2208 1368 2243 eamdem
1385 2216 1420 2244 et
1434 2211 1646 2257 Hydrussam

961 2259 1176 2310 (ὁδ’ρέεσσαν)
1200 2289 1209 2306 ,
1253 2263 1350 2308 aquis
1377 2263 1618 2298 abundantem
1634 2290 1643 2306 ,

960 2311 1091 2347 Graecis
1114 2327 1187 2348 esse
1206 2314 1345 2350 dictam.
1370 2315 1413 2350 Ei
1430 2316 1537 2361 igitur
1553 2316 1644 2350 bene

960 2366 1126 2401 convenit
1138 2393 1146 2410 ‚
1157 2366 1251 2412 quod
1266 2368 1404 2402 Acoetes
1413 2381 1493 2402 mox
1504 2375 1643 2411 narrat,

960 2431 995 2453 se
1012 2422 1128 2454 laticis
1142 2421 1314 2465 inserendi
1325 2435 1426 2456 causa
1445 2422 1512 2455 huc
1530 2434 1642 2467 appu-

960 2470 1047 2506 lisse.
1074 2472 1224 2508 Ovidius
1249 2473 1375 2519 igitur,
1403 2474 1462 2518 qui
1484 2473 1558 2509 haec
1579 2486 1643 2508 suo

960 2524 1068 2558 modo
1086 2526 1288 2570 exornavit,
1313 2539 1401 2561 eum.
1414 2526 1514 2561 finxit
1527 2540 1545 2563 e
1562 2526 1643 2562 sinu

961 2577 1132 2611 Saronico
1149 2579 1298 2613 solvisse.
1313 2596 1358 2605 -
1381 2580 1509 2619 Tellus,
1534 2580 1642 2615 etiam

959 2628 1002 2662 de
1024 2629 1134 2678 insula
1151 2630 1277 2664 dicitur
1291 2632 1412 2676 poetis.
1429 2632 1510 2667 Vid.
1531 2633 1642 2680 Hey—

960 2683 1054 2717 nius.
1085 2683 1127 2717 ad
1152 2685 1274 2730 Virgil.
1300 2686 1384 2721 AEn.
1411 2687 1486 2729 III,
1513 2689 1553 2733 73
1567 2714 1577 2732 ,
1605 2688 1642 2722 in

960 2736 1063 2769 Varr.
1076 2736 1152 2771 lect.
1167 2755 1211 2764 ·—
1221 2739 1387 2774 Adducor
1397 2743 1507 2775 litora.
1521 2741 1642 2775 Nostri

962 2787 1111 2823 Codices
1132 2789 1256 2835 Regii,
1277 2794 1421 2828 adduco.
1448 2792 1556 2827 Unde
1574 2806 1641 2828 ve-
