1832 3100
346 165 937 247 M‘ETAMORPHOSE
950 202 1042 246 ΟΝ
1074 203 1202 247 LIB.
1244 205 1347 248 III.

1472 206 1559 268 239

135 294 291 346 Vincla
313 295 414 351 duae,
431 294 622 362 pedibus
645 294 830 345 demunt
849 315 859 343 :
880 314 983 344 nam
1006 295 1182 344 doctior
1200 295 1290 346 illis

134 371 320 427 Ismenis
344 370 553 430 Crocale,
578 389 756 438 sparsos
778 391 859 439 per
883 370 997 421 colla
1020 371 1207 438 capillos

134 446 319 512 Colligit
338 447 386 496 in
409 448 598 506 nodum;
623 450 824 516 quamvis
849 461 942 499 erat
963 449 1060 516 ipsa
1083 447 1257 497 solutis.

1495 479 1557 516 ¹70

133 524 568 593 Excipiunt-laticem
590 525 899 594 Nepheleque,
922 524 1152 594 Hyaleque
1167 562 1180 584 ,
1204 525 1491 595 Rhanisque;

129 605 191 653 Et
209 604 392 662 Psecas,
419 615 464 653 et
486 603 665 662 Phiale;
690 604 973 672 funduntque
997 603 1233 671 capacibus
1257 605 1396 654 urnis.

127 682 336 748 Dumque
358 681 424 731 ibi
446 681 669 749 perluitur
693 681 825 731 solita
844 682 1022 732 Titania
1043 680 1250 749 lympha,

126 762 241 811 Ecce
263 779 404 828 nepos
428 760 610 820 Cadmi,
639 760 774 810 dilata
794 774 920 828 parte
940 761 1143 811 laborum
1156 799 1169 820 ‚

126 838 212 887 Per
234 857 389 888 nemus
413 838 621 903 ignotum
645 858 736 888 non
761 840 891 889 certis
914 840 1123 907 passibus
1146 846 1319 899 errans,
1491 856 1553 902 175

125 915 331 964 Pervenit
349 915 396 965 in
418 915 591 976 lucum;
617 917 679 966 sic
704 916 832 966 illum
853 916 945 966 fata
965 916 1179 966 ferebant.

125 993 219 1058 Qui
240 993 373 1042 simul
395 994 576 1044 intravit
595 995 794 1044 rorantia
818 994 1023 1043 fontibus
1047 1005 1198 1052 antra;

125 1069 251 1119 Sicut
271 1083 418 1131 erant,
443 1072 540 1121 viso
561 1073 693 1122 nudae
717 1092 794 1122 sua
818 1084 1001 1140 pectora
1023 1071 1243 1138 Nymphae

125 1211 235 1245 quum
250 1207 353 1236 antea
366 1203 497 1247 Κάδμου
513 1209 583 1242 ποῦς
596 1209 782 1238 vocaretur
795 1217 804 1245 ;

87 1285 93 1289 ,
123 1249 202 1285 vide
214 1251 338 1287 Burm.
351 1271 397 1279 —
406 1255 549 1288 Ismemssr
561 1256 710 1290 Crocale.
725 1254 806 1289 Co-

124 1301 189 1336 dex
206 1303 336 1350 Regius
349 1305 381 1339 A
392 1331 401 1349 ‚
418 1306 598 1348 Crocales‚·
621 1305 743 1342 Codex
753 1307 784 1341 B
794 1333 804 1351 ‚

130 1355 290 1390 Trocales
300 1383 310 1397 ‚
328 1357 459 1393 vitiose.
469 1359 616 1393 Ismenis
626 1358 696 1393 filia
707 1358 806 1393 fluvii

123 1407 257 1442 Ismeni
279 1420 321 1442 ex
340 1421 379 1444 re
401 1409 446 1444 de
465 1423 576 1456 graeco
598 1410 802 1453 nominata3

123 1461 250 1509 κροκᾶλη
262 1486 273 1504 ,
290 1460 440 1496 calculus
453 1469 504 1497 est
518 1462 661 1498 litoralis
672 1490 681 1504 ‚
699 1463 755 1498 vel
765 1463 803 1498 in

121 1513 195 1548 imo
204 1514 320 1550 sontis.
330 1516 397 1560 Ed.
405 1535 451 1543 —
459 1517 606 1552 Doctior
611 1527 625 1560 ,⁶
637 1517 782 1562 peritior
792 1531 802 1559 ;

119 1567 240 1601 doctus
254 1574 294 1602 ut
305 1571 394 1614 σορός
403 1594 413 1611 ,
432 1568 645 1615 quicumque
658 1570 802 1615 alicujus

119 1617 203 1652 artis
223 1618 356 1663 peritus
373 1626 446 1662 ειη
465 1620 545 1655 vide
562 1620 715 1657 Fischer.
737 1621 802 1656 In-

118 1668 233 1704 dicem
253 1670 292 1705 in
312 1670 432 1707 fich.
446 1671 481 1707 h.
499 1686 530 1708 v.
549 1680 585 1708 et
601 1674 800 1710 Burmann.

117 1719 161 1755 ad
178 1721 319 1758 Phaedri
336 1724 410 1768 IV,
427 1724 494 1760 sab.
510 1735 575 1759 xvl
588 1751 598 1769 ‚
614 1726 644 1760 8.
663 1725 712 1760 Et
724 1734 800 1761 erat

117 1773 217 1818 artis,
234 1774 349 1811 crines
364 1775 413 1811 sic
426 1776 589 1823 colligere
603 1791 612 1820 ;
629 1777 714 1813 hinc
728 1778 799 1813 mi-

115 1825 234 1861 nistrae
249 1853 260 1871 ,
291 1827 418 1873 quibus
441 1841 482 1864 ea
506 1842 591 1864 cura
611 1829 771 1875 injuncta
786 1857 796 1876 ‚

115 1878 271 1923 primum
284 1879 401 1915 locum
417 1881 596 1917 tenebant.
614 1882 738 1918 Amor.
756 1884 773 1918 Ι
786 1910 796 1928 ,

117 1940 156 1964 n
167 1956 176 1973 ,
198 1945 212 1965 1
230 1943 239 1966 z
253 1932 414 1978 Colligere
428 1937 573 1969 incedas
587 1940 622 1969 et
633 1938 668 1970 ιἰι
683 1938 799 1971 ordine

108 1995 233 2025 ponere
243 1987 354 2019 crines
364 1987 498 2028 Docta,
516 1999 620 2032 neque
632 1991 721 2022 inter
732 2001 799 2022 an-

114 2037 218 2070 cillas
231 2036 386 2072 habehda
396 2039 501 2082 Nape.
522 2039 798 2075 Hemisticliium

116 2091 264 2131 quamve}
279 2095 344 2123 etc.
366 2088 550 2136 Crispinus
566 2105 585 2127 a
603 2092 708 2127 sciolo
723 2105 797 2127 mo-

117 2139 230 2174 nacho
265 2140 442 2186 adjectum
480 2143 633 2189 putabat.
677 2144 796 2179 Immo

116 2192 223 2228 Ovid.
240 2206 283 2228 eo
303 2202 447 2239 monet,
467 2195 636 2231 artificem
649 2223 658 2241 ‚
676 2204 716 2232 ut
732 2197 794 2244 fit,

114 2257 195 2280 suos
209 2244 316 2291 ipsius
331 2247 444 2282 crines
456 2248 656 2294 neglexisse.

161 2298 437 2344 171.*Eaec1p1'1ml
449 2301 585 2335 laticem
594 2328 603 2342 ‚
635 2314 760 2347 aquam
775 2316 795 2338 a

113 2347 275 2394 latendo,
292 2349 388 2395 quod
398 2350 435 2385 in
450 2358 554 2388 terrae
568 2354 666 2389 venis
679 2354 793 2391 lateat.

114 2400 180 2434 Ed.
200 2419 245 2427 —
260 2403 478 2448 Nepheleque.
498 2404 682 2440 Bersman.
701 2408 794 2450 Nep-

111 2455 226 2496 !eque,
245 2452 303 2488 ἂπὲ
316 2461 370 2490 τοῦ
383 2461 507 2492 νίπτειν.
525 2455 649 2492 Codex
661 2458 793 2504 Regius

114 2503 146 2538 A
155 2505 377 2551 Nymphaque
384 2518 405 2549 ,·f
418 2507 540 2543 Codex
549 2509 578 2543 B
586 2509 679 2544 male
691 2523 792 2556 prop-

113 2562 168 2591 ter
182 2564 339 2592 metrum
351 2560 530 2605 Nymphoe,·
547 2561 609 2596 sed
620 2569 715 2597 recte
730 2576 793 2598 ve-

111 2609 274 2646 tustiores
280 2623 409 2657 magno
416 2625 567 2648 numero
574 2616 792 2660 Nepheleque.

159 2674 172 2696 ι
180 2664 230 2706 75.
242 2665 319 2698 Non
325 2667 425 2698 certis
430 2668 603 2708 passibus,
611 2667 686 2701 sine
694 2674 791 2702 certo

111 2714 254 2751 consilio
270 2723 305 2752 et
322 2718 518 2764 preposite,
530 2719 677 2755 errabat.
697 2722 793 2764 Vaga

866 1203 954 1246 pede
962 1214 1072 1236 errare
1080 1207 1133 1236 est
1143 1199 1291 1237 Heroid.
1302 1212 1366 1236 ΧΧΙ
1378 1227 1387 1245 ,
1407 1201 1462 1249 96.
1479 1203 1558 1237 Νοη

870 1257 972 1289 certis
980 1256 1134 1288 manibus
1140 1253 1267 1289 eodem
1274 1266 1377 1288 sensu
1389 1266 1442 1300 ap.
1450 1255 1559 1301 Prop.

873 1306 890 1340 Ι
900 1332 909 1349 ,
928 1317 973 1340 111
984 1332 994 1349 ‚
1011 1308 1041 1341 8.
1055 1306 1126 1340 Hic
1142 1319 1260 1341 versus
1272 1306 1308 1340 in
1324 1305 1532 1342 Florentino
1543 1334 1555 1351 ,

873 1358 1107 1404 Neapolitano
1123 1372 1162 1394 ac
1184 1358 1348 1394 Mediceo
1373 1359 1528 1395 secundo
1544 1388 1554 1405 ‚

869 1423 979 1445 manu
998 1410 1194 1445 recentiore
1213 1411 1363 1457 margini
1383 1419 1458 1446 erat
1482 1413 1552 1447 ad-

867 1462 1017 1507 scriptus
1028 1488 1038 1506 ,
1056 1468 1092 1497 et
1100 1462 1249 1507 proinde
1260 1463 1398 1508 spurius
1406 1463 1555 1498 Heinsio

869 1513 1063 1548 videbatur.
1086 1531 1131 1540 -·
1145 1513 1265 1550 Nostri
1283 1512 1433 1549 Codices
1450 1514 1556 1561 Regii

866 1565 963 1601 hunc
989 1579 1131 1601 versum
1163 1573 1367 1613 agnoscunt.
1399 1586 1444 1594 —
1469 1568 1553 1603 Non

866 1625 941 1653 erat
953 1644 963 1662 ,
980 1631 1044 1656 cur
1059 1618 1227 1654 Heinsius
1242 1632 1325 1653 eum
1339 1619 1418 1666 ejici
1428 1619 1554 1664 vellet3

865 1670 957 1705 valet
973 1671 1071 1705 enim
1085 1670 1130 1706 ad
1141 1672 1383 1707 innocentiam
1403 1673 1553 1709 Aetaeo-

865 1724 921 1759 nis
939 1723 1197 1760 declarandam.
1218 1725 1426 1761 Secundum
1442 1727 1553 1775 Hygi-

863 1789 972 1820 num,
991 1777 1159 1812 eumdem
1175 1777 1291 1812 locum
1303 1779 1443 1823 petebat
1457 1779 1500 1815 ad
1513 1793 1551 1815 se

864 1827 1162 1874 refrigerandum.
1186 1829 1358 1863 Nonnulli
1381 1836 1551 1865 venantes

861 1882 974 1914 lucum
985 1907 994 1920 ,
1026 1879 1062 1913 id
1086 1887 1137 1914 est
1148 1907 1156 1921 ,
1182 1888 1320 1925 partem
1341 1880 1551 1916 interiorem

864 1937 900 1966 et
909 1931 1121 1966 sanctiorem
1131 1935 1275 1966 nemoris
1285 1959 1294 1974 ,
1308 1932 1450 1968 adibant
1457 1933 1551 1968 Deo-

863 1996 945 2018 rum
953 1983 1240 2018 venerandorum
1247 1980 1358 2019 causa.
1366 1985 1548 2021 Plin.Pan.

863 2036 1147 2071 81.·—Ferebanl.
1162 2035 1231 2071 Sex
1242 2035 1335 2081 libri,
1349 2039 1548 2082 trabebant,-

863 2100 928 2132 pro
935 2090 972 2122 in
981 2090 1092 2122 lucum
1102 2087 1189 2122 alter
1198 2087 1342 2134 Regius,
1353 2090 1548 2134 adfonlem.

861 2159 905 2167 —
913 2141 1032 2176 Nostri
1042 2141 1157 2188 Regii,
1165 2143 1201 2176 in
1211 2143 1324 2176 lucum
1336 2142 1547 2186 etferebant.

909 2195 981 2241 178.
993 2196 1209 2238 Sicula-rant,
1228 2202 1269 2230 ut
1280 2195 1316 2231 11
1330 2222 1341 2240 ,
1358 2209 1433 2242 272.
1445 2197 1545 2232 Dum

861 2245 1044 2294 Nymphas
1063 2247 1236 2283 ululantes
1248 2274 1259 2292 ‚
1283 2247 1437 2283 Dianam
1459 2262 1545 2285 vero

859 2300 1016 2337 nonnisi
1031 2300 1303 2336 erubescentem
1317 2302 1399 2337 sacit
1408 2328 1418 2346 ,
1437 2302 1544 2338 deco-

858 2366 940 2388 rum
951 2353 1121 2389 observat.
1135 2373 1180 2380 —-
1197 2356 1338 2397 Teoeere,
1356 2355 1522 2401 exquisite
1533 2383 1543 2401 ,

859 2404 1013 2450 metaph.
1040 2418 1060 2440 a
1089 2405 1240 2441 vestibus
1267 2413 1393 2441 sumta.
1427 2406 1543 2442 Diana

857 2461 1039 2493 altitudine
1055 2472 1082 2494 s.
1099 2460 1307 2505 proceritate
1325 2466 1360 2493 et
1373 2459 1542 2506 dignitate

857 2511 1043 2556 conspicua
1053 2518 1127 2546 erat
1137 2525 1146 2553 ;
1158 2511 1252 2546 unde
1265 2512 1394 2557 reginae
1404 2513 1435 2547 ei
1444 2526 1542 2548 com-

857 2564 973 2609 parari
988 2564 1124 2608 solent,
1142 2564 1282 2599 Helena
1298 2564 1389 2610 apud
1402 2566 1541 2601 Home-

856 2630 938 2651 rum
947 2644 955 2657 ,
977 2616 1048 2651 Od.
1059 2623 1083 2651 Δ
1094 2643 1103 2661 ,
1126 2631 1185 2651 122
1196 2631 1203 2659 ;
1222 2617 1319 2652 Dido
1331 2617 1424 2664 apud
1438 2619 1537 2665 Virg.

857 2666 1000 2701 AEneid.
1012 2667 1028 2702 I
1039 2693 1049 2711 ‚
1061 2667 1125 2715 498
1132 2680 1206 2713 sqq.
1218 2695 1228 2713 ‚
1245 2668 1304 2703 ubi
1315 2669 1412 2704 Deos
1421 2682 1539 2714 super-

856 2723 977 2756 eminet
990 2733 1114 2755 omnes.
