1832 3100
333 213 421 255 526

712 215 761 257 P.
799 215 1037 260 OVIDII
1076 217 1380 264 NASONIS

327 305 473 353 Morte
495 305 676 368 fugant3
700 305 907 374 ultroque
930 321 1088 357 vocant
1105 310 1322 359 venientia
1343 311 1442 360 fata.

1670 327 1736 381 ⁶0⁵.

328 382 524 447 Corpora
548 382 680 430 missa
701 384 797 432 neci
820 384 953 433 nullis
976 385 1029 434 de
1052 406 1172 436 more
1195 387 1398 437 feruntur

324 458 570 506 Funeribus
585 478 605 517 3,
620 478 762 526 neque
790 462 905 509 enim
927 454 1157 528 capiebant
1179 463 1332 513 funera
1353 476 1491 531 portae
1513 484 1522 512 :

324 536 418 582 Aut
439 535 665 584 inhumata
682 551 888 603 premunt
912 550 1073 596 terras;
1099 552 1175 588 aut
1197 541 1356 589 dantur
1377 542 1424 589 in
1444 542 1557 590 altos

323 612 527 662 Indotata
550 633 683 676 rogos
705 635 715 662 z
735 627 778 663 et
798 616 885 680 jam
909 616 1148 664 reverentia
1170 616 1292 665 nulla
1313 629 1380 665 est
1396 637 1418 674 31

324 691 476 757 Deque
500 691 619 754 rogis
641 705 865 758 pugnant;
888 692 1128 760 alienisque
1151 694 1332 758 ignibus
1351 695 1514 744 ardent.

1668 714 1734 748 διο

324 769 418 832 Qui
440 768 677 836 lacryment
692 807 703 827 ‚
729 769 910 827 desunt3
934 770 1236 838 indefletaeque
1260 785 1474 836 vagantur

321 846 531 894 Natarum
553 858 827 912 matrumque
852 847 1003 895 animae
1019 885 1030 905 ,
1052 848 1347 915 juvenumque
1372 868 1611 916 senumque
1631 870 1641 898 ε

322 925 412 971 Nec
436 922 558 970 loeus
582 923 630 970 in
654 923 848 972 tumulos
864 961 877 982 ,
901 943 981 972 nec
1005 925 1167 972 suffieit
1189 926 1324 974 arbor
1346 926 1392 973 in
1415 926 1553 990 ignes.

389 1022 412 1042 »
443 1000 674 1048 Attonitus
699 1012 822 1049 tanto
847 1002 1102 1050 miserarum
1125 1004 1302 1051 turbine
1323 1023 1470 1067 rerum
1487 1041 1499 1063 ,

325 1100 345 1119 «
372 1077 549 1143 Jupiter
572 1097 598 1125 o
616 1114 627 1135 ,
655 1077 744 1145 dixi
760 1116 771 1136 ‚
801 1079 838 1126 si
862 1090 904 1126 te
928 1098 1018 1127 non
1043 1079 1421 1146 salsa-loquuntur

319 1208 440 1251 diunt,
457 1208 526 1243 sive
539 1234 548 1252 ,
572 1207 812 1243 intercludunt
831 1209 994 1243 animam.

321 1263 480 1306 Plenius,
498 1262 533 1295 in
551 1261 601 1296 Ibi
615 1288 623 1304 ‚
645 1264 705 1297 552
717 1288 726 1305 ,
745 1265 864 1302 anima.-
879 1265 994 1307 laqueo

318 1319 366 1349 sil
379 1317 436 1349 via
461 1316 579 1348 clausa
594 1319 666 1347 tuoe.
688 1314 734 1348 Et
749 1317 902 1348 claudere
917 1327 994 1348 om-

319 1366 406 1399 nino
419 1364 602 1410 impedire,
620 1371 660 1398 ut
676 1366 746 1408 VI,
767 1368 838 1410 572.
855 1367 995 1399 —Mor-

318 1420 442 1462 lisque,
469 1423 534 1451 etc.
552 1416 685 1462 Argute
708 1429 716 1451 ε
735 1429 780 1450 ne
794 1416 853 1450 diu
867 1417 992 1450 timore

319 1469 441 1504 mortis
457 1476 528 1504 tam
545 1468 671 1503 odiosae
686 1468 886 1502 crucientur
898 1495 907 1512 ,
929 1481 994 1502 re-

319 1528 423 1565 pente
443 1520 505 1554 sibi
525 1520 626 1554 aliam
649 1520 865 1554 consciscunt
889 1533 993 1553 mor-

320 1580 401 1607 tem.
426 1571 579 1614 Plinius,
599 1572 664 1616 Ep.
684 1572 756 1613 VI,
779 1583 845 1614 XX,
868 1574 905 1615 14
919 1598 927 1614 ,
950 1572 991 1606 de

318 1622 480 1657 incendio
498 1622 638 1656 Vesuvii
657 1632 664 1652 ἒ
684 1624 812 1663 Erant,
839 1626 993 1666 quimetu

318 1678 432 1709 mortis
447 1679 580 1708 mortem
595 1678 816 1717 precarentur.
841 1674 990 1708 Mirifice

319 1727 385 1760 hoc
402 1737 548 1760 acumen
563 1724 763 1759 Schirachio
775 1724 913 1769 placuit,
933 1725 990 1770 qui

318 1789 456 1812 summa
471 1776 518 1810 sic
529 1775 678 1810 efficacia
694 1775 807 1809 morbi
823 1776 992 1810 cruciatus

319 1831 428 1875 pictos
449 1841 520 1863 esse
545 1835 678 1863 monet.
695 1846 740 1852 —-
758 1828 891 1862 Praeter
906 1828 989 1862 illud

320 1883 424 1917 Plinii
444 1882 641 1927 exemplum
656 1907 665 1924 ,
697 1880 790 1925 quod
816 1880 928 1915 attulit
951 1880 991 1914 cl.

320 1937 452 1978 Gierig,
472 1934 542 1967 duo
558 1940 681 1968 caetera
695 1939 851 1977 petemus
863 1958 873 1975 ‚
898 1933 992 1978 prius

319 1988 360 2022 ab
378 1987 549 2030 Martiali,
577 1987 613 2021 11
633 2013 642 2030 ,
669 1986 786 2031 Epigr.
803 1987 845 2020 80
865 1999 872 2020 :
894 1988 984 2027 Hic,

315 2053 395 2083 rogo
407 2066 415 2079 ,
449 2052 514 2073 non
531 2038 632 2082 furor
651 2042 705 2072 est
719 2064 728 2078 ,
759 2051 800 2072 ne
820 2041 959 2072 moriare
976 2065 984 2078 ,

316 2095 427 2128 mori?
447 2091 594 2125 alterum
609 2103 627 2124 a
643 2090 761 2132 Floro,
780 2090 836 2132 II,
859 2104 895 2124 12
909 2103 917 2124 ε
932 2103 990 2124 cu-

309 2145 372 2190 jus
379 2137 479 2177 tanta
495 2146 669 2186 trepidatio
670 2142 757 2186 fuit,
770 2147 808 2176 ut
815 2147 990 2186 pecuniam

314 2209 442 2231 omnem
455 2198 491 2229 in
499 2208 590 2229 mare
590 2196 736 2239 jusserit
744 2196 848 2238 mergi
853 2222 860 2234 ‚
882 2208 991 2239 nepe-

316 2253 413 2292 riret‚·
429 2251 571 2282 classem
584 2251 726 2282 cremari
732 2274 740 2287 ,
769 2261 809 2282 nc·
826 2251 988 2282 incende-

316 2305 412 2335 retur.
429 2299 547 2334 Ed.—
563 2302 689 2334 Vocare
701 2299 776 2344 quis
793 2299 918 2333 dicitur
930 2312 987 2341 ea,

315 2364 393 2397 quae
413 2351 585 2386 accelerat.
610 2351 704 2386 Huic
719 2351 807 2385 bene
825 2352 988 2386 convenit

315 2407 498 2443 venientia,
527 2403 619 2448 quod
639 2403 863 2438 Burmannus
886 2403 987 2437 illus-

316 2462 384 2490 trat
411 2468 419 2490 ε
449 2456 586 2490 Persius
598 2481 607 2497 ,
634 2455 711 2499 111,
743 2455 786 2497 64
798 2482 806 2495 ‚
838 2457 993 2489 Venienli

311 2520 479 2542 occurrere
494 2510 613 2541 morbo.

358 2559 434 2603 607.
452 2561 649 2599 Funeribus,
669 2558 835 2602 exsequiis
847 2584 856 2601 ,
876 2571 985 2603 pom—

313 2611 365 2655 pis
393 2611 605 2645 funebribus.
634 2612 706 2645 Has
731 2623 801 2644 non
824 2614 989 2654 cepissent

315 2670 447 2707 portae;
474 2663 527 2697 hae
550 2675 623 2698 non
651 2662 842 2707 potuissent
863 2674 984 2696 omnes

315 2726 379 2758 per
394 2721 508 2759 portas
519 2715 620 2748 exire.
641 2715 773 2748 I‘erriet
784 2712 901 2756 efferri
911 2726 983 2747 ver-

1635 1133 1637 1139 ,
1665 1096 1731 1130 615

1059 1210 1102 1244 ba
1126 1224 1176 1255 pr.
1195 1211 1230 1244 in
1248 1210 1312 1246 hac
1336 1224 1385 1246 re.
1413 1211 1594 1246 Lucretius
1608 1237 1617 1255 ‚
1639 1211 1730 1247 dicto

1058 1262 1134 1296 loco
1145 1289 1154 1305 ,
1182 1263 1264 1308 1276
1283 1276 1290 1297 :
1311 1266 1382 1297 Nec
1398 1276 1469 1298 mos
1483 1267 1542 1298 ille
1559 1267 1731 1314 sfpulturoe

1058 1317 1249 1348 remanebat
1256 1319 1292 1348 in
1308 1317 1386 1349 urbe
1394 1342 1403 1355 ‚
1429 1316 1477 1349 Ut
1485 1318 1580 1359 prius
1592 1317 1649 1350 hic
1658 1329 1727 1359 po—

1049 1370 1152 1411 pulus
1167 1380 1295 1411 semper
1303 1372 1480 1402 consuerat
1492 1370 1631 1402 humari.
1646 1370 1730 1403 Per—

1056 1421 1206 1452 turbatus
1233 1421 1318 1452 enim
1345 1423 1433 1452 totus
1461 1420 1650 1463 trepidabat
1665 1446 1673 1459 ,
1697 1425 1732 1453 el

1054 1484 1141 1505 unus
1161 1472 1304 1515 Quisque
1319 1483 1414 1505 suam
1422 1484 1487 1515 pra
1501 1484 1536 1506 re
1548 1476 1729 1505 consortem

1054 1526 1187 1555 moestus
1205 1523 1373 1556 humabat.
1383 1540 1428 1547 —
1438 1522 1540 1556 Altos
1556 1528 1668 1556 ornat.
1687 1541 1729 1548 —

1054 1575 1215 1607 Indotata
1226 1601 1234 1613 ,
1253 1574 1327 1608 sine
1340 1574 1544 1608 muneribus
1556 1599 1566 1617 ,
1585 1580 1660 1619 quae‘
1672 1574 1730 1608 in—
1755 1595 1761 1599 -

1055 1625 1111 1668 jici
1131 1625 1168 1658 in
1185 1637 1286 1670 rogos
1305 1625 1345 1659 ab
1361 1626 1478 1660 amicis
1491 1625 1670 1669 solebant,
1688 1632 1728 1660 ut

1054 1683 1147 1710 recte
1164 1677 1256 1721 cepit
1275 1677 1417 1722 Regius.

1097 1727 1173 1760 6ιο.
1199 1729 1315 1771 Deque
1339 1731 1430 1771 rogis
1449 1732 1631 1771 pugnant‚·
1662 1734 1727 1762 etc.

1054 1778 1234 1812 Lucretius
1249 1804 1258 1821 ,
1270 1778 1351 1812 ibid.
1369 1779 1452 1812 1280
1468 1779 1662 1823 :Multaque
1675 1783 1729 1813 vis

1053 1834 1165 1866 subita
1191 1838 1226 1866 et
1243 1838 1426 1876 paupertas
1451 1835 1587 1867 horrida
1609 1837 1727 1867 suasit.

1054 1885 1204 1927 Namque
1227 1896 1306 1917 suos
1329 1886 1590 1927 consanguineos
1613 1886 1728 1918 aliena

1052 1948 1202 1979 rogorum
1209 1937 1351 1979 Insuper
1356 1939 1520 1969 instructa
1527 1938 1657 1979 ingenti
1661 1938 1728 1971 cla—

1054 2001 1141 2021 more
1155 1990 1331 2027 locabant,
1351 1987 1723 2033 Subdebantquesaces,

1053 2042 1154 2073 mullo
1175 2053 1248 2074 cum
1267 2042 1430 2083 sanguine
1449 2050 1534 2083 soepe
1559 2041 1727 2074 Bizantes

1045 2093 1179 2133 polius,
1209 2103 1307 2135 quam
1335 2102 1471 2133 corpora
1497 2092 1725 2125 desererentur.

1055 2142 1200 2176 Umbrae
1219 2142 1316 2186 justis
1339 2140 1558 2176 defraudat&
1566 2154 1636 2176 non
1654 2154 1724 2188 po-

1053 2201 1168 2228 terant
1185 2193 1291 2240 Styga
1309 2194 1456 2228 transire
1470 2219 1480 2237 ,
1509 2193 1569 2228 sed
1590 2193 1659 2228 huc
1675 2194 1723 2227 il-

1051 2246 1148 2281 lucve
1165 2250 1392 2290 vagabantur,
1412 2246 1583 2281 errabant.
1599 2265 1644 2272 —
1654 2247 1723 2280 Nec

1052 2300 1145 2332 locus
1160 2305 1225 2331 etc.
1248 2298 1360 2332 Nimis
1380 2298 1472 2332 auxit
1486 2310 1573 2332 rem.

1094 2349 1133 2383 51
1141 2351 1169 2383 5.
1185 2349 1385 2383 Sisolemne
1398 2349 1435 2383 in
1447 2349 1724 2394 precibus.--Sub

1050 2404 1222 2445 amplexus
1247 2405 1295 2436 ire
1313 2429 1321 2441 ‚
1348 2402 1591 2437 concumbere.
1612 2401 1724 2435 Valde

1052 2461 1169 2488 autem
1196 2454 1250 2489 hic
1270 2454 1404 2488 variant
1432 2454 1596 2488 lectiones
1617 2453 1724 2487 MSS.

1051 2515 1086 2541 et
1095 2506 1358 2541 emendationes
1369 2507 1613 2551 interpretum.
1623 2505 1725 2540 Schi-

1049 2560 1183 2594 racbius
1193 2560 1476 2604 putat,Ovidium
1488 2560 1600 2605 ipsum
1608 2559 1722 2604 plures

1049 2611 1142 2653 juxta
1157 2623 1192 2644 se
1210 2611 1358 2655 posuisse
1376 2611 1566 2646 locutiones
1581 2637 1590 2654 ,
1613 2623 1631 2644 e
1644 2610 1722 2654 qui—

1049 2662 1111 2696 bus
1125 2669 1242 2706 postea
1259 2662 1399 2706 eligeret
1416 2663 1593 2707 optimam.
1612 2661 1719 2694 blaxi-

1049 2726 1105 2747 me
1123 2713 1233 2758 placet
1255 2713 1348 2758 quod
1372 2714 1522 2748 Marian.
1539 2713 1679 2747 Accurs.
1699 2724 1717 2745 e
