1832 3100
298 203 348 258 14
802 201 1185 267 PRAEFATm

287 296 374 344 tori
396 307 615 354 crearent,
648 295 942 362 pugnantium
975 297 1190 363 patriam,
1224 296 1454 355 habitum,
1482 309 1670 348 conatus
1691 335 1703 358 ,

289 383 487 442 vulnera,
512 395 676 432 mortes
705 385 891 434 maxima
922 384 1128 434 varietate
1163 385 1502 453 descripserunt.
1545 388 1708 436 Noster

291 472 442 535 igitur,
461 491 599 539 quum
617 473 803 521 Perseus
823 485 867 521 et
883 473 1082 522 Theseus
1102 473 1157 522 ab
1174 493 1226 522 eo
1245 473 1522 540 producendi
1539 486 1705 532 essent,

294 580 484 627 quorum
501 561 640 609 virtus
655 561 785 609 etiam
803 561 850 609 in
867 561 1030 628 praeliis
1052 562 1288 622 enituerat,
1306 582 1386 611 nec
1399 563 1491 612 haec
1505 562 1560 612 ab
1577 580 1708 630 opere

294 668 376 698 suo
392 650 434 696 V
451 661 494 698 et
507 650 596 697 XII
614 649 767 698 abesse
784 648 940 709 voluit,
957 669 1115 717 easque
1129 651 1446 719 descriptiones
1463 671 1556 700 non
1572 651 1707 700 modo

276 737 338 809 xin
358 720 564 785 universa
583 736 876 786 delineatione
890 775 901 795 ,
926 737 1001 786 sed
1023 738 1152 787 etiam
1172 739 1219 786 in
1241 739 1505 806 quibusdam
1517 738 1710 797 bellato-

290 826 414 874 ribus
437 825 647 874 notandis
663 825 718 873 ad
736 825 933 893 exempla
951 826 1026 875 illa
1042 828 1318 893 composuit;
1343 828 1623 894 eamdemque
1640 846 1712 876 ra-

293 914 461 962 tionem
483 914 614 962 etiam
635 914 682 962 in
705 914 800 981 apri
825 914 1056 981 Calydonii
1077 915 1308 962 venatione
1328 925 1504 963 secutus
1523 927 1602 963 est.
1623 916 1711 964 Ce-

294 1001 551 1051 lebrabatur
569 1004 767 1051 omnium
792 1023 992 1050 sermone
1018 1002 1222 1050 sublimis
1247 1002 1320 1050 ille
1349 1003 1533 1051 Homeri
1561 1002 1708 1063 locus,

293 1111 382 1158 quo
401 1091 578 1158 Jupiter
590 1107 806 1138 concusso
826 1089 968 1155 capite
984 1088 1225 1156 Olympum
1242 1102 1412 1139 movet:
1428 1090 1557 1140 talem
1575 1079 1712 1154 igitur

292 1182 450 1229 Jovem
476 1192 520 1229 et
550 1180 646 1246 ipse
671 1177 859 1226 induxit.
890 1177 1034 1226 Pestis
1059 1171 1400 1244 descriptiones,
1434 1197 1563 1245 quas,
1587 1179 1711 1228 Thu-

296 1268 449 1335 cydide
471 1279 691 1334 praeeunte
708 1304 719 1324 ‚
745 1266 978 1315 Lucretius
997 1277 1128 1332 atque
1145 1265 1360 1329 Virgilius
1383 1266 1615 1326 dederant,
1637 1286 1713 1316 cu-

297 1355 400 1421 pide
434 1355 488 1403 ab
514 1353 721 1402 omnibus
743 1353 1027 1417 legebantur3
1052 1353 1184 1402 simili
1205 1354 1343 1417 igitur
1362 1353 1487 1413 loco,
1513 1367 1713 1404 auctores

294 1443 400 1491 illos
424 1441 636 1505 effingens
650 1479 662 1500 ,
695 1460 824 1489 suum
856 1461 1034 1508 quoque
1071 1460 1185 1507 opus
1211 1442 1392 1490 ornavit.
1436 1444 1590 1508 Neque
1612 1443 1712 1491 inde

296 1530 619 1598 Polyphemum
651 1529 804 1577 abesse
835 1528 997 1587 voluit,
1023 1529 1078 1577 ab
1104 1530 1299 1578 Homero
1327 1541 1371 1577 et
1390 1529 1579 1593 Virgilio
1603 1529 1713 1578 locis

297 1619 550 1681 insignibus
567 1629 782 1666 notatum.
804 1617 1017 1666 Similiter
1036 1618 1083 1665 in
1104 1618 1286 1680 magicis
1303 1618 1436 1667 rebus
1459 1618 1714 1668 enarrandis

298 1707 534 1755 Horatium
549 1744 560 1764 ,
579 1705 837 1768 Virgilium,
863 1718 906 1754 et
923 1705 1174 1764 Tibullum,
1197 1706 1244 1753 in
1261 1707 1391 1755 variis
1410 1707 1613 1755 aetatibus
1629 1706 1714 1754 hos

300 1796 415 1844 duos
432 1806 701 1862 postremos,
723 1806 766 1842 et
783 1794 1030 1842 Hesiodum
1051 1794 1258 1861 respexit.
1281 1795 1354 1843 Ad
1370 1794 1545 1858 Virgilii
1561 1806 1715 1843 aucto-

301 1885 475 1932 ritatem
500 1883 629 1932 etiam
661 1882 832 1949 Orphei
853 1902 905 1931 ex
930 1882 1146 1949 Eurydice
1170 1882 1335 1931 luctum
1350 1921 1362 1942 ,
1392 1883 1585 1931 Junonis
1610 1882 1717 1931 soli-

302 1970 453 2036 loquia
467 2008 479 2028 ,
514 1983 557 2018 et
579 1970 835 2018 descensum
859 1981 946 2017 tam
968 1969 1023 2017 ad
1044 1970 1164 2017 Deos
1181 1971 1395 2028 marinos,
1421 1989 1551 2036 quam
1573 1969 1628 2018 ad
1647 1969 1715 2016 in-

301 2057 434 2115 feros,
456 2057 696 2105 inferorum
708 2058 908 2124 ipsorum
925 2056 1274 2115 delineationem,
1291 2058 1483 2106 Dearum
1503 2055 1716 2105 transfor-

302 2145 518 2193 mationes
528 2182 540 2203 ,
560 2145 725 2211 quibus
739 2145 920 2194 fallendi
938 2164 1065 2194 causa
1080 2144 1238 2193 anilem
1250 2143 1433 2193 somnam
1452 2154 1714 2202 sumserant,

303 2233 538 2282 fulminum
559 2233 683 2281 Jovis
708 2234 1097 2300 compositionem,
1120 2233 1241 2281 canis
1271 2232 1456 2281 venatici
1491 2232 1538 2279 in
1567 2231 1716 2298 lepore

305 2323 610 2390 persequendo
630 2323 922 2382 velocitatem,
949 2323 1110 2371 multas
1129 2322 1437 2371 similitudines
1455 2321 1717 2371 sententias·-

303 2432 387 2478 que
414 2412 676 2478 composuit.
704 2413 757 2458 In
779 2410 944 2459 diluvio
963 2410 1262 2459 Deucalioneo
1282 2409 1417 2458 lineas
1436 2409 1647 2476 quasdam
1664 2429 1716 2458 ex

306 2502 496 2549 Horatio
515 2502 641 2550 duxit
653 2539 664 2559 ,
682 2500 969 2567 eumdemque
987 2500 1176 2558 effinxit,
1197 2518 1333 2566 quum
1349 2498 1437 2546 vim
1457 2510 1610 2547 cantus
1629 2500 1718 2547 Or-

305 2587 428 2653 phici
450 2588 569 2654 apud
590 2588 755 2637 inferos
778 2587 970 2636 referret.
997 2588 1112 2635 Sunt
1132 2599 1176 2635 et
1194 2587 1277 2635 alia
1300 2586 1415 2643 loca,
1440 2587 1486 2634 in
1513 2586 1675 2651 quibus
1693 2603 1717 2632 a

307 2676 675 2741 Lucretio-atque
705 2675 888 2723 Tibullo
921 2674 1144 2741 pependit.
1184 2677 1238 2722 In
1271 2674 1458 2722 carmine
1485 2671 1715 2738 pastoritio
