<?xml version="1.0" encoding="UTF-8"?>
<!DOCTYPE html PUBLIC "-//W3C//DTD XHTML 1.0 Transitional//EN"
    "http://www.w3.org/TR/xhtml1/DTD/xhtml1-transitional.dtd">
<html xmlns="http://www.w3.org/1999/xhtml" xml:lang="en" lang="en">
 <head>
  <title>
</title>
<meta http-equiv="Content-Type" content="text/html;charset=utf-8" />
  <meta name='ocr-system' content='tesseract 3.04.00' />
  <meta name='ocr-capabilities' content='ocr_page ocr_carea ocr_par ocr_line ocrx_word'/>
</head>
<body>
  <div class='ocr_page' id='page_1' title='image "./quaeextantomniao03oviduoft_0426.png"; bbox 0 0 1832 3100; ppageno 0'>
   <div class='ocr_carea' id='block_1_1' title="bbox 332 249 419 309">
    <p class='ocr_par' dir='ltr' id='par_1_1' title="bbox 332 249 419 309">
     <span class='ocr_line' id='line_1_1' title="bbox 332 249 419 309; baseline -0.057 0"><span class='ocrx_word' id='word_1_1' title='bbox 332 249 419 309; x_wconf 78' lang='grc'><strong>394</strong></span> 
     </span>
    </p>
   </div>
   <div class='ocr_carea' id='block_1_2' title="bbox 701 250 1374 303">
    <p class='ocr_par' dir='ltr' id='par_1_2' title="bbox 701 250 1374 303">
     <span class='ocr_line' id='line_1_2' title="bbox 701 250 1374 303; baseline 0.012 -8"><span class='ocrx_word' id='word_1_2' title='bbox 701 255 752 296; x_wconf 91' lang='grc' dir='ltr'><strong>Ρ.</strong></span> <span class='ocrx_word' id='word_1_3' title='bbox 798 255 1031 300; x_wconf 86' lang='lat' dir='ltr'><strong>OVIDII</strong></span> <span class='ocrx_word' id='word_1_4' title='bbox 1078 250 1374 303; x_wconf 81' lang='lat' dir='ltr'><strong>NASONIS</strong></span> 
     </span>
    </p>
   </div>
   <div class='ocr_carea' id='block_1_3' title="bbox 324 341 1738 881">
    <p class='ocr_par' dir='ltr' id='par_1_3' title="bbox 330 341 1567 417">
     <span class='ocr_line' id='line_1_3' title="bbox 330 341 1567 417; baseline 0.011 -29"><span class='ocrx_word' id='word_1_5' title='bbox 330 341 514 390; x_wconf 82' lang='lat' dir='ltr'><strong>Offensa</strong></span> <span class='ocrx_word' id='word_1_6' title='bbox 537 354 626 401; x_wconf 87' lang='lat' dir='ltr'><strong>est;</strong></span> <span class='ocrx_word' id='word_1_7' title='bbox 650 363 792 411; x_wconf 86' lang='lat' dir='ltr'><strong>neque</strong></span> <span class='ocrx_word' id='word_1_8' title='bbox 814 346 956 395; x_wconf 87' lang='lat' dir='ltr'><strong>adhuc</strong></span> <span class='ocrx_word' id='word_1_9' title='bbox 981 360 1110 414; x_wconf 87' lang='lat' dir='ltr'><strong>epota</strong></span> <span class='ocrx_word' id='word_1_10' title='bbox 1132 359 1257 415; x_wconf 87' lang='lat' dir='ltr'><strong>parte</strong></span> <span class='ocrx_word' id='word_1_11' title='bbox 1280 388 1291 408; x_wconf 91' lang='lat'><strong><em>,</em></strong></span> <span class='ocrx_word' id='word_1_12' title='bbox 1316 351 1567 417; x_wconf 87' lang='lat' dir='ltr'><strong>loquentem</strong></span> 
     </span>
    </p>

    <p class='ocr_par' dir='ltr' id='par_1_4' title="bbox 330 417 1365 493">
     <span class='ocr_line' id='line_1_4' title="bbox 330 417 1365 493; baseline 0.011 -28"><span class='ocrx_word' id='word_1_13' title='bbox 330 418 442 466; x_wconf 90' lang='lat' dir='ltr'><strong>Cum</strong></span> <span class='ocrx_word' id='word_1_14' title='bbox 464 417 634 484; x_wconf 88' lang='lat' dir='ltr'><strong>liquido</strong></span> <span class='ocrx_word' id='word_1_15' title='bbox 658 420 793 470; x_wconf 86' lang='lat' dir='ltr'><strong>mixta</strong></span> <span class='ocrx_word' id='word_1_16' title='bbox 816 423 1011 489; x_wconf 85' lang='lat' dir='ltr'><strong>perfudit</strong></span> <span class='ocrx_word' id='word_1_17' title='bbox 1038 425 1150 473; x_wconf 89' lang='lat' dir='ltr'><strong>Diva</strong></span> <span class='ocrx_word' id='word_1_18' title='bbox 1172 426 1365 493; x_wconf 83' lang='lat' dir='ltr'><strong>polenta.</strong></span> 
     </span>
    </p>

    <p class='ocr_par' dir='ltr' id='par_1_5' title="bbox 326 494 1738 646">
     <span class='ocr_line' id='line_1_5' title="bbox 328 494 1738 569; baseline 0.011 -28"><span class='ocrx_word' id='word_1_19' title='bbox 328 494 560 544; x_wconf 86' lang='lat' dir='ltr'><strong>Combibit</strong></span> <span class='ocrx_word' id='word_1_20' title='bbox 582 516 633 546; x_wconf 92' lang='lat' dir='ltr'><strong>os</strong></span> <span class='ocrx_word' id='word_1_21' title='bbox 656 498 870 558; x_wconf 87' lang='lat' dir='ltr'><strong>maculas;</strong></span> <span class='ocrx_word' id='word_1_22' title='bbox 896 513 963 558; x_wconf 91' lang='lat' dir='ltr'><strong>et,</strong></span> <span class='ocrx_word' id='word_1_23' title='bbox 989 521 1077 567; x_wconf 85' lang='lat' dir='ltr'><strong>qua</strong></span> <span class='ocrx_word' id='word_1_24' title='bbox 1099 503 1230 552; x_wconf 89' lang='lat' dir='ltr'><strong>modo</strong></span> <span class='ocrx_word' id='word_1_25' title='bbox 1252 505 1432 554; x_wconf 88' lang='lat' dir='ltr'><strong>brachia</strong></span> <span class='ocrx_word' id='word_1_26' title='bbox 1453 507 1607 569; x_wconf 83' lang='lat' dir='ltr'><strong>gessit,</strong></span> <span class='ocrx_word' id='word_1_27' title='bbox 1672 521 1738 567; x_wconf 76' lang='lat'><strong>455</strong></span> 
     </span>
     <span class='ocr_line' id='line_1_6' title="bbox 326 573 1507 646; baseline 0.01 -26"><span class='ocrx_word' id='word_1_28' title='bbox 326 573 467 621; x_wconf 89' lang='lat' dir='ltr'>Crura</span> <span class='ocrx_word' id='word_1_29' title='bbox 491 575 602 636; x_wconf 83' lang='lat' dir='ltr'><strong>gerit</strong></span> <span class='ocrx_word' id='word_1_30' title='bbox 621 595 630 622; x_wconf 92' lang='lat'><strong>:</strong></span> <span class='ocrx_word' id='word_1_31' title='bbox 652 577 789 624; x_wconf 89' lang='lat' dir='ltr'><strong>cauda</strong></span> <span class='ocrx_word' id='word_1_32' title='bbox 811 589 876 625; x_wconf 92' lang='lat' dir='ltr'><strong>est</strong></span> <span class='ocrx_word' id='word_1_33' title='bbox 897 579 1076 627; x_wconf 86' lang='lat' dir='ltr'><strong>mutatis</strong></span> <span class='ocrx_word' id='word_1_34' title='bbox 1100 580 1246 629; x_wconf 88' lang='lat' dir='ltr'><strong>addita</strong></span> <span class='ocrx_word' id='word_1_35' title='bbox 1269 583 1475 632; x_wconf 83' lang='lat' dir='ltr'><strong>membris</strong></span> <span class='ocrx_word' id='word_1_36' title='bbox 1494 604 1507 646; x_wconf 88' lang='lat'>;</span> 
     </span>
    </p>

    <p class='ocr_par' dir='ltr' id='par_1_6' title="bbox 324 651 1633 881">
     <span class='ocr_line' id='line_1_7' title="bbox 326 651 1560 723; baseline 0.011 -26"><span class='ocrx_word' id='word_1_37' title='bbox 326 651 468 716; x_wconf 90' lang='lat' dir='ltr'><strong>Inque</strong></span> <span class='ocrx_word' id='word_1_38' title='bbox 492 652 668 700; x_wconf 88' lang='lat' dir='ltr'><strong>brevem</strong></span> <span class='ocrx_word' id='word_1_39' title='bbox 688 654 873 702; x_wconf 78' lang='lat' dir='ltr'><strong>somnam</strong></span> <span class='ocrx_word' id='word_1_40' title='bbox 888 691 900 712; x_wconf 88' lang='lat'>,</span> <span class='ocrx_word' id='word_1_41' title='bbox 925 674 982 703; x_wconf 93' lang='lat' dir='ltr'><strong>ne</strong></span> <span class='ocrx_word' id='word_1_42' title='bbox 1005 656 1064 703; x_wconf 87' lang='lat' dir='ltr'><strong>sit</strong></span> <span class='ocrx_word' id='word_1_43' title='bbox 1085 658 1151 706; x_wconf 85' lang='lat' dir='ltr'><strong>vis</strong></span> <span class='ocrx_word' id='word_1_44' title='bbox 1173 677 1329 721; x_wconf 89' lang='lat' dir='ltr'><strong>magna</strong></span> <span class='ocrx_word' id='word_1_45' title='bbox 1348 662 1560 723; x_wconf 87' lang='lat' dir='ltr'><strong>nocendi,</strong></span> 
     </span>
     <span class='ocr_line' id='line_1_8' title="bbox 326 727 1564 804; baseline 0.012 -30"><span class='ocrx_word' id='word_1_46' title='bbox 326 727 642 787; x_wconf 80' lang='lat' dir='ltr'><strong>Contrahitur;</strong></span> <span class='ocrx_word' id='word_1_47' title='bbox 668 750 886 797; x_wconf 89' lang='lat' dir='ltr'><strong>parvaque</strong></span> <span class='ocrx_word' id='word_1_48' title='bbox 910 733 1057 782; x_wconf 89' lang='lat' dir='ltr'><strong>minor</strong></span> <span class='ocrx_word' id='word_1_49' title='bbox 1075 754 1279 784; x_wconf 87' lang='lat' dir='ltr'><strong>mensura</strong></span> <span class='ocrx_word' id='word_1_50' title='bbox 1302 737 1463 804; x_wconf 82' lang='lat' dir='ltr'><strong>lacerta</strong></span> <span class='ocrx_word' id='word_1_51' title='bbox 1485 752 1564 788; x_wconf 88' lang='lat' dir='ltr'><strong>est.</strong></span> 
     </span>
     <span class='ocr_line' id='line_1_9' title="bbox 324 804 1633 881; baseline 0.012 -30"><span class='ocrx_word' id='word_1_52' title='bbox 324 804 560 853; x_wconf 82' lang='lat' dir='ltr'><strong>Mirantem</strong></span> <span class='ocrx_word' id='word_1_53' title='bbox 575 843 587 863; x_wconf 90' lang='lat'>‚</span> <span class='ocrx_word' id='word_1_54' title='bbox 609 806 872 873; x_wconf 90' lang='lat' dir='ltr'><strong>flentemque</strong></span> <span class='ocrx_word' id='word_1_55' title='bbox 887 846 898 867; x_wconf 90' lang='lat'>‚</span> <span class='ocrx_word' id='word_1_56' title='bbox 926 821 969 857; x_wconf 91' lang='lat' dir='ltr'><strong>et</strong></span> <span class='ocrx_word' id='word_1_57' title='bbox 992 821 1168 874; x_wconf 86' lang='lat' dir='ltr'><strong>tangere</strong></span> <span class='ocrx_word' id='word_1_58' title='bbox 1190 826 1388 863; x_wconf 88' lang='lat' dir='ltr'><strong>monstra</strong></span> <span class='ocrx_word' id='word_1_59' title='bbox 1407 829 1633 881; x_wconf 84' lang='lat' dir='ltr'><strong>parantem</strong></span> 
     </span>
    </p>
   </div>
   <div class='ocr_carea' id='block_1_4' title="bbox 322 881 1547 957">
    <p class='ocr_par' dir='ltr' id='par_1_7' title="bbox 322 881 1547 957">
     <span class='ocr_line' id='line_1_10' title="bbox 322 881 1547 957; baseline 0.012 -30"><span class='ocrx_word' id='word_1_60' title='bbox 322 881 456 944; x_wconf 84' lang='lat' dir='ltr'>Fugit</span> <span class='ocrx_word' id='word_1_61' title='bbox 480 902 635 940; x_wconf 87' lang='lat' dir='ltr'><strong>anum,</strong></span> <span class='ocrx_word' id='word_1_62' title='bbox 663 883 960 952; x_wconf 83' lang='lat' dir='ltr'><strong>latebramque</strong></span> <span class='ocrx_word' id='word_1_63' title='bbox 984 889 1122 953; x_wconf 81' lang='lat' dir='ltr'><strong>petit3</strong></span> <span class='ocrx_word' id='word_1_64' title='bbox 1148 902 1388 957; x_wconf 90' lang='lat' dir='ltr'><strong>aptumque</strong></span> <span class='ocrx_word' id='word_1_65' title='bbox 1409 892 1547 942; x_wconf 88' lang='lat' dir='ltr'><strong>colori</strong></span> 
     </span>
    </p>
   </div>
   <div class='ocr_carea' id='block_1_5' title="bbox 1638 905 1729 955">
    <p class='ocr_par' dir='ltr' id='par_1_8' title="bbox 1638 905 1729 955">
     <span class='ocr_line' id='line_1_11' title="bbox 1638 905 1729 955; baseline 0.011 -46"><span class='ocrx_word' id='word_1_66' title='bbox 1638 905 1729 955; x_wconf 50' lang='lat'><strong>4⁶0</strong></span> 
     </span>
    </p>
   </div>
   <div class='ocr_carea' id='block_1_6' title="bbox 321 958 1572 1185">
    <p class='ocr_par' dir='ltr' id='par_1_9' title="bbox 321 958 1572 1185">
     <span class='ocr_line' id='line_1_12' title="bbox 321 958 1437 1033; baseline 0.012 -29"><span class='ocrx_word' id='word_1_67' title='bbox 321 958 494 1006; x_wconf 87' lang='lat' dir='ltr'><strong>Nomen</strong></span> <span class='ocrx_word' id='word_1_68' title='bbox 518 959 678 1019; x_wconf 86' lang='lat' dir='ltr'><strong>habet,</strong></span> <span class='ocrx_word' id='word_1_69' title='bbox 705 961 834 1010; x_wconf 83' lang='lat' dir='ltr'><strong>variis</strong></span> <span class='ocrx_word' id='word_1_70' title='bbox 854 963 1051 1014; x_wconf 86' lang='lat' dir='ltr'><strong>stellatus</strong></span> <span class='ocrx_word' id='word_1_71' title='bbox 1075 985 1262 1033; x_wconf 82' lang='lat' dir='ltr'><strong>corpora</strong></span> <span class='ocrx_word' id='word_1_72' title='bbox 1286 969 1437 1031; x_wconf 87' lang='lat' dir='ltr'><strong>guttis.</strong></span> 
     </span>
     <span class='ocr_line' id='line_1_13' title="bbox 388 1036 1572 1108; baseline 0.011 -26"><span class='ocrx_word' id='word_1_73' title='bbox 388 1057 411 1076; x_wconf 67' lang='lat'><strong>&gt;³</strong></span> <span class='ocrx_word' id='word_1_74' title='bbox 435 1036 559 1099; x_wconf 82' lang='lat' dir='ltr'><strong>Quas</strong></span> <span class='ocrx_word' id='word_1_75' title='bbox 582 1037 676 1086; x_wconf 85' lang='lat' dir='ltr'><strong>Dea</strong></span> <span class='ocrx_word' id='word_1_76' title='bbox 694 1058 775 1104; x_wconf 88' lang='lat' dir='ltr'><strong>per</strong></span> <span class='ocrx_word' id='word_1_77' title='bbox 796 1051 956 1099; x_wconf 85' lang='lat' dir='ltr'><strong>terras,</strong></span> <span class='ocrx_word' id='word_1_78' title='bbox 983 1053 1027 1090; x_wconf 89' lang='lat' dir='ltr'><strong>et</strong></span> <span class='ocrx_word' id='word_1_79' title='bbox 1049 1062 1156 1108; x_wconf 90' lang='lat' dir='ltr'><strong>quas</strong></span> <span class='ocrx_word' id='word_1_80' title='bbox 1179 1045 1385 1094; x_wconf 87' lang='lat' dir='ltr'><strong>erraverit</strong></span> <span class='ocrx_word' id='word_1_81' title='bbox 1405 1045 1572 1104; x_wconf 61' lang='lat' dir='ltr'><strong>undas5</strong></span> 
     </span>
     <span class='ocr_line' id='line_1_14' title="bbox 322 1112 1460 1185; baseline 0.011 -27"><span class='ocrx_word' id='word_1_82' title='bbox 322 1112 478 1161; x_wconf 86' lang='lat' dir='ltr'><strong>Dicere</strong></span> <span class='ocrx_word' id='word_1_83' title='bbox 505 1112 639 1177; x_wconf 86' lang='lat' dir='ltr'><strong>longa</strong></span> <span class='ocrx_word' id='word_1_84' title='bbox 662 1135 785 1164; x_wconf 89' lang='lat' dir='ltr'><strong>mora</strong></span> <span class='ocrx_word' id='word_1_85' title='bbox 809 1129 875 1165; x_wconf 83' lang='lat' dir='ltr'><strong>est</strong></span> <span class='ocrx_word' id='word_1_86' title='bbox 894 1138 904 1165; x_wconf 94' lang='lat'><strong>:</strong></span> <span class='ocrx_word' id='word_1_87' title='bbox 931 1120 1143 1185; x_wconf 89' lang='lat' dir='ltr'><strong>quaerenti</strong></span> <span class='ocrx_word' id='word_1_88' title='bbox 1164 1120 1304 1169; x_wconf 87' lang='lat' dir='ltr'><strong>defuit</strong></span> <span class='ocrx_word' id='word_1_89' title='bbox 1325 1123 1460 1171; x_wconf 90' lang='lat' dir='ltr'><strong>orbis.</strong></span> 
     </span>
    </p>
   </div>
   <div class='ocr_carea' id='block_1_7' title="bbox 319 1194 1500 1266">
    <p class='ocr_par' dir='ltr' id='par_1_10' title="bbox 319 1194 1500 1266">
     <span class='ocr_line' id='line_1_15' title="bbox 319 1194 1500 1266; baseline 0.011 -26"><span class='ocrx_word' id='word_1_90' title='bbox 319 1194 539 1243; x_wconf 80' lang='lat' dir='ltr'><strong>Sicaniam</strong></span> <span class='ocrx_word' id='word_1_91' title='bbox 559 1197 744 1262; x_wconf 84' lang='lat' dir='ltr'><strong>repetit3</strong></span> <span class='ocrx_word' id='word_1_92' title='bbox 770 1198 961 1266; x_wconf 88' lang='lat' dir='ltr'><strong>dumque</strong></span> <span class='ocrx_word' id='word_1_93' title='bbox 986 1202 1134 1251; x_wconf 90' lang='lat' dir='ltr'><strong>omnia</strong></span> <span class='ocrx_word' id='word_1_94' title='bbox 1155 1202 1313 1252; x_wconf 79' lang='lat' dir='ltr'><strong>lustrat</strong></span> <span class='ocrx_word' id='word_1_95' title='bbox 1334 1204 1500 1264; x_wconf 86' lang='lat' dir='ltr'><strong>eundo,</strong></span> 
     </span>
    </p>
   </div>
   <div class='ocr_carea' id='block_1_8' title="bbox 318 1276 1389 1345">
    <p class='ocr_par' dir='ltr' id='par_1_11' title="bbox 318 1276 1389 1345">
     <span class='ocr_line' id='line_1_16' title="bbox 318 1276 1389 1345; baseline 0.011 -23"><span class='ocrx_word' id='word_1_96' title='bbox 318 1276 452 1324; x_wconf 86' lang='lat' dir='ltr'><strong>Venit</strong></span> <span class='ocrx_word' id='word_1_97' title='bbox 475 1288 518 1324; x_wconf 89' lang='lat' dir='ltr'><strong>et</strong></span> <span class='ocrx_word' id='word_1_98' title='bbox 540 1278 595 1325; x_wconf 89' lang='lat' dir='ltr'><strong>ad</strong></span> <span class='ocrx_word' id='word_1_99' title='bbox 620 1279 798 1345; x_wconf 86' lang='lat' dir='ltr'><strong>Cyanen</strong></span> <span class='ocrx_word' id='word_1_100' title='bbox 818 1301 828 1328; x_wconf 91' lang='lat'>:</span> <span class='ocrx_word' id='word_1_101' title='bbox 853 1300 927 1340; x_wconf 80' lang='lat' dir='ltr'><strong>ea,</strong></span> <span class='ocrx_word' id='word_1_102' title='bbox 951 1283 998 1330; x_wconf 91' lang='lat' dir='ltr'><strong>ni</strong></span> <span class='ocrx_word' id='word_1_103' title='bbox 1020 1295 1187 1333; x_wconf 86' lang='lat' dir='ltr'><strong>mutata</strong></span> <span class='ocrx_word' id='word_1_104' title='bbox 1208 1284 1389 1344; x_wconf 88' lang='lat' dir='ltr'><strong>fuisset,</strong></span> 
     </span>
    </p>
   </div>
   <div class='ocr_carea' id='block_1_9' title="bbox 1635 1283 1731 1347">
    <p class='ocr_par' dir='ltr' id='par_1_12' title="bbox 1635 1283 1731 1347">
     <span class='ocr_line' id='line_1_17' title="bbox 1635 1283 1731 1347; baseline 0.01 -60"><span class='ocrx_word' id='word_1_105' title='bbox 1635 1283 1731 1347; x_wconf 62' lang='lat'><strong>‚465</strong></span> 
     </span>
    </p>
   </div>
   <div class='ocr_carea' id='block_1_10' title="bbox 320 1357 1454 1429">
    <p class='ocr_par' dir='ltr' id='par_1_13' title="bbox 320 1357 1454 1429">
     <span class='ocr_line' id='line_1_18' title="bbox 320 1357 1454 1429; baseline 0.009 -25"><span class='ocrx_word' id='word_1_106' title='bbox 320 1357 482 1406; x_wconf 88' lang='lat' dir='ltr'><strong>Omnia</strong></span> <span class='ocrx_word' id='word_1_107' title='bbox 504 1372 748 1419; x_wconf 80' lang='lat' dir='ltr'><strong>narrasset3</strong></span> <span class='ocrx_word' id='word_1_108' title='bbox 773 1362 851 1411; x_wconf 87' lang='lat' dir='ltr'><strong>sed</strong></span> <span class='ocrx_word' id='word_1_109' title='bbox 876 1375 919 1411; x_wconf 88' lang='lat' dir='ltr'><strong>et</strong></span> <span class='ocrx_word' id='word_1_110' title='bbox 943 1383 1018 1422; x_wconf 81' lang='lat' dir='ltr'><strong>os,</strong></span> <span class='ocrx_word' id='word_1_111' title='bbox 1048 1376 1092 1413; x_wconf 90' lang='lat' dir='ltr'><strong>et</strong></span> <span class='ocrx_word' id='word_1_112' title='bbox 1114 1364 1265 1429; x_wconf 84' lang='lat' dir='ltr'><strong>lingua</strong></span> <span class='ocrx_word' id='word_1_113' title='bbox 1288 1366 1454 1416; x_wconf 87' lang='lat' dir='ltr'><strong>volenti</strong></span> 
     </span>
    </p>
   </div>
   <div class='ocr_carea' id='block_1_11' title="bbox 309 1498 993 2794">
    <p class='ocr_par' dir='ltr' id='par_1_14' title="bbox 315 1498 993 1597">
     <span class='ocr_line' id='line_1_19' title="bbox 316 1498 993 1538; baseline 0.01 -7"><span class='ocrx_word' id='word_1_114' title='bbox 316 1509 389 1532; x_wconf 87' lang='lat' dir='ltr'><strong>mes</strong></span> <span class='ocrx_word' id='word_1_115' title='bbox 404 1498 598 1533; x_wconf 87' lang='lat' dir='ltr'><strong>secundum</strong></span> <span class='ocrx_word' id='word_1_116' title='bbox 615 1499 841 1537; x_wconf 87' lang='lat' dir='ltr'><strong>Nicandrum.</strong></span> <span class='ocrx_word' id='word_1_117' title='bbox 857 1521 903 1528; x_wconf 89' lang='lat'><em>-</em></span> <span class='ocrx_word' id='word_1_118' title='bbox 915 1505 993 1538; x_wconf 87' lang='lat' dir='ltr'><strong>Du-</strong></span> 
     </span>
     <span class='ocr_line' id='line_1_20' title="bbox 315 1550 886 1597; baseline 0.012 -16"><span class='ocrx_word' id='word_1_119' title='bbox 315 1561 384 1582; x_wconf 83' lang='lat' dir='ltr'><strong>rum</strong></span> <span class='ocrx_word' id='word_1_120' title='bbox 401 1562 440 1582; x_wconf 91' lang='lat' dir='ltr'><strong>os</strong></span> <span class='ocrx_word' id='word_1_121' title='bbox 453 1576 462 1589; x_wconf 91' lang='lat'><strong>,</strong></span> <span class='ocrx_word' id='word_1_122' title='bbox 494 1550 633 1595; x_wconf 86' lang='lat' dir='ltr'><strong>signum</strong></span> <span class='ocrx_word' id='word_1_123' title='bbox 649 1552 886 1597; x_wconf 85' lang='lat' dir='ltr'><strong>impudentiae.</strong></span> 
     </span>
    </p>

    <p class='ocr_par' dir='ltr' id='par_1_15' title="bbox 312 1603 991 2165">
     <span class='ocr_line' id='line_1_21' title="bbox 357 1603 991 1651; baseline 0.008 -15"><span class='ocrx_word' id='word_1_124' title='bbox 357 1603 433 1645; x_wconf 82' lang='lat'><em>455.</em></span> <span class='ocrx_word' id='word_1_125' title='bbox 447 1605 656 1638; x_wconf 76' lang='lat' dir='ltr'><strong>Combibitos</strong></span> <span class='ocrx_word' id='word_1_126' title='bbox 664 1609 831 1646; x_wconf 86' lang='lat' dir='ltr'><strong>maculas,</strong></span> <span class='ocrx_word' id='word_1_127' title='bbox 842 1607 991 1651; x_wconf 85' lang='lat' dir='ltr'><strong>exquisi-</strong></span> 
     </span>
     <span class='ocr_line' id='line_1_22' title="bbox 315 1653 990 1703; baseline 0.007 -15"><span class='ocrx_word' id='word_1_128' title='bbox 315 1653 402 1697; x_wconf 84' lang='lat' dir='ltr'><strong>tius,</strong></span> <span class='ocrx_word' id='word_1_129' title='bbox 424 1667 529 1699; x_wconf 86' lang='lat' dir='ltr'><strong>quam</strong></span> <span class='ocrx_word' id='word_1_130' title='bbox 541 1681 551 1699; x_wconf 89' lang='lat'>‚</span> <span class='ocrx_word' id='word_1_131' title='bbox 577 1657 713 1691; x_wconf 80' lang='lat' dir='ltr'><strong>attraxit</strong></span> <span class='ocrx_word' id='word_1_132' title='bbox 725 1684 734 1701; x_wconf 90' lang='lat'>,</span> <span class='ocrx_word' id='word_1_133' title='bbox 753 1658 891 1703; x_wconf 86' lang='lat' dir='ltr'><strong>accepit.</strong></span> <span class='ocrx_word' id='word_1_134' title='bbox 912 1658 990 1692; x_wconf 90' lang='lat' dir='ltr'><strong>An—</strong></span> 
     </span>
     <span class='ocr_line' id='line_1_23' title="bbox 316 1708 989 1754; baseline 0.004 -15"><span class='ocrx_word' id='word_1_135' title='bbox 316 1712 387 1739; x_wconf 86' lang='lat' dir='ltr'><strong>ton.</strong></span> <span class='ocrx_word' id='word_1_136' title='bbox 405 1708 514 1750; x_wconf 78' lang='grc' dir='ltr'><em>ἕγένετο</em></span> <span class='ocrx_word' id='word_1_137' title='bbox 530 1711 790 1750; x_wconf 74' lang='grc' dir='ltr'><strong><em>ποικίλος.-ΕΙ,</em></strong></span> <span class='ocrx_word' id='word_1_138' title='bbox 806 1722 871 1754; x_wconf 80' lang='lat' dir='ltr'><strong>qua</strong></span> <span class='ocrx_word' id='word_1_139' title='bbox 881 1712 989 1744; x_wconf 87' lang='lat' dir='ltr'><strong>modo.</strong></span> 
     </span>
     <span class='ocr_line' id='line_1_24' title="bbox 317 1757 989 1807; baseline 0.009 -16"><span class='ocrx_word' id='word_1_140' title='bbox 317 1757 464 1793; x_wconf 86' lang='lat' dir='ltr'><strong>Codices</strong></span> <span class='ocrx_word' id='word_1_141' title='bbox 486 1761 596 1794; x_wconf 81' lang='lat' dir='ltr'><strong>nostri</strong></span> <span class='ocrx_word' id='word_1_142' title='bbox 613 1761 731 1806; x_wconf 82' lang='lat' dir='ltr'><strong>Regii,</strong></span> <span class='ocrx_word' id='word_1_143' title='bbox 749 1767 784 1795; x_wconf 80' lang='lat' dir='ltr'><strong>e!</strong></span> <span class='ocrx_word' id='word_1_144' title='bbox 795 1775 865 1807; x_wconf 69' lang='lat' dir='ltr'><strong>quo</strong></span> <span class='ocrx_word' id='word_1_145' title='bbox 884 1765 989 1797; x_wconf 86' lang='lat' dir='ltr'><strong>modo.</strong></span> 
     </span>
     <span class='ocr_line' id='line_1_25' title="bbox 315 1811 989 1860; baseline 0.006 -15"><span class='ocrx_word' id='word_1_146' title='bbox 315 1811 402 1846; x_wconf 85' lang='lat' dir='ltr'><strong>Haec</strong></span> <span class='ocrx_word' id='word_1_147' title='bbox 417 1811 519 1846; x_wconf 87' lang='lat' dir='ltr'><strong>lectio</strong></span> <span class='ocrx_word' id='word_1_148' title='bbox 535 1813 614 1847; x_wconf 88' lang='lat' dir='ltr'><strong>satis</strong></span> <span class='ocrx_word' id='word_1_149' title='bbox 629 1813 780 1858; x_wconf 81' lang='lat' dir='ltr'><strong>genuina</strong></span> <span class='ocrx_word' id='word_1_150' title='bbox 803 1815 909 1859; x_wconf 85' lang='lat' dir='ltr'><strong>recipi</strong></span> <span class='ocrx_word' id='word_1_151' title='bbox 926 1827 989 1860; x_wconf 88' lang='lat' dir='ltr'><strong>po-</strong></span> 
     </span>
     <span class='ocr_line' id='line_1_26' title="bbox 313 1865 989 1913; baseline 0.009 -17"><span class='ocrx_word' id='word_1_152' title='bbox 313 1870 389 1897; x_wconf 90' lang='lat' dir='ltr'><strong>test.</strong></span> <span class='ocrx_word' id='word_1_153' title='bbox 414 1865 701 1900; x_wconf 63' lang='lat' dir='ltr'><strong>EtL—-Nocendzt</strong></span> <span class='ocrx_word' id='word_1_154' title='bbox 721 1865 842 1901; x_wconf 84' lang='lat' dir='ltr'><strong>Codex</strong></span> <span class='ocrx_word' id='word_1_155' title='bbox 861 1868 989 1913; x_wconf 86' lang='lat' dir='ltr'><strong>Regius</strong></span> 
     </span>
     <span class='ocr_line' id='line_1_27' title="bbox 314 1916 989 1963; baseline 0.007 -15"><span class='ocrx_word' id='word_1_156' title='bbox 314 1916 344 1949; x_wconf 91' lang='lat' dir='ltr'>B</span> <span class='ocrx_word' id='word_1_157' title='bbox 356 1941 365 1958; x_wconf 86' lang='lat'>,</span> <span class='ocrx_word' id='word_1_158' title='bbox 390 1917 550 1959; x_wconf 75' lang='lat' dir='ltr'><strong>loquendi</strong></span> <span class='ocrx_word' id='word_1_159' title='bbox 561 1943 569 1957; x_wconf 85' lang='lat'><em>,</em></span> <span class='ocrx_word' id='word_1_160' title='bbox 592 1916 686 1961; x_wconf 90' lang='lat' dir='ltr'><strong>quod</strong></span> <span class='ocrx_word' id='word_1_161' title='bbox 703 1918 792 1952; x_wconf 83' lang='lat' dir='ltr'><strong>sorte</strong></span> <span class='ocrx_word' id='word_1_162' title='bbox 808 1931 882 1953; x_wconf 87' lang='lat' dir='ltr'><strong>non</strong></span> <span class='ocrx_word' id='word_1_163' title='bbox 903 1919 989 1963; x_wconf 89' lang='lat' dir='ltr'><strong>reji-</strong></span> 
     </span>
     <span class='ocr_line' id='line_1_28' title="bbox 314 1966 985 2015; baseline 0.007 -15"><span class='ocrx_word' id='word_1_164' title='bbox 314 1966 479 2001; x_wconf 90' lang='lat' dir='ltr'><strong>ciendum</strong></span> <span class='ocrx_word' id='word_1_165' title='bbox 497 1994 506 2011; x_wconf 88' lang='lat'>‚</span> <span class='ocrx_word' id='word_1_166' title='bbox 532 1968 613 2012; x_wconf 87' lang='lat' dir='ltr'><strong>quia</strong></span> <span class='ocrx_word' id='word_1_167' title='bbox 626 1995 635 2012; x_wconf 93' lang='lat'>,</span> <span class='ocrx_word' id='word_1_168' title='bbox 653 1975 692 2003; x_wconf 89' lang='lat' dir='ltr'><strong>ut</strong></span> <span class='ocrx_word' id='word_1_169' title='bbox 714 1982 755 2004; x_wconf 83' lang='lat' dir='ltr'><strong>ex</strong></span> <span class='ocrx_word' id='word_1_170' title='bbox 780 1969 985 2015; x_wconf 85' lang='lat' dir='ltr'><strong>loquacitate</strong></span> 
     </span>
     <span class='ocr_line' id='line_1_29' title="bbox 314 2018 987 2067; baseline 0.007 -15"><span class='ocrx_word' id='word_1_171' title='bbox 314 2018 447 2053; x_wconf 88' lang='lat' dir='ltr'><strong>malum</strong></span> <span class='ocrx_word' id='word_1_172' title='bbox 459 2020 554 2054; x_wconf 89' lang='lat' dir='ltr'><strong>venit</strong></span> <span class='ocrx_word' id='word_1_173' title='bbox 565 2047 574 2064; x_wconf 86' lang='lat'>,</span> <span class='ocrx_word' id='word_1_174' title='bbox 593 2021 620 2055; x_wconf 89' lang='lat' dir='ltr'><strong>si</strong></span> <span class='ocrx_word' id='word_1_175' title='bbox 637 2021 810 2056; x_wconf 83' lang='lat' dir='ltr'><strong>minuitur</strong></span> <span class='ocrx_word' id='word_1_176' title='bbox 821 2022 987 2067; x_wconf 84' lang='lat' dir='ltr'><strong>loquendi</strong></span> 
     </span>
     <span class='ocr_line' id='line_1_30' title="bbox 312 2072 986 2118; baseline 0.009 -15"><span class='ocrx_word' id='word_1_177' title='bbox 312 2077 460 2114; x_wconf 88' lang='lat' dir='ltr'><strong>potestas</strong></span> <span class='ocrx_word' id='word_1_178' title='bbox 473 2097 482 2115; x_wconf 92' lang='lat'>,</span> <span class='ocrx_word' id='word_1_179' title='bbox 499 2072 672 2108; x_wconf 82' lang='lat' dir='ltr'><strong>minuitur</strong></span> <span class='ocrx_word' id='word_1_180' title='bbox 688 2085 828 2118; x_wconf 90' lang='lat' dir='ltr'><strong>quoque</strong></span> <span class='ocrx_word' id='word_1_181' title='bbox 845 2074 986 2114; x_wconf 84' lang='lat' dir='ltr'><strong>facultas</strong></span> 
     </span>
     <span class='ocr_line' id='line_1_31' title="bbox 312 2124 566 2165; baseline 0.008 -8"><span class='ocrx_word' id='word_1_182' title='bbox 312 2124 473 2165; x_wconf 69' lang='lat' dir='ltr'><strong>nocendi.</strong></span> <span class='ocrx_word' id='word_1_183' title='bbox 499 2126 566 2159; x_wconf 85' lang='lat' dir='ltr'><strong>Ed.</strong></span> 
     </span>
    </p>

    <p class='ocr_par' dir='ltr' id='par_1_16' title="bbox 309 2176 985 2690">
     <span class='ocr_line' id='line_1_32' title="bbox 354 2176 985 2224; baseline 0.008 -16"><span class='ocrx_word' id='word_1_184' title='bbox 354 2176 430 2221; x_wconf 77' lang='lat'><strong>459.</strong></span> <span class='ocrx_word' id='word_1_185' title='bbox 446 2177 602 2210; x_wconf 79' lang='lat' dir='ltr'><strong>Monstra</strong></span> <span class='ocrx_word' id='word_1_186' title='bbox 615 2177 985 2224; x_wconf 82' lang='lat' dir='ltr'><strong>mirabiliterexprimit</strong></span> 
     </span>
     <span class='ocr_line' id='line_1_33' title="bbox 311 2227 984 2273; baseline 0.009 -14"><span class='ocrx_word' id='word_1_187' title='bbox 311 2232 483 2260; x_wconf 87' lang='lat' dir='ltr'><strong>mutatam</strong></span> <span class='ocrx_word' id='word_1_188' title='bbox 498 2227 658 2263; x_wconf 83' lang='lat' dir='ltr'><strong>sormam.</strong></span> <span class='ocrx_word' id='word_1_189' title='bbox 666 2246 710 2255; x_wconf 84' lang='lat'><strong>——</strong></span> <span class='ocrx_word' id='word_1_190' title='bbox 722 2231 847 2273; x_wconf 80' lang='lat' dir='ltr'><strong>Aptum</strong></span> <span class='ocrx_word' id='word_1_191' title='bbox 857 2233 984 2273; x_wconf 86' lang='lat' dir='ltr'><strong>colori,·</strong></span> 
     </span>
     <span class='ocr_line' id='line_1_34' title="bbox 311 2277 984 2323; baseline 0.004 -12"><span class='ocrx_word' id='word_1_192' title='bbox 311 2280 422 2311; x_wconf 75' lang='lat' dir='ltr'><strong>stellio</strong></span> <span class='ocrx_word' id='word_1_193' title='bbox 437 2277 534 2312; x_wconf 88' lang='lat' dir='ltr'><strong>enim</strong></span> <span class='ocrx_word' id='word_1_194' title='bbox 550 2291 658 2323; x_wconf 86' lang='lat' dir='ltr'><strong>genus</strong></span> <span class='ocrx_word' id='word_1_195' title='bbox 675 2279 819 2314; x_wconf 83' lang='lat' dir='ltr'><strong>lacertae.</strong></span> <span class='ocrx_word' id='word_1_196' title='bbox 836 2281 984 2314; x_wconf 72' lang='lat' dir='ltr'><strong>Macula:</strong></span> 
     </span>
     <span class='ocr_line' id='line_1_35' title="bbox 310 2330 980 2377; baseline 0.006 -13"><span class='ocrx_word' id='word_1_197' title='bbox 310 2330 434 2374; x_wconf 81' lang='lat' dir='ltr'><strong>passim</strong></span> <span class='ocrx_word' id='word_1_198' title='bbox 450 2339 618 2366; x_wconf 86' lang='lat' dir='ltr'><strong>vocantur</strong></span> <span class='ocrx_word' id='word_1_199' title='bbox 629 2337 740 2376; x_wconf 73' lang='lat' dir='ltr'><strong>gullae.</strong></span> <span class='ocrx_word' id='word_1_200' title='bbox 759 2333 884 2377; x_wconf 89' lang='lat' dir='ltr'><strong>Quum</strong></span> <span class='ocrx_word' id='word_1_201' title='bbox 899 2334 980 2368; x_wconf 89' lang='lat' dir='ltr'><strong>stel-</strong></span> 
     </span>
     <span class='ocr_line' id='line_1_36' title="bbox 310 2381 982 2431; baseline 0.006 -16"><span class='ocrx_word' id='word_1_202' title='bbox 310 2381 356 2415; x_wconf 92' lang='lat' dir='ltr'><strong>lio</strong></span> <span class='ocrx_word' id='word_1_203' title='bbox 368 2381 497 2417; x_wconf 79' lang='lat' dir='ltr'><strong>Graecis</strong></span> <span class='ocrx_word' id='word_1_204' title='bbox 511 2383 675 2423; x_wconf 71' lang='grc' dir='ltr'><strong>ἆσκοὶλαὸος</strong></span> <span class='ocrx_word' id='word_1_205' title='bbox 687 2384 860 2419; x_wconf 86' lang='lat' dir='ltr'><strong>diceretur</strong></span> <span class='ocrx_word' id='word_1_206' title='bbox 876 2387 891 2431; x_wconf 92' lang='lat'>(</span> <span class='ocrx_word' id='word_1_207' title='bbox 904 2385 982 2419; x_wconf 85' lang='lat' dir='ltr'><strong>vide</strong></span> 
     </span>
     <span class='ocr_line' id='line_1_37' title="bbox 311 2433 979 2481; baseline 0.006 -14"><span class='ocrx_word' id='word_1_208' title='bbox 311 2433 426 2468; x_wconf 82' lang='lat' dir='ltr'><strong>Schol.</strong></span> <span class='ocrx_word' id='word_1_209' title='bbox 461 2433 627 2469; x_wconf 87' lang='lat' dir='ltr'><strong>Nicandri</strong></span> <span class='ocrx_word' id='word_1_210' title='bbox 658 2434 701 2469; x_wconf 90' lang='lat' dir='ltr'><strong>ad</strong></span> <span class='ocrx_word' id='word_1_211' title='bbox 733 2436 828 2470; x_wconf 84' lang='lat' dir='ltr'><strong>Alex.</strong></span> <span class='ocrx_word' id='word_1_212' title='bbox 865 2437 924 2471; x_wconf 80' lang='lat'><strong>128</strong></span> <span class='ocrx_word' id='word_1_213' title='bbox 940 2435 956 2481; x_wconf 96' lang='lat'>)</span> <span class='ocrx_word' id='word_1_214' title='bbox 970 2463 979 2480; x_wconf 94' lang='lat'>,</span> 
     </span>
     <span class='ocr_line' id='line_1_38' title="bbox 310 2487 981 2533; baseline 0.004 -12"><span class='ocrx_word' id='word_1_215' title='bbox 310 2487 550 2522; x_wconf 86' lang='lat' dir='ltr'><strong>Mellmannus</strong></span> <span class='ocrx_word' id='word_1_216' title='bbox 582 2494 680 2533; x_wconf 87' lang='lat' dir='ltr'><strong>putat</strong></span> <span class='ocrx_word' id='word_1_217' title='bbox 693 2515 702 2532; x_wconf 93' lang='lat'>,</span> <span class='ocrx_word' id='word_1_218' title='bbox 734 2489 824 2524; x_wconf 87' lang='lat' dir='ltr'><strong>hanc</strong></span> <span class='ocrx_word' id='word_1_219' title='bbox 861 2497 981 2524; x_wconf 85' lang='lat' dir='ltr'><strong>meta-</strong></span> 
     </span>
     <span class='ocr_line' id='line_1_39' title="bbox 310 2539 979 2584; baseline 0.006 -12"><span class='ocrx_word' id='word_1_220' title='bbox 310 2539 511 2584; x_wconf 89' lang='lat' dir='ltr'><strong>morphosin</strong></span> <span class='ocrx_word' id='word_1_221' title='bbox 522 2547 634 2574; x_wconf 86' lang='lat' dir='ltr'><strong>ortam</strong></span> <span class='ocrx_word' id='word_1_222' title='bbox 644 2553 715 2575; x_wconf 88' lang='lat' dir='ltr'><strong>esse</strong></span> <span class='ocrx_word' id='word_1_223' title='bbox 727 2554 767 2575; x_wconf 85' lang='lat' dir='ltr'><strong>ex</strong></span> <span class='ocrx_word' id='word_1_224' title='bbox 777 2542 979 2576; x_wconf 79' lang='lat' dir='ltr'><strong>confusione</strong></span> 
     </span>
     <span class='ocr_line' id='line_1_40' title="bbox 309 2592 978 2637; baseline 0.004 -13"><span class='ocrx_word' id='word_1_225' title='bbox 309 2603 390 2624; x_wconf 92' lang='lat' dir='ltr'><strong>cum</strong></span> <span class='ocrx_word' id='word_1_226' title='bbox 398 2592 701 2626; x_wconf 85' lang='lat' dir='ltr'><strong>transformatione</strong></span> <span class='ocrx_word' id='word_1_227' title='bbox 710 2600 874 2637; x_wconf 89' lang='lat' dir='ltr'><strong>sequente</strong></span> <span class='ocrx_word' id='word_1_228' title='bbox 880 2606 978 2637; x_wconf 88' lang='lat' dir='ltr'><strong>‚vers.</strong></span> 
     </span>
     <span class='ocr_line' id='line_1_41' title="bbox 310 2642 978 2690; baseline 0.004 -15"><span class='ocrx_word' id='word_1_229' title='bbox 310 2642 373 2688; x_wconf 83' lang='lat'><strong>539</strong></span> <span class='ocrx_word' id='word_1_230' title='bbox 386 2669 395 2685; x_wconf 92' lang='lat'>,</span> <span class='ocrx_word' id='word_1_231' title='bbox 411 2650 469 2676; x_wconf 83' lang='lat' dir='ltr'><strong>aut</strong></span> <span class='ocrx_word' id='word_1_232' title='bbox 485 2642 527 2676; x_wconf 88' lang='lat' dir='ltr'><strong>ad</strong></span> <span class='ocrx_word' id='word_1_233' title='bbox 544 2644 742 2689; x_wconf 85' lang='lat' dir='ltr'><strong>exemplum</strong></span> <span class='ocrx_word' id='word_1_234' title='bbox 762 2646 836 2690; x_wconf 88' lang='lat' dir='ltr'><strong>ejus</strong></span> <span class='ocrx_word' id='word_1_235' title='bbox 852 2645 978 2680; x_wconf 81' lang='lat' dir='ltr'><strong>fictam.</strong></span> 
     </span>
    </p>

    <p class='ocr_par' dir='ltr' id='par_1_17' title="bbox 310 2693 979 2794">
     <span class='ocr_line' id='line_1_42' title="bbox 351 2693 976 2740; baseline 0.01 -14"><span class='ocrx_word' id='word_1_236' title='bbox 351 2693 511 2735; x_wconf 77' lang='lat'><strong>462-550.</strong></span> <span class='ocrx_word' id='word_1_237' title='bbox 531 2696 624 2738; x_wconf 81' lang='lat' dir='ltr'><strong>Quas</strong></span> <span class='ocrx_word' id='word_1_238' title='bbox 632 2698 709 2730; x_wconf 81' lang='lat' dir='ltr'><strong>Dea</strong></span> <span class='ocrx_word' id='word_1_239' title='bbox 713 2709 776 2740; x_wconf 79' lang='lat' dir='ltr'><strong>per</strong></span> <span class='ocrx_word' id='word_1_240' title='bbox 782 2701 886 2731; x_wconf 79' lang='lat' dir='ltr'><strong>le‘rras</strong></span> <span class='ocrx_word' id='word_1_241' title='bbox 893 2724 902 2738; x_wconf 83' lang='lat'>,</span> <span class='ocrx_word' id='word_1_242' title='bbox 914 2704 976 2732; x_wconf 84' lang='lat' dir='ltr'><strong>etc.</strong></span> 
     </span>
     <span class='ocr_line' id='line_1_43' title="bbox 310 2742 979 2794; baseline 0.006 -15"><span class='ocrx_word' id='word_1_243' title='bbox 310 2742 419 2780; x_wconf 88' lang='lat' dir='ltr'><strong>Ceres</strong></span> <span class='ocrx_word' id='word_1_244' title='bbox 434 2758 541 2790; x_wconf 86' lang='lat' dir='ltr'><strong>quum</strong></span> <span class='ocrx_word' id='word_1_245' title='bbox 557 2760 597 2781; x_wconf 85' lang='lat' dir='ltr'><strong>ex</strong></span> <span class='ocrx_word' id='word_1_246' title='bbox 613 2747 786 2783; x_wconf 86' lang='lat' dir='ltr'><strong>Arethusa</strong></span> <span class='ocrx_word' id='word_1_247' title='bbox 798 2748 979 2794; x_wconf 84' lang='lat' dir='ltr'><strong>cognovis-</strong></span> 
     </span>
    </p>
   </div>
   <div class='ocr_carea' id='block_1_12' title="bbox 1041 1507 1755 2794">
    <p class='ocr_par' dir='ltr' id='par_1_18' title="bbox 1041 1507 1755 2794">
     <span class='ocr_line' id='line_1_44' title="bbox 1056 1507 1730 1554; baseline 0.006 -15"><span class='ocrx_word' id='word_1_248' title='bbox 1056 1513 1108 1540; x_wconf 90' lang='lat' dir='ltr'><strong>set</strong></span> <span class='ocrx_word' id='word_1_249' title='bbox 1122 1513 1261 1552; x_wconf 85' lang='lat' dir='ltr'><strong>raptum</strong></span> <span class='ocrx_word' id='word_1_250' title='bbox 1271 1507 1505 1553; x_wconf 65' lang='lat' dir='ltr'><strong>Proserpina,</strong></span> <span class='ocrx_word' id='word_1_251' title='bbox 1518 1507 1646 1542; x_wconf 86' lang='lat' dir='ltr'><strong>Jovem</strong></span> <span class='ocrx_word' id='word_1_252' title='bbox 1655 1521 1730 1554; x_wconf 88' lang='lat' dir='ltr'><strong>sup-</strong></span> 
     </span>
     <span class='ocr_line' id='line_1_45' title="bbox 1056 1559 1731 1608; baseline 0.004 -16"><span class='ocrx_word' id='word_1_253' title='bbox 1056 1559 1132 1602; x_wconf 85' lang='lat' dir='ltr'><strong>plex</strong></span> <span class='ocrx_word' id='word_1_254' title='bbox 1146 1559 1218 1594; x_wconf 86' lang='lat' dir='ltr'><strong>adit</strong></span> <span class='ocrx_word' id='word_1_255' title='bbox 1236 1586 1246 1603; x_wconf 89' lang='lat'><em>‚</em></span> <span class='ocrx_word' id='word_1_256' title='bbox 1272 1561 1332 1605; x_wconf 90' lang='lat' dir='ltr'><strong>qui</strong></span> <span class='ocrx_word' id='word_1_257' title='bbox 1348 1573 1388 1595; x_wconf 86' lang='lat' dir='ltr'><strong>ea</strong></span> <span class='ocrx_word' id='word_1_258' title='bbox 1407 1561 1481 1606; x_wconf 84' lang='lat' dir='ltr'><strong>lege</strong></span> <span class='ocrx_word' id='word_1_259' title='bbox 1499 1560 1606 1596; x_wconf 84' lang='lat' dir='ltr'><strong>filiam</strong></span> <span class='ocrx_word' id='word_1_260' title='bbox 1620 1562 1731 1608; x_wconf 83' lang='lat' dir='ltr'><strong>repeti</strong></span> 
     </span>
     <span class='ocr_line' id='line_1_46' title="bbox 1054 1611 1729 1659; baseline 0.007 -16"><span class='ocrx_word' id='word_1_261' title='bbox 1054 1622 1151 1654; x_wconf 84' lang='lat' dir='ltr'><strong>posse</strong></span> <span class='ocrx_word' id='word_1_262' title='bbox 1169 1612 1377 1655; x_wconf 84' lang='lat' dir='ltr'><strong>pronunciat</strong></span> <span class='ocrx_word' id='word_1_263' title='bbox 1390 1637 1400 1655; x_wconf 92' lang='lat'><strong><em>‚</em></strong></span> <span class='ocrx_word' id='word_1_264' title='bbox 1427 1611 1455 1647; x_wconf 88' lang='lat' dir='ltr'><strong>si</strong></span> <span class='ocrx_word' id='word_1_265' title='bbox 1471 1612 1585 1648; x_wconf 85' lang='lat' dir='ltr'><strong>nullos</strong></span> <span class='ocrx_word' id='word_1_266' title='bbox 1606 1620 1729 1659; x_wconf 75' lang='lat' dir='ltr'><strong>gusta-</strong></span> 
     </span>
     <span class='ocr_line' id='line_1_47' title="bbox 1053 1661 1755 1712; baseline 0.01 -20"><span class='ocrx_word' id='word_1_267' title='bbox 1053 1661 1142 1696; x_wconf 88' lang='lat' dir='ltr'><strong>verit</strong></span> <span class='ocrx_word' id='word_1_268' title='bbox 1158 1661 1260 1696; x_wconf 82' lang='lat' dir='ltr'><strong>cibos.</strong></span> <span class='ocrx_word' id='word_1_269' title='bbox 1280 1663 1498 1706; x_wconf 77' lang='lat' dir='ltr'><strong>Ascalaphus</strong></span> <span class='ocrx_word' id='word_1_270' title='bbox 1511 1671 1629 1699; x_wconf 86' lang='lat' dir='ltr'><strong>autem</strong></span> <span class='ocrx_word' id='word_1_271' title='bbox 1640 1690 1651 1707; x_wconf 91' lang='lat'>,</span> <span class='ocrx_word' id='word_1_272' title='bbox 1669 1665 1729 1709; x_wconf 89' lang='lat' dir='ltr'><strong>qui</strong></span> <span class='ocrx_word' id='word_1_273' title='bbox 1752 1707 1755 1712; x_wconf 26' lang='lat' dir='ltr'><em>r</em></span> 
     </span>
     <span class='ocr_line' id='line_1_48' title="bbox 1054 1712 1726 1760; baseline 0.007 -15"><span class='ocrx_word' id='word_1_274' title='bbox 1054 1724 1132 1746; x_wconf 87' lang='lat' dir='ltr'><strong>eam</strong></span> <span class='ocrx_word' id='word_1_275' title='bbox 1147 1712 1392 1747; x_wconf 88' lang='lat' dir='ltr'><strong>comedentem</strong></span> <span class='ocrx_word' id='word_1_276' title='bbox 1403 1713 1537 1748; x_wconf 85' lang='lat' dir='ltr'><strong>viderat</strong></span> <span class='ocrx_word' id='word_1_277' title='bbox 1552 1741 1561 1758; x_wconf 85' lang='lat'>‚</span> <span class='ocrx_word' id='word_1_278' title='bbox 1579 1727 1726 1760; x_wconf 86' lang='lat' dir='ltr'><strong>remque</strong></span> 
     </span>
     <span class='ocr_line' id='line_1_49' title="bbox 1051 1763 1725 1808; baseline 0.007 -12"><span class='ocrx_word' id='word_1_279' title='bbox 1051 1763 1263 1803; x_wconf 82' lang='lat' dir='ltr'><strong>indicaverat</strong></span> <span class='ocrx_word' id='word_1_280' title='bbox 1280 1790 1290 1808; x_wconf 95' lang='lat'>,</span> <span class='ocrx_word' id='word_1_281' title='bbox 1307 1772 1466 1800; x_wconf 84' lang='lat' dir='ltr'><strong>mutatur</strong></span> <span class='ocrx_word' id='word_1_282' title='bbox 1481 1766 1517 1801; x_wconf 89' lang='lat' dir='ltr'><strong>in</strong></span> <span class='ocrx_word' id='word_1_283' title='bbox 1533 1766 1725 1805; x_wconf 81' lang='lat' dir='ltr'><strong>bubonem.</strong></span> 
     </span>
     <span class='ocr_line' id='line_1_50' title="bbox 1051 1816 1729 1853; baseline 0.007 -5"><span class='ocrx_word' id='word_1_284' title='bbox 1051 1832 1095 1841; x_wconf 89' lang='lat'>—</span> <span class='ocrx_word' id='word_1_285' title='bbox 1110 1817 1288 1850; x_wconf 67' lang='lat' dir='ltr'><strong>Erravera.</strong></span> <span class='ocrx_word' id='word_1_286' title='bbox 1317 1816 1465 1852; x_wconf 87' lang='lat' dir='ltr'><strong>Errores</strong></span> <span class='ocrx_word' id='word_1_287' title='bbox 1494 1817 1569 1852; x_wconf 82' lang='lat' dir='ltr'><strong>illos</strong></span> <span class='ocrx_word' id='word_1_288' title='bbox 1588 1818 1729 1853; x_wconf 81' lang='lat' dir='ltr'><strong>descri-</strong></span> 
     </span>
     <span class='ocr_line' id='line_1_51' title="bbox 1051 1866 1723 1914; baseline 0.01 -15"><span class='ocrx_word' id='word_1_289' title='bbox 1051 1866 1140 1900; x_wconf 90' lang='lat' dir='ltr'><strong>bunt</strong></span> <span class='ocrx_word' id='word_1_290' title='bbox 1156 1866 1277 1913; x_wconf 87' lang='lat' dir='ltr'><strong>hymn.</strong></span> <span class='ocrx_word' id='word_1_291' title='bbox 1294 1868 1402 1902; x_wconf 88' lang='lat' dir='ltr'><strong>Hom.</strong></span> <span class='ocrx_word' id='word_1_292' title='bbox 1417 1869 1458 1911; x_wconf 83' lang='grc'><strong>43</strong></span> <span class='ocrx_word' id='word_1_293' title='bbox 1473 1881 1568 1914; x_wconf 82' lang='lat' dir='ltr'><strong>sqq.;</strong></span> <span class='ocrx_word' id='word_1_294' title='bbox 1588 1869 1723 1906; x_wconf 83' lang='lat' dir='ltr'><strong>Gallim.</strong></span> 
     </span>
     <span class='ocr_line' id='line_1_52' title="bbox 1050 1918 1723 1966; baseline 0.009 -15"><span class='ocrx_word' id='word_1_295' title='bbox 1050 1928 1144 1959; x_wconf 61' lang='lat' dir='ltr'><strong>vnn</strong></span> <span class='ocrx_word' id='word_1_296' title='bbox 1162 1918 1322 1963; x_wconf 84' lang='lat' dir='ltr'><strong>Apollod.</strong></span> <span class='ocrx_word' id='word_1_297' title='bbox 1337 1919 1372 1962; x_wconf 92' lang='lat'><strong>1,</strong></span> <span class='ocrx_word' id='word_1_298' title='bbox 1385 1931 1408 1953; x_wconf 86' lang='lat' dir='ltr'>v</span> <span class='ocrx_word' id='word_1_299' title='bbox 1419 1921 1621 1963; x_wconf 25' lang='lat' dir='ltr'><strong>,uleoster</strong></span> <span class='ocrx_word' id='word_1_300' title='bbox 1633 1922 1704 1966; x_wconf 84' lang='lat' dir='ltr'><strong>ipse</strong></span> <span class='ocrx_word' id='word_1_301' title='bbox 1714 1949 1723 1966; x_wconf 89' lang='lat'>,</span> 
     </span>
     <span class='ocr_line' id='line_1_53' title="bbox 1049 1967 1726 2016; baseline 0.007 -14"><span class='ocrx_word' id='word_1_302' title='bbox 1049 1967 1080 2002; x_wconf 88' lang='lat' dir='ltr'><strong>F</strong></span> <span class='ocrx_word' id='word_1_303' title='bbox 1081 1975 1141 2003; x_wconf 82' lang='lat' dir='ltr'><strong>ast.</strong></span> <span class='ocrx_word' id='word_1_304' title='bbox 1156 1972 1220 2013; x_wconf 80' lang='lat'><strong>455</strong></span> <span class='ocrx_word' id='word_1_305' title='bbox 1233 1982 1307 2015; x_wconf 86' lang='lat' dir='ltr'><strong>sqq.</strong></span> <span class='ocrx_word' id='word_1_306' title='bbox 1322 1988 1366 1995; x_wconf 90' lang='lat'><strong>—-</strong></span> <span class='ocrx_word' id='word_1_307' title='bbox 1383 1970 1504 2005; x_wconf 69' lang='lat' dir='ltr'><strong>Dicere</strong></span> <span class='ocrx_word' id='word_1_308' title='bbox 1519 1974 1620 2016; x_wconf 70' lang='lat' dir='ltr'><strong>longa</strong></span> <span class='ocrx_word' id='word_1_309' title='bbox 1634 1985 1726 2007; x_wconf 74' lang='lat' dir='ltr'><strong>mota</strong></span> 
     </span>
     <span class='ocr_line' id='line_1_54' title="bbox 1049 2019 1725 2066; baseline 0.006 -14"><span class='ocrx_word' id='word_1_310' title='bbox 1049 2024 1111 2053; x_wconf 82' lang='lat' dir='ltr'><strong>est.</strong></span> <span class='ocrx_word' id='word_1_311' title='bbox 1128 2019 1270 2055; x_wconf 82' lang='lat' dir='ltr'><strong>Vossius</strong></span> <span class='ocrx_word' id='word_1_312' title='bbox 1286 2020 1345 2055; x_wconf 88' lang='lat' dir='ltr'><strong>dat</strong></span> <span class='ocrx_word' id='word_1_313' title='bbox 1357 2021 1477 2065; x_wconf 57' lang='lat' dir='ltr'><strong>longa</strong></span> <span class='ocrx_word' id='word_1_314' title='bbox 1495 2021 1614 2066; x_wconf 66' lang='lat' dir='ltr'><strong>tegsem</strong></span> <span class='ocrx_word' id='word_1_315' title='bbox 1632 2035 1725 2057; x_wconf 80' lang='lat' dir='ltr'><strong>mora</strong></span> 
     </span>
     <span class='ocr_line' id='line_1_55' title="bbox 1050 2070 1725 2117; baseline 0.006 -13"><span class='ocrx_word' id='word_1_316' title='bbox 1050 2075 1116 2112; x_wconf 82' lang='lat' dir='ltr'><strong>est,</strong></span> <span class='ocrx_word' id='word_1_317' title='bbox 1132 2070 1226 2116; x_wconf 89' lang='lat' dir='ltr'><strong>quod</strong></span> <span class='ocrx_word' id='word_1_318' title='bbox 1238 2072 1361 2117; x_wconf 80' lang='lat' dir='ltr'><strong>probat</strong></span> <span class='ocrx_word' id='word_1_319' title='bbox 1371 2072 1547 2110; x_wconf 75' lang='lat' dir='ltr'><strong>Heinsius.</strong></span> <span class='ocrx_word' id='word_1_320' title='bbox 1555 2073 1725 2108; x_wconf 69' lang='lat' dir='ltr'><strong>—Nosui</strong></span> 
     </span>
     <span class='ocr_line' id='line_1_56' title="bbox 1051 2123 1724 2170; baseline 0.004 -12"><span class='ocrx_word' id='word_1_321' title='bbox 1051 2123 1152 2170; x_wconf 80' lang='lat' dir='ltr'><strong>Regii</strong></span> <span class='ocrx_word' id='word_1_322' title='bbox 1167 2124 1298 2159; x_wconf 84' lang='lat' dir='ltr'><strong>habent</strong></span> <span class='ocrx_word' id='word_1_323' title='bbox 1314 2126 1444 2159; x_wconf 78' lang='lat' dir='ltr'><strong>Dicere.</strong></span> <span class='ocrx_word' id='word_1_324' title='bbox 1462 2143 1506 2151; x_wconf 89' lang='lat'><strong>—-</strong></span> <span class='ocrx_word' id='word_1_325' title='bbox 1518 2125 1642 2170; x_wconf 68' lang='lat' dir='ltr'><strong>Deficit</strong></span> <span class='ocrx_word' id='word_1_326' title='bbox 1661 2139 1724 2161; x_wconf 84' lang='lat' dir='ltr'><strong>or—</strong></span> 
     </span>
     <span class='ocr_line' id='line_1_57' title="bbox 1049 2175 1724 2221; baseline 0.004 -12"><span class='ocrx_word' id='word_1_327' title='bbox 1049 2177 1120 2216; x_wconf 80' lang='lat' dir='ltr'><strong>bis,</strong></span> <span class='ocrx_word' id='word_1_328' title='bbox 1141 2175 1235 2220; x_wconf 79' lang='lat' dir='ltr'><strong>nulla</strong></span> <span class='ocrx_word' id='word_1_329' title='bbox 1258 2176 1428 2221; x_wconf 82' lang='lat' dir='ltr'><strong>superfuit</strong></span> <span class='ocrx_word' id='word_1_330' title='bbox 1450 2189 1528 2221; x_wconf 82' lang='lat' dir='ltr'><strong>pars</strong></span> <span class='ocrx_word' id='word_1_331' title='bbox 1543 2177 1637 2212; x_wconf 77' lang='lat' dir='ltr'><strong>orbis</strong></span> <span class='ocrx_word' id='word_1_332' title='bbox 1651 2184 1724 2213; x_wconf 79' lang='lat' dir='ltr'><strong>ter-</strong></span> 
     </span>
     <span class='ocr_line' id='line_1_58' title="bbox 1048 2227 1722 2272; baseline 0.007 -13"><span class='ocrx_word' id='word_1_333' title='bbox 1048 2238 1168 2260; x_wconf 87' lang='lat' dir='ltr'><strong>rarum</strong></span> <span class='ocrx_word' id='word_1_334' title='bbox 1178 2253 1188 2271; x_wconf 87' lang='lat'><em>‚</em></span> <span class='ocrx_word' id='word_1_335' title='bbox 1204 2227 1263 2261; x_wconf 91' lang='lat' dir='ltr'><strong>ubi</strong></span> <span class='ocrx_word' id='word_1_336' title='bbox 1277 2234 1457 2272; x_wconf 81' lang='lat' dir='ltr'><strong>quaereret.</strong></span> <span class='ocrx_word' id='word_1_337' title='bbox 1470 2246 1514 2256; x_wconf 91' lang='lat'><strong>—·</strong></span> <span class='ocrx_word' id='word_1_338' title='bbox 1528 2230 1686 2270; x_wconf 76' lang='lat' dir='ltr'><strong>Sicania,</strong></span> <span class='ocrx_word' id='word_1_339' title='bbox 1702 2242 1722 2264; x_wconf 85' lang='lat' dir='ltr'><strong>a</strong></span> 
     </span>
     <span class='ocr_line' id='line_1_59' title="bbox 1049 2279 1720 2327; baseline 0.003 -13"><span class='ocrx_word' id='word_1_340' title='bbox 1049 2279 1181 2315; x_wconf 88' lang='lat' dir='ltr'><strong>Sicanis</strong></span> <span class='ocrx_word' id='word_1_341' title='bbox 1193 2307 1203 2323; x_wconf 90' lang='lat'>,</span> <span class='ocrx_word' id='word_1_342' title='bbox 1231 2281 1289 2325; x_wconf 87' lang='lat' dir='ltr'><strong>qui</strong></span> <span class='ocrx_word' id='word_1_343' title='bbox 1306 2294 1346 2315; x_wconf 90' lang='lat' dir='ltr'><strong>ex</strong></span> <span class='ocrx_word' id='word_1_344' title='bbox 1362 2280 1475 2316; x_wconf 85' lang='lat' dir='ltr'><strong>Iberia</strong></span> <span class='ocrx_word' id='word_1_345' title='bbox 1488 2281 1720 2327; x_wconf 82' lang='lat' dir='ltr'><strong>immigrave-</strong></span> 
     </span>
     <span class='ocr_line' id='line_1_60' title="bbox 1047 2331 1720 2379; baseline 0.003 -14"><span class='ocrx_word' id='word_1_346' title='bbox 1047 2339 1138 2366; x_wconf 90' lang='lat' dir='ltr'><strong>rant.</strong></span> <span class='ocrx_word' id='word_1_347' title='bbox 1155 2331 1314 2379; x_wconf 88' lang='lat' dir='ltr'><strong>Thucyd.</strong></span> <span class='ocrx_word' id='word_1_348' title='bbox 1329 2333 1381 2369; x_wconf 91' lang='lat' dir='ltr'><strong>VI</strong></span> <span class='ocrx_word' id='word_1_349' title='bbox 1391 2359 1402 2377; x_wconf 89' lang='lat'>,</span> <span class='ocrx_word' id='word_1_350' title='bbox 1411 2347 1448 2373; x_wconf 70' lang='lat'><strong>,2·</strong></span> <span class='ocrx_word' id='word_1_351' title='bbox 1457 2334 1584 2374; x_wconf 62' lang='grc' dir='ltr'><strong>-τ-Εα,</strong></span> <span class='ocrx_word' id='word_1_352' title='bbox 1597 2336 1638 2367; x_wconf 81' lang='lat' dir='ltr'><strong>m‘</strong></span> <span class='ocrx_word' id='word_1_353' title='bbox 1647 2345 1720 2370; x_wconf 82' lang='lat' dir='ltr'><strong>mu-</strong></span> 
     </span>
     <span class='ocr_line' id='line_1_61' title="bbox 1046 2384 1720 2430; baseline 0.001 -11"><span class='ocrx_word' id='word_1_354' title='bbox 1046 2385 1263 2429; x_wconf 67' lang='lat' dir='ltr'><strong>talasutlrsel.</strong></span> <span class='ocrx_word' id='word_1_355' title='bbox 1287 2384 1408 2425; x_wconf 83' lang='lat' dir='ltr'><strong>Codex</strong></span> <span class='ocrx_word' id='word_1_356' title='bbox 1426 2386 1480 2420; x_wconf 86' lang='lat' dir='ltr'><strong>Re</strong></span> <span class='ocrx_word' id='word_1_357' title='bbox 1504 2386 1556 2425; x_wconf 78' lang='lat' dir='ltr'><strong>ius</strong></span> <span class='ocrx_word' id='word_1_358' title='bbox 1571 2386 1604 2420; x_wconf 94' lang='lat' dir='ltr'><strong>A</strong></span> <span class='ocrx_word' id='word_1_359' title='bbox 1615 2411 1626 2429; x_wconf 88' lang='lat'>‚</span> <span class='ocrx_word' id='word_1_360' title='bbox 1649 2398 1720 2430; x_wconf 71' lang='lat' dir='ltr'><strong>que</strong></span> 
     </span>
     <span class='ocr_line' id='line_1_62' title="bbox 1045 2436 1719 2480; baseline 0.001 -10"><span class='ocrx_word' id='word_1_361' title='bbox 1045 2441 1087 2471; x_wconf 78' lang='lat' dir='ltr'><strong>m·</strong></span> <span class='ocrx_word' id='word_1_362' title='bbox 1102 2436 1374 2480; x_wconf 72' lang='lat' dir='ltr'><strong>mutatasus&#39;sset.</strong></span> <span class='ocrx_word' id='word_1_363' title='bbox 1398 2437 1482 2472; x_wconf 80' lang='lat' dir='ltr'><strong>,Non</strong></span> <span class='ocrx_word' id='word_1_364' title='bbox 1544 2438 1719 2473; x_wconf 82' lang='lat' dir='ltr'><strong>aestantior</strong></span> 
     </span>
     <span class='ocr_line' id='line_1_63' title="bbox 1044 2488 1717 2543; baseline 0.003 -20"><span class='ocrx_word' id='word_1_365' title='bbox 1044 2488 1145 2523; x_wconf 87' lang='lat' dir='ltr'><strong>lectio</strong></span> <span class='ocrx_word' id='word_1_366' title='bbox 1161 2496 1305 2534; x_wconf 61' lang='lat' dir='ltr'><strong>propter,</strong></span> <span class='ocrx_word' id='word_1_367' title='bbox 1313 2488 1544 2533; x_wconf 75' lang='lat' dir='ltr'><strong>praec-edentia</strong></span> <span class='ocrx_word' id='word_1_368' title='bbox 1554 2490 1717 2543; x_wconf 64' lang='lat' dir='ltr'><strong>vocabula</strong></span> 
     </span>
     <span class='ocr_line' id='line_1_64' title="bbox 1043 2540 1718 2585; baseline 0.003 -12"><span class='ocrx_word' id='word_1_369' title='bbox 1043 2552 1129 2583; x_wconf 79' lang='lat' dir='ltr'><strong>quas</strong></span> <span class='ocrx_word' id='word_1_370' title='bbox 1139 2540 1189 2574; x_wconf 84' lang='lat' dir='ltr'><strong>bis</strong></span> <span class='ocrx_word' id='word_1_371' title='bbox 1199 2565 1208 2582; x_wconf 86' lang='lat'>,</span> <span class='ocrx_word' id='word_1_372' title='bbox 1221 2544 1383 2584; x_wconf 68' lang='lat' dir='ltr'><strong>querenti,</strong></span> <span class='ocrx_word' id='word_1_373' title='bbox 1396 2542 1534 2585; x_wconf 81' lang='lat' dir='ltr'><strong>dumque</strong></span> <span class='ocrx_word' id='word_1_374' title='bbox 1540 2552 1552 2583; x_wconf 90' lang='lat'><em>;</em></span> <span class='ocrx_word' id='word_1_375' title='bbox 1564 2553 1604 2575; x_wconf 82' lang='lat' dir='ltr'><strong>ea</strong></span> <span class='ocrx_word' id='word_1_376' title='bbox 1614 2548 1718 2578; x_wconf 74' lang='lat' dir='ltr'><strong>nem-</strong></span> 
     </span>
     <span class='ocr_line' id='line_1_65' title="bbox 1043 2592 1715 2637; baseline 0 -12"><span class='ocrx_word' id='word_1_377' title='bbox 1043 2605 1087 2636; x_wconf 87' lang='lat' dir='ltr'><strong>pe</strong></span> <span class='ocrx_word' id='word_1_378' title='bbox 1110 2592 1270 2636; x_wconf 86' lang='lat' dir='ltr'><strong>repetitio</strong></span> <span class='ocrx_word' id='word_1_379' title='bbox 1295 2593 1513 2637; x_wconf 82' lang='lat' dir='ltr'><strong>frequentior</strong></span> <span class='ocrx_word' id='word_1_380' title='bbox 1541 2599 1576 2627; x_wconf 88' lang='lat' dir='ltr'><strong>et</strong></span> <span class='ocrx_word' id='word_1_381' title='bbox 1599 2592 1715 2626; x_wconf 87' lang='lat' dir='ltr'><strong>minus</strong></span> 
     </span>
     <span class='ocr_line' id='line_1_66' title="bbox 1043 2645 1714 2690; baseline -0.001 -12"><span class='ocrx_word' id='word_1_382' title='bbox 1043 2652 1138 2690; x_wconf 83' lang='lat' dir='ltr'><strong>grata</strong></span> <span class='ocrx_word' id='word_1_383' title='bbox 1152 2645 1340 2679; x_wconf 89' lang='lat' dir='ltr'><strong>videretur.</strong></span> <span class='ocrx_word' id='word_1_384' title='bbox 1355 2647 1420 2681; x_wconf 83' lang='lat' dir='ltr'><strong>Ed.</strong></span> <span class='ocrx_word' id='word_1_385' title='bbox 1435 2664 1479 2673; x_wconf 82' lang='lat'><em>-</em></span> <span class='ocrx_word' id='word_1_386' title='bbox 1498 2646 1622 2679; x_wconf 75' lang='lat' dir='ltr'><strong>Omnia</strong></span> <span class='ocrx_word' id='word_1_387' title='bbox 1630 2657 1714 2678; x_wconf 46' lang='lat' dir='ltr'><strong>¹nat*-</strong></span> 
     </span>
     <span class='ocr_line' id='line_1_67' title="bbox 1041 2697 1711 2742; baseline -0.001 -12"><span class='ocrx_word' id='word_1_388' title='bbox 1041 2701 1152 2731; x_wconf 79' lang='lat' dir='ltr'><strong>russel</strong></span> <span class='ocrx_word' id='word_1_389' title='bbox 1159 2723 1166 2737; x_wconf 90' lang='lat'><strong>,</strong></span> <span class='ocrx_word' id='word_1_390' title='bbox 1192 2709 1319 2742; x_wconf 86' lang='lat' dir='ltr'><strong>nempe</strong></span> <span class='ocrx_word' id='word_1_391' title='bbox 1335 2697 1475 2732; x_wconf 83' lang='lat' dir='ltr'><strong>mutatis</strong></span> <span class='ocrx_word' id='word_1_392' title='bbox 1497 2702 1614 2731; x_wconf 83' lang='lat' dir='ltr'><strong>manet</strong></span> <span class='ocrx_word' id='word_1_393' title='bbox 1631 2707 1711 2730; x_wconf 85' lang='lat' dir='ltr'><strong>sen-</strong></span> 
     </span>
     <span class='ocr_line' id='line_1_68' title="bbox 1041 2748 1283 2794; baseline -0.004 -11"><span class='ocrx_word' id='word_1_394' title='bbox 1041 2761 1097 2783; x_wconf 79' lang='lat' dir='ltr'><strong>sus</strong></span> <span class='ocrx_word' id='word_1_395' title='bbox 1111 2748 1283 2794; x_wconf 83' lang='lat' dir='ltr'><strong>pristinus.</strong></span> 
     </span>
    </p>
   </div>
  </div>
 </body>
</html>
