1832 3100
377 234 1077 284 METAMORPHOSEON
1113 238 1247 281 LIB.
1281 238 1340 282 V.

1486 236 1574 296 359

163 355 187 377 «
212 331 338 398 Quid
358 331 500 381 sacis?
522 329 732 380 exclamat
756 349 766 377 ι
791 347 887 395 quae
909 340 952 377 te
966 366 978 387 ‚
1005 347 1205 393 germane
1222 367 1234 387 ‚
1260 329 1478 378 furentem

161 432 187 454 »
212 410 344 459 Mens
365 409 458 472 agit
478 407 523 457 in
547 408 754 456 facinus?
776 406 999 456 meritisne
1023 407 1115 455 haec
1137 407 1276 470 gratia
1300 409 1433 456 tantis

161 509 187 531 »
212 485 465 536 Redditur?
483 485 567 534 hac
585 485 719 533 vitam
742 496 919 534 servatae
941 485 1045 533 dote
1068 485 1308 551 rependis?
1542 499 1579 532 15

161 587 187 608 »
214 565 362 629 Quam
385 563 468 612 tibi
490 569 584 611 non
605 564 816 620 Perseus,
841 580 991 611 verum
1016 561 1053 610 si
1079 561 1238 628 quaeris
1254 599 1266 620 ‚
1292 560 1483 619 ademit,

162 664 188 686 »
213 640 302 690 Sed
325 630 453 704 grave
476 640 715 689 Nereidum
733 658 926 697 numen,
951 639 1033 688 scd
1053 639 1256 702 corniger
1279 640 1496 697 Ammon,

162 741 187 763 »
214 717 303 766 Sed
326 735 425 784 quae
445 717 915 766 visceribus'veniebat
936 716 1083 765 bellua
1106 728 1250 784 ponto

160 819 186 840 >³
212 796 518 845 Exsatur-anda
537 796 648 845 meis
669 815 680 844 ε
699 795 780 851 ἰΙΙζο
805 795 890 844 tibi
914 807 1111 863 tempore
1131 806 1257 862 rapta
1277 806 1344 844 est
1359 831 1371 854 ‚

161 901 186 922 »
213 878 320 943 Quo
342 879 540 946 peritura
559 878 672 936 fuit;
698 877 786 926 nisi
808 878 849 926 si
869 875 1058 927 crudelis
1079 877 1125 926 id
1150 878 1298 944 ipsum
1541 901 1584 924 ρο

161 983 186 1004 »
212 961 394 1025 Exigis,
418 973 471 1011 ut
491 973 663 1028 pereat,
686 960 902 1028 luctuque
926 960 1123 1025 levabere
1147 971 1319 1008 nostro.

161 1064 184 1086 >1
213 1043 390 1093 Scilicet
404 1043 526 1093 haud
544 1044 650 1093 satis
669 1055 736 1092 est
748 1081 760 1103 ‚
782 1043 900 1111 quod
916 1081 928 1103 ‚
955 1055 997 1092 te
1016 1054 1263 1110 spectante,
1281 1041 1474 1091 revincta
1489 1053 1554 1090 est
1571 1061 1582 1099 3

205 1190 254 1226 13.
273 1191 579 1236 Qm‘dfacahtc.
597 1192 686 1226 Hoec
698 1191 810 1226 oratio
824 1217 834 1235 ‚
901 1190 990 1226 sicut
1020 1190 1152 1226 viscera
1187 1197 1315 1226 nostra.
1341 1209 1385 1217 -—·
1414 1190 1484 1225 Sed
1511 1203 1585 1225 non

161 1255 238 1289 quae
253 1242 291 1278 in
306 1243 358 1278 rei
373 1243 580 1290 indignitate
595 1243 837 1279 demonstran-

159 1295 205 1330 da
218 1302 389 1340 versatur,
402 1296 568 1331 convenit
579 1309 737 1342 personae
747 1295 853 1330 senis-

159 1347 254 1392 justi.
267 1366 313 1374 —
328 1350 413 1391 Quoe
436 1353 477 1383 Ie.
506 1348 675 1383 Heinsius
687 1375 697 1391 ‚
713 1347 767 1382 vel
782 1347 841 1381 in·—

160 1398 239 1434 vitis
254 1399 469 1434 membranis
488 1406 607 1434 censet
628 1398 818 1445 legendum
830 1424 839 1441 ‚

161 1452 252 1496 qaod
262 1455 315 1494 le,
343 1458 384 1486 ut
403 1451 640 1497 conjungatur
654 1464 735 1486 cum
742 1451 844 1495 saci-

162 1515 236 1536 aas.
250 1520 296 1528 -—
312 1501 434 1538 Codex
459 1503 588 1548 Regius
615 1503 644 1538 B
661 1529 671 1547 ‚
693 1517 766 1548 quoe
782 1508 841 1546 le,·

164 1555 288 1592 Codex
306 1557 336 1592 A
349 1584 359 1602 ,
375 1560 400 1603 ἲ
410 1570 421 1591 ,·
436 1556 541 1592 dubia
557 1557 680 1599 lectio;
701 1569 785 1591 nam
804 1557 841 1590 in

162 1609 231 1644 hoc
249 1609 382 1646 Codice
393 1637 404 1655 ,
422 1610 548 1645 lineola
564 1609 770 1644 multifarias
786 1610 844 1643 in-

163 1660 257 1696 dicat
270 1661 400 1697 litteras
412 1676 426 1704 ;-
434 1669 553 1697 tamen
566 1662 731 1696 nondum
747 1662 843 1696 locus

162 1713 315 1749 eccui-rit
328 1714 389 1749 ubi
396 1717 489 1759 'quod
492 1714 547 1749 vel
561 1717 644 1759 quid
651 1713 822 1748 indicaret
831 1740 841 1758 ,

163 1778 243 1811 qm
258 1767 429 1802 vocabula,
439 1768 565 1813 passim
578 1768 627 1802 ita
642 1766 845 1814 significan-

162 1826 223 1855 tur
236 1822 319 1866 fid,
330 1821 385 1856 vel
399 1818 490 1867 q1‘1'dt
508 1821 588 1856 alias
606 1817 845 1867 diphthongus

162 1886 205 1909 ae
214 1871 270 1909 vel
279 1869 335 1916 oe,
353 1881 499 1910 notatur
505 1888 570 1921 per
577 1888 606 1909 ae
614 1902 623 1914 ‚
638 1875 708 1909 sive
719 1887 782 1920 per
791 1874 846 1908 si-

164 1938 246 1973 gna,
259 1939 337 1973 quae
348 1927 392 1963 ad
402 1939 528 1975 graecas
537 1928 654 1962 literas
664 1934 683 1968 ς
692 1927 746 1961 vel
754 1944 771 1977 s,
782 1939 847 1972 pae-

164 1991 211 2013 ne
220 1980 391 2015 referunt.
407 1981 525 2014 Ed.—
535 1981 651 2020 Alcas,
673 1985 711 2013 ut
727 1981 826 2023 θυμός
837 2005 846 2022 ,

163 2031 235 2076 ira,
251 2032 397 2068 insania.
412 2033 528 2069 Tibul.
541 2033 609 2076 IV,
623 2043 667 2067 111
676 2059 686 2076 ‚
704 2047 721 2079 7
738 2045 746 2067 ;
763 2035 849 2076 Quis

156 2083 261 2128 furor
270 2089 325 2119 et!
331 2111 341 2126 ,
358 2097 429 2130 qua
438 2097 532 2119 mens
542 2086 565 2119 ,Ρ
573 2085 663 2119 Hor.
678 2084 694 2119 1
705 2110 714 2127 ,
728 2083 792 2130 Ep.
803 2094 850 2128 11,

166 2137 212 2171 60
228 2149 238 2172 t
253 2139 351 2173 dolor
367 2141 453 2183 quid
462 2142 612 2173 suaserit
630 2142 666 2172 e!
685 2149 789 2172 mens.
804 2154 848 2163 —

167 2191 320 2231 —Dos‘,
338 2191 525 2237 proemium
534 2218 543 2236 ,
563 2199 737 2237 quatenus
747 2190 850 2224 datur

167 2255 297 2289 sponso
310 2244 451 2290 nuptias
462 2244 664 2280 celebranti.
676 2261 720 2269 —
735 2245 850 2277 Vitam

165 2301 305 2332 servale
313 2300 503 2342 rependere,
520 2308 666 2343 operam
682 2296 761 2332 vitae
775 2308 852 2332 ser—

166 2355 257 2384 vate
267 2358 508 2395 compensare.

192 2424 194 2426 v
216 2413 267 2447 17.
292 2404 405 2437 Graue
417 2415 554 2444 numen,
578 2402 613 2437 id
627 2409 701 2446 est,
719 2407 850 2448 polens.

174 2452 295 2487 Ed.-
309 2455 499 2489 Ner-eldam.
516 2454 608 2489 Vide
626 2453 668 2489 ad
690 2454 757 2497 lv,
775 2454 850 2502 669.

170 2522 215 2531 —
233 2505 405 2550 Corniger,
428 2506 510 2551 quia
525 2507 589 2541 sub
608 2506 723 2542 arietis
738 2507 852 2541 forma

170 2557 351 2592 colebatur
366 2570 385 2591 a
409 2556 545 2605 Libycis
570 2559 740 2604 gentibus.
758 2559 851 2593 Vide

171 2611 458 2646 Freinshemium
488 2611 532 2646 ad
560 2611 728 2647 Curtium
740 2640 750 2654 ‚
783 2613 851 2656 lv,

172 2674 229 2698 vu
237 2692 247 2709 ‚
274 2664 327 2698 23.
350 2682 394 2691 —-
428 2665 617 2700 Visceribus
642 2669 726 2700 meis
736 2693 746 2707 ,
783 2665 854 2699 filia

174 2728 263 2751 mea.
295 2718 435 2751 Viscera
461 2723 496 2751 et
526 2718 686 2762 σπὶάγχνα
699 2743 709 2761 ,
727 2717 826 2751 liberi
843 2744 853 2761 ,

176 2767 277 2803 amici
291 2775 327 2804 et
342 2769 555 2815 quicumque
567 2769 667 2805 nobis
676 2769 746 2804 cari
758 2775 853 2814 sunt,

902 1243 978 1278 sine
990 1243 1023 1277 vi
1033 1256 1052 1277 a
1063 1243 1193 1279 Nostro
1203 1243 1328 1288 passim
1342 1242 1389 1278 sic
1398 1243 1584 1288 repetitur,

905 1307 1015 1340 quum
1032 1295 1216 1330 sententiae
1228 1302 1477 1330 coacervantur
1491 1307 1499 1329 :
1517 1294 1587 1328 vid.

908 1347 1060 1392 Quintil.
1078 1348 1165 1383 Inst.
1180 1347 1245 1383 Or.
1260 1348 1312 1383 lx
1325 1374 1334 1392 ,
1352 1358 1399 1381 111
1411 1374 1421 1391 ‚
1445 1348 1487 1391 48
1500 1373 1509 1390 ,
1527 1347 1589 1381 ubi

907 1399 963 1435 hic
979 1400 1050 1445 ipse
1065 1399 1159 1435 locus
1175 1400 1217 1434 ab
1236 1413 1278 1435 eo
1292 1399 1474 1435 laudatur:
1489 1400 1538 1435 sic
1553 1407 1589 1434 et

908 1453 926 1486 1
939 1478 949 1494 ‚
978 1454 1053 1499 595.
1070 1470 1114 1477 —-
1129 1454 1237 1486 Ponto
1260 1451 1390 1486 habent
1403 1451 1559 1497 plerique
1577 1477 1585 1493 ,

908 1503 1002 1538 unde
1013 1504 1179 1538 Heinsius
1186 1505 1316 1549 recepit
1327 1518 1334 1545 ;
1347 1503 1407 1538 sed
1416 1511 1496 1539 ante
1505 1517 1587 1538 eum

908 1556 1078 1591 edebatur
1087 1560 1205 1600 ponti,
1229 1556 1446 1602 quodetiam
1467 1555 1588 1601 Quin—

909 1609 1048 1644 tilianus
1080 1610 1196 1645 laudat
1216 1636 1226 1654 ,
1260 1617 1295 1645 et
1321 1610 1453 1645 habent
1475 1611 1586 1646 nostri

910 1661 1021 1708 Regii.
1037 1681 1081 1688 —
1100 1666 1217 1707 Rapta
1230 1668 1291 1697 est.
1304 1663 1387 1697 Duo
1403 1662 1590 1698 Leidenses

908 1722 944 1750 et
954 1722 1022 1751 tres
1032 1716 1087 1750 alii
1096 1716 1181 1755 dant
1188 1717 1457 1762 adempta.Regii
1467 1716 1591 1758 nostri,

908 1773 1015 1812 rapta.
1037 1787 1081 1794 --
1097 1771 1224 1803 Bellua
1243 1773 1370 1804 ademit
1389 1769 1492 1814 paulo
1517 1769 1591 1802 du-

910 1821 981 1855 rius
998 1847 1008 1863 ,
1041 1820 1179 1856 ademta
1195 1822 1256 1855 tibi
1280 1834 1323 1855 eo
1337 1847 1346 1864 ‚
1370 1821 1463 1866 quod
1481 1820 1590 1855 devo-

910 1873 1021 1907 randa
1042 1873 1216 1918 proposita
1226 1879 1302 1908 erat
1316 1873 1450 1908 beiluae.

957 1937 1009 1960 20.
1027 1927 1110 1959 Nisi
1128 1929 1169 1959 si.
1197 1925 1305 1960 MSS.
1323 1925 1535 1960 Bersmanni
1558 1931 1593 1960 et

913 1978 1069 2023 quinque
1085 1978 1139 2012 alii
1155 2004 1164 2020 ,
1183 1981 1256 2012 m’se‘
1268 1982 1314 2011 ta.
1342 1978 1459 2013 Nostri
1492 1978 1594 2024 Regii

913 2031 1045 2067 habent
1066 2032 1263 2077 vulgatam.
1283 2034 1367 2067 Nztu·
1387 2035 1424 2066 si
1443 2031 1534 2067 bene
1557 2046 1592 2067 se

913 2083 1037 2126 haben
1055 2085 1123 2119 vid.
1142 2084 1266 2120 Heins-
1281 2084 1324 2119 ad
1342 2084 1515 2119 Heroidd.
1527 2084 1593 2128 lv,

914 2138 1075 2181 &Etiam
1087 2136 1214 2173 Cicero
1225 2136 1267 2172 d'e
1275 2137 1394 2172 Divin.
1407 2137 1454 2181 V,
1465 2151 1486 2185 9
1499 2150 1507 2172 ε
1518 2138 1604 2172 Nise·

913 2197 950 2228 s1'
958 2196 994 2227 1'a
1004 2193 1218 2226 Dalmatiam
1229 2191 1576 2236 aufhgeril.—-Exigis
1587 2219 1595 2233 ,

913 2248 1095 2290 uiperea,
1121 2244 1278 2290 exigebas
1291 2270 1300 2287 ‚
1319 2250 1358 2278 ut
1378 2244 1517 2289 periret.

960 2313 1000 2333 2²
1013 2300 1102 2333 -25.
1125 2298 1264 2331 Scilicet
1291 2298 1388 2330 haud
1417 2299 1505 2330 satis
1531 2303 1595 2331 etc.

916 2351 998 2386 Non
1025 2349 1182 2395 urgenda
1205 2349 1278 2384 haec
1304 2355 1408 2387 sunu
1439 2348 1596 2382 Phineus

915 2402 1013 2436 enim
1027 2401 1158 2435 viribus
1176 2400 1245 2435 suis
1260 2412 1327 2435 nec
1343 2398 1438 2434 solus
1450 2398 1596 2433 liberare

888 2464 892 2468 '
918 2453 1187 2489 Andromedam
1204 2479 1214 2496 ‚
1246 2465 1313 2487 nec
1343 2453 1473 2486 Perseo
1502 2451 1595 2486 libe—

916 2507 1009 2542 ranti
1035 2519 1139 2552 opem
1157 2507 1259 2541 serre.
1280 2522 1323 2530 —-
1346 2505 1388 2539 In
1405 2503 1458 2538 his
1485 2503 1597 2538 verbis

917 2560 1030 2594 ironia
1041 2566 1104 2603 est,
1114 2572 1183 2604 qua
1193 2557 1331 2592 Phineo
1341 2556 1483 2592 insultat
1490 2557 1598 2592 frater

921 2611 1095 2657 Cepheus.
1125 2611 1250 2655 Quum
1276 2609 1373 2644 enim
1394 2616 1430 2644 et
1455 2616 1598 2655 patruus

919 2670 954 2697 et
969 2675 1115 2708 sponsus
1136 2667 1225 2696 esset
1242 2660 1480 2696 Andromedae
1493 2688 1502 2705 ,
1529 2661 1597 2695 ati-

920 2714 1008 2760 quid
1030 2722 1124 2750 ccrte
1142 2714 1257 2749 auxilii
1281 2714 1407 2750 ass‘erre
1423 2713 1572 2749 debebat
1588 2726 1599 2755 ;

921 2781 1032 2816 quum
1066 2780 1150 2804 vcro
1177 2767 1264 2804 nihil
1289 2780 1431 2814 prorsus
1461 2765 1603 2808 tulerit,
