1832 3100
289 239 371 269 110

647 228 699 272 P.
745 226 990 274 OVIDII
1025 229 1334 277 NASONIS

279 318 513 368 Morsibus
535 320 746 387 eripitur,
771 323 1183 390 tangentiaque-ora
1202 324 1417 392 relinquit
1435 344 1447 374 ε

278 396 351 444 Sic
374 397 521 456 Deus,
547 409 591 446 et
613 398 736 462 virgo
762 411 849 458 est3
872 400 944 448 hie
965 419 1044 467 spe
1063 400 1202 460 celer,
1224 401 1299 451 illa
1321 403 1492 452 timore.

278 473 373 538 Qui
398 485 542 523 tamen
564 475 838 542 insequitur,
861 477 1019 543 pennis
1044 478 1220 543 adjutus
1243 481 1422 529 Amoris

1633 494 1701 542 ⁵4·

279 549 418 599 Ocior
443 563 510 599 est
525 589 536 610 ‚
562 552 846 619 requiemque
871 566 1034 617 negat:
1060 566 1271 622 tergoque
1294 556 1442 620 fugaci

275 629 502 685 Imminet;
529 641 574 678 et
595 630 759 678 crinem
782 649 984 696 sparsum
1009 633 1253 682 cervicibus
1277 634 1422 685 adflat.

275 705 459 754 Viribus
480 706 697 755 absumtis
721 707 936 775 expalluit
958 709 1035 758 illa
1059 730 1069 758 ε
1096 711 1280 777 citaeque

276 782 404 845 Victa
427 782 580 832 labore
601 784 736 847 fugae,
761 798 964 851 spectans
988 788 1204 836 Peneidas
1225 788 1367 837 undas
1381 826 1393 847 ‚

278 882 301 902 «
324 862 590 927 Fer‚pater‚
606 862 774 928 inquit,
791 883 944 930 opem3
970 865 1007 912 si
1030 865 1209 914 flumina
1224 885 1390 914 numen
1402 866 1592 916 habetis.
1631 882 1700 929 545

278 964 303 985 »
330 943 432 1006 Qua
456 943 644 992 nimium
662 943 834 1011 placui,
858 945 1033 1004 Tellus,
1057 958 1133 995 aut
1155 946 1274 996 hisce
1291 985 1302 1005 ‚
1326 947 1395 996 vel
1419 948 1569 1007 istam,

277 1045 302 1069 n
324 1025 439 1089 Quae
460 1024 586 1084 facit,
611 1037 663 1073 ut
685 1025 840 1084 laedar,
866 1028 1079 1076 mutando
1101 1028 1236 1094 perde
1259 1028 1457 1092 figuram.
1486 1052 1510 1072 »

314 1170 388 1206 538.
399 1170 601 1215 Deprensus.
615 1169 728 1205 Codd.
744 1171 856 1206 nostri
869 1185 953 1207 com-

267 1234 421 1267 prensus.

318 1278 394 1320 540.
414 1277 486 1320 Qui
496 1280 606 1310 tamen
618 1279 809 1322 insequitur.
831 1277 954 1322 Quem

274 1341 374 1363 amor
386 1328 537 1363 celerem
555 1327 692 1372 reddit,
712 1341 795 1363 eum
813 1328 954 1376 Cupido

272 1380 380 1416 veluti
404 1380 545 1424 adjuvat
573 1380 633 1414 alis
655 1381 735 1415 suis.

317 1434 391 1476 541.
413 1433 519 1466 Ocior
530 1438 591 1467 est.
611 1433 815 1479 Elegantior
829 1433 953 1469 Burm.

273 1484 412 1520 videtur
418 1485 496 1520 lect.
504 1484 632 1520 Medic.
645 1487 748 1520 Ocior
755 1489 792 1520 it.
799 1503 844 1512 ·--
850 1488 955 1531 Ter-go

270 1540 439 1571 imminere
452 1537 558 1572 etiam
574 1536 663 1583 apud
682 1536 873 1581 historicos,
891 1537 952 1572 sed

270 1588 305 1624 h.
316 1589 338 1623 l.
347 1602 429 1624 cum
438 1589 470 1624 vi
482 1588 524 1624 de
537 1601 580 1624 eo
592 1616 600 1630 ,
614 1588 673 1634 qui
683 1601 796 1634 prono
806 1602 952 1635 corpore

270 1640 319 1676 ita
335 1641 440 1676 instat
455 1667 464 1684 ,
484 1647 524 1675 ut
542 1641 705 1686 fugientis
723 1647 862 1686 tergum
880 1642 951 1676 ha-

271 1693 338 1728 litu
365 1705 428 1727 suo
456 1691 573 1726 adsset.
595 1692 765 1727 Similiter
792 1692 824 1724 V
837 1719 846 1737 ,
875 1693 951 1727 616.

273 1743 450 1788 Expressit
478 1742 662 1777 Claudian.
694 1753 814 1777 XXVIII
825 1770 835 1786 ‚
862 1757 926 1791 279
943 1756 951 1778 ε

270 1797 373 1830 Malu
399 1798 553 1840 propiore
591 1799 781 1839 sequa-alum
812 1808 952 1840 premor.

272 1849 397 1884 Heins.
415 1862 456 1883 ex
477 1849 663 1894 Langerm.
680 1861 698 1882 a
717 1861 763 1882 m.
781 1861 833 1894 pr.
856 1848 952 1884 dedit

257 1901 390 1946 fugaci
401 1913 466 1947 pro
480 1901 632 1945 fugacis.
650 1900 759 1934 Bene.

317 1956 390 1998 544.
408 1956 585 1988 Peneidas.
613 1952 727 1988 Codd.
747 1953 857 1988 nostri
879 1953 951 1989 ha—

271 2006 358 2041 bent
376 2008 551 2040 Peneidas.

317 2059 391 2101 545.
417 2059 556 2093 Numen.
579 2058 664 2093 Vim
689 2064 723 2092 et
743 2065 950 2104 potestatem

272 2110 429 2145 divinam
445 2123 453 2144 ε
470 2123 585 2155 neque
601 2114 744 2144 st‘nunc
761 2110 951 2146 dubitantis

271 2169 345 2206 est,
362 2161 422 2196 sed
439 2173 528 2206 saepe
546 2161 690 2206 ponitur
713 2174 776 2206 pro
791 2187 800 2204 ‚
827 2175 925 2206 quum
938 2174 949 2195 .·

270 2214 351 2249 vide
368 2212 543 2248 Brouckh.
560 2212 600 2246 ad
620 2213 781 2257 Proper-t.
800 2213 855 2248 111
867 2239 876 2257 ,
895 2213 949 2248 El.

270 2265 387 2311 xxnt,
422 2280 474 2314 ¹9·
498 2266 594 2301 lnsra
615 2265 728 2310 XIII,
755 2268 818 2314 49,
846 2270 882 2300 si
899 2268 955 2301 Di

269 2325 367 2361 sunt,
387 2326 422 2355 et
436 2331 541 2364 supra
555 2319 629 2364 377.

315 2371 479 2415 546-547.
495 2372 571 2413 Qua
583 2373 720 2404 nimium
725 2371 853 2413 placui.
864 2369 947 2403 Duo

273 2421 387 2457 Codd.
408 2421 471 2456 hos
494 2421 580 2455 duos
598 2433 716 2455 versus
737 2428 948 2465 praeponunt

268 2474 449 2519 superiori.
472 2473 692 2507 Veterrimus
715 2472 823 2506 Palat.
843 2472 946 2517 prio-

268 2539 347 2561 rem
370 2538 444 2560 non
472 2524 645 2571 agnoscit;
671 2537 762 2558 unus
789 2523 945 2559 Gronov.

269 2584 437 2611 neutrum
447 2575 560 2611 habet.
574 2575 722 2611 Heinsio
731 2582 789 2610 aut
801 2575 945 2610 tollendi

270 2628 374 2662 ambo
397 2627 627 2672 videbantur,
651 2634 710 2661 aut
734 2627 857 2662 ordine
881 2628 944 2662 in-

267 2692 368 2715 verso
383 2678 541 2724 legendi:
559 2679 754 2723 Qua-sacis,
773 2684 811 2713 ut
820 2682 937 2720 loezlar,

275 2733 406 2771 Tellus,
428 2735 490 2764 aut
508 2732 620 2772 hisce,
642 2734 700 2765 vel
719 2735 839 2773 islam,
870 2733 946 2775 Qua

1018 1175 1155 1207 nimium
1166 1171 1288 1218 placui
1292 1201 1301 1215 ,
1323 1176 1483 1210 mutando
1495 1180 1560 1210 etc.
1573 1173 1699 1211 Bam,

1017 1224 1163 1269 suadet,
1180 1225 1235 1259 vel
1254 1226 1312 1259 Ah
1329 1229 1465 1261 nimium
1480 1225 1617 1270 placui!
1643 1226 1699 1262 vel

1022 1278 1091 1312 Cur
1114 1281 1250 1312 nimiam
1269 1290 1306 1321 p.
1340 1276 1505 1324 Denique
1529 1282 1569 1312 ul
1594 1280 1702 1312 laedar

1017 1330 1149 1365 mutari
1177 1330 1252 1365 vult
1276 1331 1313 1365 in
1332 1335 1372 1365 ut
1394 1334 1530 1372 lauder,
1561 1331 1642 1376 quia
1662 1337 1699 1365 et

1016 1381 1094 1415 alibi
1119 1385 1262 1416 laudata
1270 1381 1388 1426 fhrma
1404 1395 1415 1416 ,¹
1438 1389 1474 1417 et
1490 1382 1528 1417 in
1547 1387 1698 1428 quatuor

1016 1433 1125 1468 MSS.
1144 1447 1162 1468 e
1181 1434 1289 1479 glossa
1307 1447 1378 1469 esse
1394 1438 1434 1468 ul
1439 1437 1606 1479 placeam.
1624 1433 1697 1468 Sed

1014 1484 1063 1519 ita
1081 1485 1132 1519 bis
1149 1485 1243 1520 idem
1261 1485 1398 1521 dixisset
1411 1513 1421 1531 ,
1439 1499 1506 1522 nec
1521 1485 1698 1522 exhausis-

1014 1542 1066 1571 set
1090 1537 1162 1570 vim
1183 1537 1386 1572 calamitatis
1405 1550 1487 1573 suae.
1510 1556 1555 1565 ·—
1576 1537 1698 1573 Nostri

1017 1588 1131 1625 Codd.
1143 1589 1204 1624 has
1214 1589 1397 1625 varietates
1408 1602 1481 1624 non
1492 1595 1696 1636 agnoscunt.

1013 1660 1058 1667 ·—
1075 1640 1368 1676 Seidenstuecker
1397 1643 1473 1686 Qua
1491 1643 1636 1688 explicat
1658 1646 1695 1677 in

1014 1707 1096 1738 qua,
1117 1706 1215 1737 super
1227 1707 1292 1739 qua
1302 1721 1310 1733 ‚
1342 1700 1446 1739 atque
1462 1693 1537 1729 haec
1553 1707 1619 1740 qua
1633 1698 1694 1729 ni·-

1015 1749 1116 1780 mium
1125 1749 1250 1790 placui
1261 1744 1377 1780 addita
1390 1753 1489 1791 putat
1501 1763 1511 1790 ᾗ
1535 1746 1617 1791 quia
1631 1746 1698 1781 Pe-

1014 1798 1094 1832 neia
1127 1799 1198 1844 jam
1227 1789 1387 1833 devorari
1422 1812 1440 1833 a
1471 1806 1564 1834 terra
1590 1800 1695 1845 cupit.

1015 1850 1133 1885 Etiam
1151 1850 1241 1885 Rod.
1259 1860 1267 1881 :
1284 1864 1328 1885 wo
1346 1852 1401 1885 1'ch
1416 1853 1580 1885 allzum'el
1590 1854 1696 1897 gcfiel.

1014 1902 1144 1936 Melius
1171 1909 1289 1936 tamen
1309 1928 1318 1945 ,
1350 1902 1377 1936 si
1406 1901 1482 1936 fieri
1507 1902 1694 1937 commode

1014 1961 1151 1999 posset,
1177 1967 1243 1998 qua
1265 1954 1458 1988 referretur
1473 1953 1515 1988 ad
1522 1956 1692 2000 figuram,

1013 2013 1053 2041 ut
1069 2007 1105 2041 II
1117 2032 1126 2050 ‚
1145 2007 1210 2051 474
1226 2018 1234 2041 :
1256 2007 1416 2040 Adimam
1432 2008 1500 2040 tibi
1514 2020 1629 2052 nempe
1633 2009 1694 2054 fi-

1010 2072 1127 2103 garam
1135 2085 1143 2100 ‚
1164 2059 1240 2101 Qua
1253 2061 1332 2098 nbi,
1347 2071 1475 2103 quaque
1484 2060 1602 2101 places
1612 2071 1695 2093 nos-

1012 2115 1081 2150 tro,
1103 2113 1308 2154 imporhma,
1326 2113 1455 2144 marito.
1474 2109 1519 2144 Et
1531 2110 1693 2145 Perizon.

1014 2163 1056 2197 ad
1071 2163 1187 2208 Sanct.
1198 2162 1301 2206 Min„
1312 2175 1343 2207 p.
1356 2163 1419 2206 543
1430 2175 1517 2208 sqq.,
1529 2162 1692 2208 exemplis

1012 2214 1147 2249 idoneis
1160 2214 1295 2259 docuit,
1308 2214 1355 2248 ita
1364 2213 1543 2249 interdum
1555 2214 1692 2248 abrum-

1012 2267 1048 2312 pi
1064 2267 1361 2302 constructionem
1373 2293 1382 2309 ‚
1404 2274 1442 2300 ut
1460 2266 1690 2309 divellantur,

1011 2319 1166 2364 pluribus
1177 2318 1289 2353 verbis
1299 2318 1509 2363 interpositis
1521 2344 1530 2361 ,
1547 2331 1625 2363 quae
1637 2331 1691 2352 co-

1011 2369 1178 2404 haereant.
1196 2370 1236 2404 Id
1252 2369 1345 2414 quod
1359 2370 1395 2403 in
1411 2369 1449 2403 iis
1463 2369 1612 2404 maxime
1625 2382 1690 2403 vo-

1010 2422 1105 2456 cibus
1124 2422 1239 2456 locum
1255 2421 1359 2455 habet
1372 2447 1381 2461 ,
1400 2421 1508 2455 virtus
1527 2420 1614 2456 adeo
1630 2421 1691 2455 vi—

1010 2474 1085 2508 deri
1106 2474 1233 2519 possit,
1262 2486 1361 2519 quae,
1389 2481 1427 2508 ut
1447 2473 1520 2508 haec
1543 2474 1579 2508 in
1595 2487 1692 2508 sum-

1010 2538 1066 2559 ma
1083 2526 1210 2560 mentis
1225 2525 1487 2570 perturbatione
1505 2526 1690 2571 proferun-

1010 2586 1077 2613 tur.
1125 2577 1194 2612 Sed
1229 2578 1395 2622 quoniam
1427 2577 1543 2623 plures
1579 2577 1688 2611 MSS.

1009 2629 1065 2663 hic
1084 2629 1183 2674 plura
1204 2629 1371 2663 omittunt
1389 2655 1398 2672 ,
1428 2628 1593 2673 quoniam
1618 2629 1689 2661 mi-

1008 2692 1089 2714 rum
1100 2686 1172 2723 est,
1196 2680 1387 2727 nympham
1405 2686 1481 2725 post
1497 2686 1632 2724 patrem
1647 2677 1686 2711 il-

1008 2731 1074 2767 lico
1090 2739 1125 2767 et
1150 2732 1331 2767 Tellurem
1355 2732 1516 2767 invocare
1529 2756 1540 2774 ,
1568 2743 1684 2776 neque
