1832 3100
271 224 358 266 516

640 225 692 267 P.
737 225 966 270 OVIDII
1006 224 1302 269 NASONIS

266 317 378 379 Quae
404 314 673 382 Cephalum,
701 316 940 383 patriaeque
963 317 1094 365 simul
1114 317 1317 365 mandata
1334 316 1511 365 ferebat.

263 393 453 443 AEacidae
480 393 614 456 longo
632 394 813 458 juvenes
836 405 941 460 post
962 406 1160 460 tempore
1183 395 1324 442 visum

261 471 491 533 Agnovere
515 481 658 518 tamen
684 469 949 536 Cephalum;
977 470 1237 536 dextrasque
1262 470 1443 528 dedere,

1607 482 1672 529 495

262 548 401 613 Inque
426 546 563 612 patris
588 546 748 594 duxere
775 546 968 593 domum.
996 545 1259 611 Spectabilis
1281 547 1436 604 heros,

259 626 320 673 Et
343 625 500 672 veteris
524 624 718 671 retinens
745 623 982 671 etiamnum
1006 623 1194 689 pignora
1216 622 1366 672 formae
1380 661 1392 682 ,

256 701 538 764 Ingreditur3
563 719 820 765 ramumque
843 711 996 747 tenens
1021 699 1247 765 popularis
1273 700 1418 757 olivae,

258 780 317 825 Et
340 777 491 826 dextra
513 776 704 842 laevaque
729 776 843 823 duos
868 787 991 824 aetate
1012 776 1205 823 minores

262 854 408 920 Major
429 853 564 902 habet
580 890 592 911 ,
620 852 784 918 Clyton
808 864 853 900 et
874 854 1020 901 Buten
1039 890 1050 911 ‚
1077 852 1272 901 Pallante
1297 864 1476 901 creatos.

1608 869 1673 902 500

257 931 501 996 Postquam
525 947 762 991 congressu
785 929 929 994 primo
953 948 1032 977 sua
1051 930 1183 978 verba
1205 929 1400 978 tulerunt

255 1066 374 1111 plicius
386 1072 420 1100 et
429 1064 555 1107 lenius,
567 1068 723 1108 etportus
737 1066 843 1098 intra!
849 1067 933 1098 ami-

254 1131 323 1152 cos.
350 1117 468 1152 Lectio
488 1117 594 1151 altera
612 1117 728 1151 nescio
745 1117 828 1161 quid
845 1117 932 1151 rude

252 1178 288 1204 et
298 1176 500 1205 contortum
512 1168 626 1203 habet.
639 1169 930 1212 Ed.—Cephalus‚

253 1221 400 1256 Deionis
416 1227 474 1255 aut
488 1247 496 1263 ‚
520 1227 559 1254 ut
577 1219 631 1253 alii
649 1218 792 1254 tradunt
804 1246 814 1264 ,
835 1220 933 1254 Mer-

252 1274 338 1308 curii
362 1272 474 1315 filius,
501 1272 560 1315 qui
582 1270 771 1314 Procrida,
794 1270 934 1305 Erech—

252 1325 325 1359 thei
336 1323 443 1357 filiam
455 1349 464 1366 ,
484 1323 518 1356 in
535 1322 761 1356 matrimonio
773 1320 930 1357 habebat.

250 1377 369 1412 Fuisse
404 1375 602 1421 Cephalum
635 1376 804 1420 juvenem
840 1374 931 1420 apud

251 1429 458 1474 AEginenses
486 1440 505 1461 e
530 1437 635 1462 versu
667 1427 732 1461 516
744 1452 753 1469 ,
779 1432 930 1471 apparet.

251 1483 417 1525 -Longo
428 1485 511 1525 post
525 1484 676 1523 tempore.
693 1479 746 1514 Ita
763 1486 797 1513 et
813 1478 932 1524 Virgi—

245 1534 330 1577 lius,
351 1533 468 1577 Eclog.
485 1532 525 1574 1,
544 1531 604 1573 30,
624 1532 789 1574 Respexit
797 1535 926 1570 tamen,

190 1614 194 1619 .
247 1590 283 1619 et
296 1588 393 1628 longo
403 1588 484 1627 post
499 1588 643 1625 tempore
659 1585 757 1616 venit.

291 1637 366 1684 496.
394 1636 603 1678 Spectabilis.
629 1633 759 1666 Forma
783 1632 928 1676 conspi—

250 1700 334 1723 cuus
352 1700 360 1721 z
380 1687 428 1721 sic
452 1691 551 1719 notat
575 1682 769 1728 Cephalum
786 1690 929 1727 propter

249 1740 401 1777 fabulam
408 1745 615 1783 sequentem
625 1736 706 1771 inde
714 1749 732 1770 a
739 1748 839 1770 versu
848 1736 908 1770 651
917 1762 926 1778 ,

252 1794 311 1828 ubi
334 1793 378 1826 ob
399 1791 552 1825 sormam
566 1787 709 1833 rapitur.
725 1805 768 1812 —-
785 1788 929 1830 Ριζςηονα

250 1845 450 1891 exquisitius
462 1855 567 1888 quam
578 1842 687 1887 signa,
698 1841 838 1886 vestigia
848 1840 926 1884 :VL

248 1898 314 1933 603
327 1923 336 1941 ‚
356 1909 524 1931 sacrorum
531 1898 675 1939 ng’nora
684 1895 796 1927 demit.
807 1911 851 1918 —
865 1894 930 1927 Ve-

247 1952 329 1983 teris
335 1947 473 1991 sormae,
489 1945 642 1991 pristinae
654 1943 927 1990 pulchritudinis.

252 2001 317 2035 Ed.
333 2018 377 2026 ·—-
390 2000 575 2042 Populart's.
592 1995 836 2030 Gronovianus
848 1995 929 2040 pri—

251 2065 329 2087 mus
344 2052 518 2085 candentis
531 2061 594 2093 pro
608 2059 677 2093 quo
689 2047 854 2081 Heinsius
868 2059 929 2080 ca-

250 2107 361 2139 nentis
371 2099 680 2143 malebat—Regii
691 2099 800 2132 nostri
811 2124 819 2141 ,
826 2111 928 2142 popu-

250 2160 342 2196 laris,
360 2151 452 2199 quod
466 2158 612 2197 praestat.
625 2152 723 2184 Oliva
735 2150 908 2195 popularis
918 2176 927 2194 ,

253 2209 334 2254 quia
350 2214 431 2243 nata
447 2205 537 2250 apud
549 2204 791 2246 Athenienses,
803 2203 927 2237 etideo

252 2259 381 2306 populo
407 2264 500 2303 grata
514 2271 523 2297 ;
552 2255 577 2289 si
607 2255 647 2288 ad
674 2255 812 2299 signum
839 2255 928 2299 pacis

250 2320 401 2359 spectes,
421 2309 603 2355 Virgilius,
621 2307 704 2341 AEn.
723 2307 834 2350 VIII,
850 2309 924 2341 pa-

250 2365 422 2409 etseraeque
431 2373 556 2395 ramum
560 2361 737 2402 proeteadit
745 2361 847 2393 olt‘vae.
863 2358 927 2406 Ed.

251 2432 295 2441 —
310 2417 430 2449 Buten.
450 2409 641 2451 Nonnulli,
665 2410 809 2447 Rauen,
832 2408 927 2442 unde

250 2465 444 2507 Meursius,
465 2463 549 2507 Reg.
571 2461 674 2494 Attic.
698 2460 733 2494 ΙΙ
749 2485 758 2502 ,
780 2459 800 2493 6
815 2485 823 2501 ,
848 2459 928 2492 sacit

252 2518 377 2562 Bryten
390 2543 398 2555 ,
423 2528 441 2548 a
463 2526 531 2559 quo
550 2511 783 2559 Brytadarum
801 2510 929 2544 familia

248 2568 343 2613 apud
362 2567 592 2603 Athenienses
615 2563 865 2606 descendebat,
889 2570 927 2597 ut

250 2633 271 2655 a
281 2621 369 2654 Bate
379 2615 927 2654 Butadarum.·-Pallanle.Hein—

185 2677 189 2681 ’
249 2674 319 2708 sius
330 2673 487 2718 ‘conjecit
514 2673 676 2705 Teleonle.
691 2688 735 2695 -
754 2669 819 2703 His
835 2681 927 2702 con-

253 2724 395 2769 iecturis
410 2736 484 2758 non
501 2730 551 2757 est
568 2721 783 2759 haerendum.
805 2722 868 2754 Ed.
886 2739 927 2746 —-

997 1066 1136 1106 Pallas,
1161 1065 1252 1100 filius
1277 1065 1376 1100 Nelei
1403 1065 1462 1111 qui
1482 1065 1547 1101 suit
1564 1066 1671 1101 frater

999 1116 1136 1151 Thesei.
1162 1116 1242 1150 Vid.
1262 1117 1423 1163 Hyginus
1438 1143 1448 1161 ,
1468 1117 1581 1152 sabula
1596 1119 1670 1162 244.

999 1168 1092 1202 Eum
1116 1174 1151 1202 et
1174 1167 1262 1202 filios
1284 1181 1338 1202 res
1362 1181 1469 1203 novas
1488 1169 1670 1204 molientes

996 1229 1115 1267 postea
1136 1222 1292 1256 Theseus
1318 1222 1500 1258 interfecit.
1521 1223 1668 1259 Pausan.

997 1274 1102 1308 Attic.
1119 1287 1152 1318 p.
1172 1276 1209 1308 51
1229 1280 1264 1308 et
1285 1287 1334 1319 70.

1040 1327 1116 1360 501.
1130 1327 1312 1370 Poslquam
1321 1338 1504 1369 congressu.
1517 1352 1524 1360 .
1534 1354 1542 1361 .
1552 1328 1670 1361 Cecro-

991 1379 1090 1421 pt'dae.
1115 1377 1191 1411 Hos
1214 1389 1332 1411 versus
1352 1376 1450 1410 aliter
1465 1376 1609 1412 dederat
1627 1377 1668 1412 cl.

999 1430 1138 1473 Gc'ert'g:
1153 1430 1333 1473 Postquam
1358 1442 1550 1474 congressus
1568 1428 1674 1474 'primi

993 1495 1058 1516 sua
1073 1484 1172 1516 verba
1187 1485 1351 1525 tulerunt;
1371 1484 1581 1527 Cecropidum
1598 1486 1670 1519 Ce-

989 1533 1116 1576 phalus
1135 1540 1200 1568 etc.
1218 1540 1252 1567 et
1266 1533 1339 1568 haec
1354 1534 1512 1579 subjicit,
1535 1549 1552 1565 «
1572 1536 1667 1569 Con-

997 1597 1014 1613 »
1028 1583 1257 1627 gressusdixit
1269 1597 1332 1629 pro
1343 1585 1646 1630 congredientibus
1658 1600 1666 1621 :

996 1648 1013 1664 »
1032 1647 1105 1668 non
1123 1643 1241 1669 tamen
1259 1635 1350 1670 hanc
1372 1637 1481 1671 nostri
1503 1637 1568 1672 loci
1590 1638 1667 1673 lec-

995 1699 1013 1714 »
1030 1685 1163 1719 tionem
1181 1686 1398 1721 defenderim
1410 1714 1419 1730 ,
1434 1702 1539 1733 quam
1551 1690 1669 1724 Hein-

995 1751 1012 1767 »
1030 1736 1079 1771 sio
1087 1737 1564 1785 debemus.VulgoCongressi
1566 1746 1672 1786 primi

995 1803 1014 1819 »
1034 1790 1229 1833 Cecropidae.
1240 1790 1345 1825 Multi
1359 1799 1505 1836 veteres,
1520 1800 1669 1838 congres-

996 1856 1013 1871 »
1030 1854 1069 1875 su
1083 1846 1214 1886 primm·
1242 1843 1404 1877 nonnulli
1426 1844 1528 1879 bonae
1549 1853 1642 1880 notae
1655 1872 1665 1887 ,

996 1907 1013 1923 »
1030 1906 1226 1937 congressus
1242 1898 1353 1937 primi.
1384 1895 1479 1930 Hinc
1502 1897 1666 1932 Heinsius

996 1958 1013 1975 »
1031 1945 1137 1979 etiam
1170 1946 1355 1990 Cecropidae
1383 1946 1420 1980 in
1455 1948 1666 1993 Cecropidum

995 2011 1013 2027 »ι
1031 1997 1581 2044 mutavit,quumCecropida1-u1n
1593 2013 1665 2036 esse

995 2064 1012 2079 »
1031 2049 1184 2083 deberet.
1196 2065 1213 2079 »
1231 2049 1427 2085 Obscuram
1439 2051 1665 2096 judicavimus

994 2114 1098 2146 quam
1111 2101 1206 2136 dedit
1218 2104 1348 2147 Gt'erzjg,
1371 2110 1407 2138 et
1419 2106 1574 2149 quamvis
1590 2119 1664 2141 non

994 2167 1063 2188 una
1073 2154 1194 2188 eadem
1204 2154 1240 2187 in
1251 2155 1376 2190 nostris
1385 2156 1428 2190 sit
1437 2156 1550 2200 lectio,
1567 2165 1665 2193 utra—

993 2218 1060 2250 que
1078 2212 1196 2240 tamen
1213 2206 1316 2251 recipi
1332 2214 1465 2252 potest;
1485 2207 1607 2244 Codex
1618 2211 1662 2254 B,

991 2260 1172 2302 Postquam
1181 2261 1491 2303 congressiprimum
1495 2273 1560 2294 sua
1566 2264 1665 2296 verba

991 2313 1136 2344 tulerunt
1151 2311 1357 2354 Cecropidae‚·
1378 2310 1516 2346 Codicis
1532 2313 1564 2347 A
1586 2313 1663 2347 lec—-

991 2362 1125 2396 tionem
1137 2361 1349 2406 praetulimus
1358 2387 1367 2404 ,
1379 2375 1456 2406 quae
1465 2363 1536 2407 jam
1548 2371 1661 2407 antea,

991 2420 1030 2447 ut
1047 2420 1191 2447 testatur
1209 2412 1346 2457 Gierig,
1369 2414 1481 2448 suerat
1502 2415 1580 2449 data
1599 2429 1607 2450 ε
1627 2423 1664 2451 et

991 2463 1081 2497 hauc
1109 2464 1154 2497 ita
1179 2463 1452 2507 interpretemur
1473 2478 1481 2499 ε
1499 2466 1558 2500 ubi
1576 2479 1664 2500 con—

991 2514 1095 2560 gressi
1111 2515 1253 2548 suerunt
1271 2513 1490 2560 Cecropidae,
1508 2523 1544 2550 et
1560 2517 1662 2552 verba
1696 2545 1702 2554 .

992 2565 1196 2611 gratulantia
1205 2566 1360 2600 tulerunt
1373 2593 1382 2610 ,
1397 2566 1570 2613 Cephalus
1581 2581 1663 2614 per-

992 2617 1061 2662 agit
1070 2616 1233 2650 mandata
1243 2617 1285 2651 de
1294 2618 1418 2652 auxilio
1426 2619 1588 2664 petendo.
1595 2623 1659 2655 Ed.

990 2686 1035 2694 —
1057 2670 1169 2702 Primo
1192 2681 1365 2712 congressu
1391 2673 1535 2705 tulerunt
1553 2674 1660 2705 verba.

995 2718 1133 2764 Cicero,
1145 2720 1221 2756 Fin.
1235 2721 1290 2756 111
1303 2747 1312 2765 ,
1326 2735 1343 2756 2
1355 2735 1361 2756 z
1372 2726 1527 2766 surrexi&
1542 2724 1659 2758 deinde
