1832 3100
300 231 388 287 354
438 284 441 287 .

671 235 721 277 Ρ.
759 234 996 280 OVIDII
1035 237 1328 284 NASONIS

295 328 454 374 Narrat
475 323 689 392 Lyncides
706 362 719 383 ,
752 345 979 394 moresque
1003 328 1270 397 habitusque
1287 332 1493 382 virorum.

297 404 408 467 Quae
430 402 559 451 simul
582 402 758 451 edocuit
777 424 787 452 :
813 426 835 447 «
855 407 983 454 Nunc
998 443 1010 463 ‚
1034 426 1060 454 o
1084 407 1319 459 fortissime
1334 448 1346 468 ‚
1372 411 1506 470 dixit,

298 503 321 523 >›
348 482 481 538 Fare,
503 499 681 546 precor,
708 482 893 538 Persen,
920 495 1080 549 quanta
1103 484 1287 544 virtute,
1314 488 1563 555 quibusque

297 579 321 600 »
347 556 533 605 Artibus
556 557 789 606 abstuleris
813 559 967 607 crinita
992 560 1254 611 draconibus
1276 583 1364 612 ora.
1387 587 1411 608 »

1637 593 1701 627 77⁰

292 636 451 683 Narrat
471 634 769 697 Agenorides,
791 635 936 698 gelido
959 637 1042 686 sub
1067 637 1245 688 Atlante
1266 641 1480 705 jacentem

291 713 400 761 Esse
421 711 567 760 locum
580 750 592 770 ‚
619 712 769 761 solidae
789 725 933 762 tutum
947 715 1189 764 munimine
1208 716 1338 765 molis
1355 737 1366 775 ;

293 789 430 854 Cujus
452 790 499 837 in
520 790 708 837 intr‘oitu
729 789 922 852 geminas
946 790 1165 842 habitasse
1188 812 1360 843 sorores

290 867 543 933 Phorcydas
557 905 568 924 ,
594 867 726 915 unius
745 868 927 933 partitas
949 867 1128 917 luminis
1153 889 1282 917 usum
1305 892 1317 918 :

288 943 341 991 Id
364 962 410 992 se
433 943 584 992 solerti
605 944 754 992 furtim
772 982 784 1002 ‚
811 945 915 993 dum
938 946 1152 1005 traditur,
1179 958 1278 994 astu

287 1079 478 1120 animosque
500 1078 652 1109 virorum.
681 1075 740 1110 Sic
761 1082 854 1110 recte
883 1075 962 1110 fluit

1637 965 1702 1009 775

1030 1076 1097 1111 Th.
1115 1077 1148 1111 d.
1165 1077 1185 1112 l.
1201 1081 1290 1127 πέρην
1301 1077 1458 1114 Ὠκεανοῖο
1469 1076 1486 1123 )
1497 1104 1507 1122 ,
1519 1079 1699 1115 recentio-

288 1127 399 1161 oratio
413 1153 422 1170 ,
454 1133 489 1161 et
513 1127 714 1171 sequentia,
752 1128 831 1170 Quae
863 1130 967 1162 simul
1025 1139 1081 1162 res
1097 1127 1133 1161 in
1151 1126 1353 1162 continente
1371 1128 1507 1164 Asricae.
1528 1130 1701 1176 Pompon.

288 1179 422 1213 edocuit
442 1184 507 1212 etc.
528 1178 683 1223 apprime
704 1190 785 1212 cum
813 1184 961 1212 antece-

286 1231 447 1266 dentibus
471 1231 705 1266 consentiunt.
724 1234 788 1266 Ed.
804 1251 847 1257 —
860 1233 960 1278 Lyn—

284 1286 396 1326 cides,
418 1290 477 1318 aut
500 1283 629 1330 Lyncei
650 1284 740 1318 filius
754 1310 763 1327 ,
791 1291 850 1319 aut
865 1292 958 1320 certe

286 1347 418 1369 nomen
429 1336 610 1380 proprium
621 1341 682 1369 est.
698 1337 763 1369 Ed.

331 1387 404 1433 759.
419 1389 554 1430 Quanta
565 1390 694 1422 virtute.
704 1387 869 1422 Heinsius
877 1400 958 1423 con-

284 1439 432 1483 jecturat
453 1451 518 1482 qua
539 1444 575 1472 lu
594 1442 724 1474 vl'rlule.
751 1439 869 1474 Nostri
893 1440 960 1474 Re-

285 1489 329 1535 gii
346 1489 476 1523 habent
489 1494 625 1534 quanta.
640 1509 684 1516 --
696 1491 778 1526 Non
797 1497 867 1524 tam
883 1495 959 1525 vir-

283 1546 371 1581 tute,
390 1553 495 1586 quam
509 1544 636 1575 artibus
649 1568 657 1582 ‚
684 1541 720 1575 in
738 1541 800 1577 hac
816 1555 854 1576 re
874 1555 958 1587 opus

283 1592 399 1635 fuisse,
412 1605 452 1626 ex
466 1591 626 1637 Apollod.
643 1600 794 1637 apparet.
807 1594 881 1628 Nec
892 1593 959 1628 Or-

284 1644 393 1689 pheus
411 1643 600 1688 quidquam
623 1650 749 1688 praeter
776 1646 858 1679 δ’ἐλον
874 1658 958 1679 me—

286 1702 411 1729 morat.
434 1694 458 1728 J
462 1707 558 1729 ussus
577 1701 693 1729 autem
719 1701 793 1729 erat
809 1707 828 1729 a
844 1696 959 1742 Poly-

286 1744 385 1781 decte
403 1745 536 1780 adferre
549 1745 633 1780 illud
645 1753 747 1791 caput
755 1771 765 1789 ,
776 1746 870 1791 quod
882 1754 958 1781 tum

283 1799 377 1832 inter
388 1798 524 1833 ἀδύνατοι
539 1797 763 1831 referebatur.
772 1815 816 1823 —-·
828 1800 959 1833 Crinila

285 1851 485 1884 draconibus
503 1876 512 1891 ,
538 1856 642 1894 caput
655 1875 664 1893 ,
692 1850 790 1895 cujus
807 1850 958 1886 crinibus

283 1902 431 1938 immixti
448 1902 614 1937 dracones
626 1928 636 1947 ‚
654 1915 755 1937 versu
767 1916 839 1950 79¹·
849 1904 959 1949 Apol-

283 1955 353 1990 lod.
371 1970 390 1990 e
408 1962 510 2001 poeta
528 1955 642 2000 aliquo
655 1982 665 1999 ‚
697 1959 825 2002 κεφαλὰς
842 1973 959 2006 περιεσ-

283 2011 460 2057 πειραμένας
477 2012 575 2054 φολίσι
593 2010 772 2056 δρακέντων.

322 2059 366 2104 '77
375 2072 400 2093 1.
416 2060 544 2094 Narrat
559 2059 767 2103 Agenorides
785 2059 959 2095 habebant

287 2110 449 2150 meliores
466 2110 603 2145 Heinsii
619 2118 655 2145 et
671 2110 809 2145 Ciosani
828 2126 836 2153 3
857 2113 960 2158 vulgo

283 2160 462 2206 legebatur
478 2162 749 2195 Abantiades.—
764 2162 862 2207 Regii
878 2175 958 2198 nos-

283 2213 329 2247 tri
339 2213 568 2256 Ageaort'des;
581 2220 672 2246 recte
685 2238 695 2255 ‚
714 2226 798 2247 nam
810 2214 852 2247 ab
863 2214 960 2260 Age-

283 2277 370 2298 nore
379 2264 534 2308 Danaus,
542 2264 660 2299 Persei
670 2277 829 2310 proavus,
838 2266 959 2300 oriun-

287 2316 361 2351 dus.
378 2318 444 2351 Ed.
458 2335 502 2343 --
514 2317 556 2351 In
569 2329 609 2351 ea
623 2342 632 2358 ,
650 2330 726 2361 quae
742 2317 824 2352 hinc
838 2319 956 2362 seqni-

283 2376 353 2410 tur,
370 2368 568 2403 narratione
581 2374 707 2413 praeter
725 2376 956 2413 exspectatum

285 2419 399 2454 brevis
414 2427 466 2455 est
478 2419 644 2463 Ovidius,
661 2433 860 2465 quanquam
876 2421 957 2455 Me-

286 2471 380 2506 dusae
403 2479 524 2516 caput,
552 2479 693 2516 propter
711 2472 781 2505 vim
798 2473 958 2507 mutandi

284 2536 431 2568 corpora
445 2550 455 2567 ,
480 2524 517 2558 in
540 2523 658 2569 primis
679 2524 903 2559 memorabile
920 2524 957 2558 in

287 2574 456 2620 mythicis.
466 2593 510 2601 —
527 2577 650 2610 Locum
657 2576 828 2620 jacenlem
842 2587 853 2618 ,·
877 2577 957 2622 pla-

287 2638 375 2660 num
391 2634 428 2662 et
438 2628 624 2673 spatiosum
641 2642 814 2674 campum.
835 2631 900 2664 Ed.
914 2648 957 2656 -

286 2679 410 2712 Locum
422 2678 518 2712 illum
529 2680 740 2725 antiquiores
748 2681 958 2718 collocabant

282 2729 322 2765 in
337 2729 448 2764 insula
463 2730 597 2765 Oceani
616 2732 779 2767 Atlantici
792 2732 954 2777 (Hesiod.

1027 1179 1141 1223 Mela,
1160 1181 1215 1215 ΙΙΙ
1229 1206 1238 1223 ,
1254 1190 1293 1214 lx
1305 1205 1315 1223 ‚
1333 1181 1376 1227 93
1390 1193 1399 1215 :
1420 1182 1546 1216 Contra
1559 1181 1701 1219 AEthio-

1026 1245 1085 1277 pas
1095 1233 1282 1278 Hesperios
1292 1238 1371 1267 sunl
1377 1236 1496 1268 insule
1513 1236 1696 1278 Gorgades,

1026 1287 1144 1319 domus
1160 1287 1221 1329 (ut
1233 1288 1331 1319 aiunl
1339 1284 1355 1330 )
1370 1288 1551 1330 aliquando
1569 1289 1698 1332 Gorgo-

1003 1340 1006 1343 “
1022 1338 1146 1373 num.N
1148 1345 1251 1382 oster,
1260 1338 1449 1373 immemor
1457 1339 1580 1374 sabulae
1589 1339 1697 1374 modo

1023 1397 1172 1424 narratae
1184 1415 1193 1433 ,
1219 1393 1282 1424 sub
1305 1390 1468 1430 Atlanle‚‚
1495 1390 1538 1425 ad
1563 1390 1696 1428 Atlan-

1023 1449 1107 1477 tem.
1115 1462 1160 1483 -3
1172 1445 1315 1478 Gelidus
1323 1456 1511 1479 commune
1520 1446 1698 1480 montium

1023 1494 1214 1538 epitheton.
1225 1495 1393 1529 —Solida
1401 1497 1464 1529 illa
1477 1497 1580 1531 moles
1590 1522 1599 1536 ‚
1613 1502 1697 1531 trac-

1023 1551 1078 1579 tus
1093 1546 1267 1580 montium
1280 1572 1291 1590 ,
1309 1547 1397 1580 sorte
1415 1546 1604 1592 Atlas'ipse.
1616 1546 1697 1582 Or·-

1021 1596 1131 1640 pheus
1142 1623 1151 1640 ,
1172 1597 1204 1632 d.
1234 1598 1255 1632 l.
1269 1623 1279 1641 ,
1298 1599 1454 1633 Allanttls
1467 1602 1623 1633 extremis
1636 1602 1698 1634 sub

1015 1652 1221 1692 praecipitiele.

1067 1700 1139 1744 773.
1168 1701 1209 1734 In
1224 1703 1362 1735 introitu
1372 1700 1573 1736 habitabant
1587 1703 1695 1739 ler-

1023 1753 1142 1797 cydes‚
1177 1751 1371 1787 secundum
1402 1751 1604 1799 AEschylem
1615 1779 1626 1797 ,
1657 1753 1694 1788 in

1022 1803 1099 1838 loeo
1117 1803 1345 1838 subterraneo
1357 1829 1367 1846 ‚
1394 1811 1562 1849 erantque
1581 1812 1698 1839 custo—

1023 1853 1082 1888 des
1092 1879 1101 1897 ,
1116 1857 1313 1903 προφύλακες,
1326 1854 1697 1899 Gorgonum.——-Phor—

1023 1908 1132 1952 cydes,
1149 1906 1276 1941 Phorci
1286 1914 1322 1941 et
1334 1905 1441 1943 Cetus
1452 1906 1542 1952 filiae,
1553 1909 1697 1954 Gorgo-

1023 1970 1111 1991 num
1126 1970 1261 1993 sorores
1272 1984 1281 2002 ,
1299 1958 1341 1992 ab
1357 1965 1438 1993 ortu
1450 1971 1538 1994 anus
1549 1985 1559 2002 ‚
1571 1968 1675 2005 γραῖας
1686 1987 1695 2001 ,

1022 2009 1119 2043 sactae
1132 2035 1141 2053 ,
1162 2016 1198 2044 et
1213 2008 1294 2044 inde
1318 2011 1423 2044 Graeae
1442 2009 1551 2052 dictae,
1565 2028 1610 2037 —-
1627 2013 1697 2045 Ge—

1024 2065 1133 2095 minas
1149 2063 1210 2096 seu
1224 2060 1309 2096 duas
1320 2060 1425 2099 habet
1437 2061 1542 2096 etiam
1554 2061 1697 2097 Hesiod.

1024 2113 1057 2152 d.
1069 2114 1090 2147 l.
1106 2126 1254 2158 quarum
1269 2113 1415 2148 nomina
1430 2114 1697 2160 Pemphredoet

1024 2164 1129 2211 Enyo
1142 2179 1151 2207 ;
1179 2165 1240 2199 sed
1268 2178 1288 2200 a
1315 2165 1447 2200 caeteris
1476 2165 1697 2211 scriptoribus

1023 2215 1162 2251 additur
1178 2217 1278 2251 tertia
1292 2242 1302 2260 ,
1326 2216 1434 2253 Dino.
1452 2217 1578 2261 Quum
1599 2224 1698 2263 pater

1025 2279 1147 2301 earum
1170 2280 1188 2302 a
1214 2267 1343 2303 Graecis
1366 2275 1401 2302 et
1424 2271 1527 2316 Φὲρκυς
1542 2275 1578 2303 et
1592 2272 1697 2318 Φόρκυς

1021 2320 1242 2364 scriberetur,
1252 2321 1405 2365 ipsarum
1414 2333 1547 2355 nomen
1554 2327 1589 2355 et
1597 2322 1696 2356 Phor-

1022 2373 1113 2407 c1'des
1150 2378 1185 2406 et
1209 2373 1399 2420 Phorcydes
1428 2372 1546 2407 efferri
1572 2378 1695 2416 potest.

1023 2422 1127 2457 Hanc
1136 2423 1342 2467 scripturam
1352 2422 1456 2458 habet
1467 2429 1502 2457 et
1516 2423 1693 2459 Eratostli.

1021 2472 1116 2507 illam
1136 2473 1190 2507 alii
1210 2473 1448 2518 praetulerunt.
1466 2476 1689 2512 -Partuan

1021 2525 1226 2568 partientes,
1239 2525 1387 2559 vicissim
1400 2538 1443 2560 eo
1456 2533 1604 2567 utentes,
1616 2529 1695 2576 ςαρᾶ

1021 2578 1108 2620 μέρος
1127 2580 1248 2619 ἥμειὸον
1264 2577 1408 2617 ἀλλήλαις
1422 2603 1432 2620 ,
1453 2577 1694 2622 ApollodPe-

1021 2641 1083 2662 nes
1101 2641 1205 2673 quam
1222 2629 1340 2664 oculus
1355 2636 1448 2673 erat,
1468 2643 1509 2665 ea
1523 2629 1691 2674 vigilabat.

1023 2680 1241 2728 Pherecydes
1253 2688 1288 2716 et
1303 2681 1458 2728 AEschyL
1468 2681 1619 2723 addunt,
1634 2693 1690 2716 eas

1022 2740 1056 2767 et
1072 2733 1174 2768 nnius
1191 2733 1304 2770 demis
1315 2746 1421 2769 ,usum
1444 2734 1584 2778 partitas
1597 2760 1608 2778 ‚
1625 2750 1690 2778 μι-
