1832 3100
287 229 343 271 88
626 269 631 281 ,
669 229 720 272 Ρ.
755 230 997 276 OVIDII
1028 232 1326 288 NASONIS

284 318 461 367 Mulcet
483 338 617 386 aquas
637 333 783 370 rector
803 323 950 390 pelagi
973 344 983 372 :
1008 344 1226 392 supraque
1247 327 1519 393 profundum

281 397 568 455 Exstantem‚
598 410 729 464 atque
748 399 957 449 humeros
981 401 1131 450 innato
1155 404 1319 452 murice
1340 416 1528 464 tectum,
1562 412 1566 417 ’

283 473 529 522 Coeruleum
549 475 736 524 Tritona
758 489 911 536 vocat,
940 478 1207 544 conchaeque
1230 481 1380 528 sonaci

284 550 504 616 Inspirare
526 551 678 615 jubet;
701 553 950 620 fluctusque
978 566 1021 602 et
1042 554 1221 604 flumina
1240 557 1368 619 signo
1439 547 1441 550 ι

282 628 381 675 ’.Ιέῐῐι
404 646 601 677 revocare
628 629 730 677 dato
751 650 761 678 ε
782 650 884 679 cava
909 632 1098 680 buccina
1121 633 1310 682 sumitur
1332 633 1399 682 illi

282 764 484 803 spectantur
500 764 539 792 ut
557 758 692 794 milites.
707 779 751 787 —-
771 762 964 805 Trlkuspide

284 811 369 852 telo,
389 809 540 844 tridente
554 823 562 844 z
576 810 691 845 Valer.
706 811 798 846 Flac.
816 813 832 847 I
847 838 856 855 ‚
875 813 938 855 642
951 839 961 856 ,

284 862 396 904 infida
410 862 532 902 hastas
554 860 698 896 Anthol.
716 863 788 906 lv,
812 876 883 907 cap.
902 874 961 906 Χι,

287 913 404 958 Epigr.
415 914 458 957 64
472 940 481 956 ‚
497 919 624 964 τριέελές
637 918 714 963 δόρυ·
727 928 778 960 ap.
792 915 962 962 Lycophr.

283 977 331 998 vs.
343 964 398 1010 96,
414 971 543 998 terram
553 965 702 1010 percutit
719 969 963 1016 τριωνύχῳ-δορί.

328 1015 370 1049 33
379 1030 404 1049 ι.
420 1018 564 1058 mulcet,
582 1024 718 1051 coercet
730 1030 834 1062 aquas
846 1031 852 1051 :
866 1018 963 1063 Virg.

284 1068 427 1103 AEneid.
451 1070 466 1103 I
479 1095 487 1111 ‚
515 1071 553 1115 57
568 1095 576 1112 ‚
604 1070 726 1104 AEolus
750 1067 859 1104 mollit
879 1074 964 1104 ani-

285 1134 356 1155 mos
370 1128 558 1154 ventorum
570 1135 578 1161 ;
591 1121 706 1155 eidem
718 1122 858 1167 Jupiter
869 1121 965 1156 dedit

286 1175 577 1217 mulcerefluclus‚
596 1172 640 1208 ib.
658 1186 743 1208 vers.
758 1174 811 1207 (36.

329 1229 405 1263 332.
423 1230 543 1262 Innalo
557 1229 867 1274 murice.1ngenitis
883 1241 967 1262 mu-

287 1280 414 1315 ricibus
432 1280 484 1314 vel
499 1288 679 1324 gerentem
696 1280 965 1325 humerisinge-

283 1331 376 1365 nitos
384 1330 446 1365 sibi
464 1331 613 1365 murices
630 1339 665 1365 et
682 1331 839 1366 conchas.
856 1333 921 1365 Ed.

329 1384 404 1418 333.
425 1385 607 1418 Caeruleum
630 1385 776 1417 Tritona.
801 1386 964 1418 Caeruleos

285 1436 491 1472 concinnius
513 1436 556 1471 sit
575 1444 613 1471 ut
635 1435 677 1470 ad
694 1439 847 1470 humeros
865 1437 963 1470 rese-

286 1495 395 1522 ratur.
412 1489 480 1522 Ed.
493 1506 537 1514 -—
554 1489 702 1521 Trilona.
721 1487 891 1532 Receptui
906 1500 965 1521 ca—

286 1539 341 1573 nit
363 1541 479 1573 Triton
491 1565 499 1579 ‚
526 1538 683 1583 Neptuni
699 1538 788 1572 filius
812 1546 847 1571 et
863 1538 963 1570 tubi—

287 1606 352 1628 cen
367 1619 375 1636 ,
396 1593 454 1637 qui
469 1592 624 1626 buccinae
639 1592 715 1626 loco
731 1594 891 1626 concham
908 1591 964 1626 ha-

284 1647 357 1690 bet,
369 1653 404 1680 et
415 1645 557 1690 quidem
567 1649 719 1686 torlilem,
730 1648 766 1679 in
775 1648 878 1679 Iulum
889 1651 964 1678 em:

288 1698 323 1732 h.
342 1711 371 1732 e.
397 1710 473 1743 quae
490 1698 532 1731 ab
558 1697 629 1730 imo
657 1703 755 1731 acuta
768 1723 778 1740 ‚
798 1697 965 1742 paulatim

289 1751 330 1785 fit
352 1751 474 1793 latior,
498 1750 604 1784 veluti
619 1763 654 1784 se
679 1750 715 1783 in
739 1762 866 1796 gyrum
883 1756 964 1783 tor·-

291 1802 432 1848 quendo
446 1815 454 1837 :
466 1805 560 1836 (urbo
572 1802 667 1836 enim
683 1801 851 1847 quidquid
862 1827 871 1844 ,
886 1801 966 1835 coni

287 1856 398 1890 instar
411 1880 420 1898 ,
439 1855 481 1889 ab
494 1854 566 1888 imo
582 1861 721 1888 acutum
733 1879 742 1897 ‚
760 1860 795 1887 et
811 1853 848 1887 in
861 1866 966 1887 sum-

290 1920 351 1941 mo
374 1907 473 1941 latius
497 1913 559 1941 est.
584 1906 686 1940 Tales
702 1904 844 1940 eonchae
860 1905 966 1939 etiam

293 1958 397 1993 hodie
416 1965 587 1993 vocantur
606 1960 884 1992 Tn'tonshoerner.
896 1958 968 1992 Iis·-

291 2010 374 2044 dem
391 2017 426 2044 et
446 2010 530 2043 olim
548 2009 629 2043 Indi
647 2009 873 2043 buccinarum
890 2009 967 2044 loco

292 2061 483 2095 utebantur
504 2073 512 2094 ι
534 2060 601 2094 vid.
626 2060 797 2095 Mulierus
814 2060 857 2094 ad
876 2060 969 2094 Lin-

292 2113 350 2148 nei
366 2113 526 2160 Systema
543 2112 639 2154 Nat„
658 2119 742 2146 tom.
760 2112 814 2146 VI
828 2138 837 2155 ,
855 2125 886 2157 p.
907 2125 967 2146 102

293 2172 329 2205 et
347 2166 421 2199 51‘5.
442 2164 518 2209 Ipse
535 2163 662 2197 Triton
680 2164 726 2197 ita
742 2170 862 2197 natare
879 2164 971 2198 sole-

294 2217 372 2259 bat,
390 2223 430 2251 ut
446 2215 591 2250 inferior
607 2215 760 2259 corporis
778 2228 874 2259 pars,
893 2228 969 2260 quae

294 2269 424 2314 piscem
437 2267 628 2310 referebat,
644 2267 707 2301 sub
723 2279 811 2311 aqua
826 2267 967 2310 lateret,

295 2320 453 2365 superior
490 2325 608 2353 autem
640 2331 742 2363 supra
767 2317 968 2362 profimdum

294 2376 450 2406 exstaret.
473 2372 616 2405 Humeri
635 2370 715 2405 tecti
732 2376 831 2404 erant
851 2372 969 2404 innalo

294 2427 425 2457 murice.
441 2423 565 2467 Quum
581 2435 695 2456 murex
709 2434 817 2467 genus
828 2421 968 2456 conchae

295 2475 338 2509 sit
351 2500 359 2517 ,
378 2474 477 2518 cujus
491 2487 531 2508 ex
542 2474 710 2518 sanguine
725 2486 877 2518 purpura
888 2485 968 2507 con-

294 2526 478 2568 ficeretur,
498 2525 661 2559 nonnulli
679 2538 719 2558 ex
738 2524 772 2559 h.
790 2525 810 2559 l.
828 2538 968 2570 purpu-

292 2589 395 2611 reum
439 2577 539 2611 nobis
586 2577 735 2611 Tritona
779 2577 966 2611 finxerunt.

295 2629 411 2664 Etiam
431 2628 520 2662 Rod.
535 2639 543 2659 Ξ
556 2631 611 2662 dic·
632 2630 803 2663 Schullcrn
818 2632 854 2662 in
867 2642 969 2673 ange-

291 2685 412 2716 bornen
427 2683 559 2723 Purpur
567 2683 716 2724 gehuelll
722 2693 735 2724 ‚·
752 2680 844 2726 quod
862 2693 970 2725 repu—

293 2740 378 2781 gnat
417 2733 703 2779 descriptionibus
750 2734 968 2780 reliquorum

1634 647 1702 684 335

1028 770 1211 798 auctorum
1221 790 1230 807 ,
1246 763 1305 809 qui
1317 776 1397 798 eum
1412 762 1490 799 satis
1505 762 1701 799 deformem

1028 815 1202 860 pingunt:
1226 815 1304 849 vide
1331 815 1454 861 Virgil.
1480 814 1620 850 AEneid.
1643 815 1699 857 X,

1029 879 1094 914 2⁰9
1106 893 1115 909 ,
1135 867 1191 901 ubi
1208 870 1244 900 εἰ
1252 867 1492 912 htlrpt'dafions
1503 869 1643 902 laterum
1653 870 1703 902 le-

1028 931 1091 951 nus
1108 919 1288 962 tribuitur,
1309 919 1330 952 i.
1348 933 1377 953 e.
1394 919 1585 965 interprete
1602 919 1704 966 Hey-
1763 947 1767 950 ⁴

1029 970 1109 1013 nio,
1124 970 1194 1015 ipse
1207 970 1360 1016 hispidus
1372 977 1423 1005 est
1437 984 1456 1005 a
1465 971 1582 1006 fronte
1594 982 1704 1016 usque

1029 1022 1072 1056 ad
1094 1023 1224 1067 latera,
1248 1023 1374 1058 scilicet
1397 1023 1553 1058 medium
1569 1035 1704 1068 corpus·

1029 1076 1172 1110 Rectius
1183 1075 1287 1121 igitur
1304 1076 1346 1111 de
1359 1076 1499 1112 conchis
1518 1076 1702 1121 accipitur,

1031 1127 1153 1172 quibus
1176 1127 1334 1172 superior
1355 1127 1510 1174 corporis
1531 1140 1609 1173 pars
1633 1127 1703 1161 ob-

1030 1179 1114 1219 sita;
1149 1179 1257 1223 qualis
1278 1179 1384 1213 etiam
1406 1180 1442 1214 in
1463 1178 1704 1213 monumentis

1031 1238 1066 1266 et
1089 1231 1235 1276 gemmis
1260 1238 1411 1277 apparet.
1436 1231 1528 1266 Vide
1549 1230 1705 1276 Lipperti

1030 1282 1166 1329 Dactyl.
1197 1283 1213 1317 I
1228 1309 1237 1326 ,
1263 1284 1307 1327 64
1321 1309 1330 1326 ‚
1361 1297 1421 1329 72,
1451 1283 1502 1328 76.
1533 1283 1704 1318 Nostrum

1032 1335 1186 1370 imitatus
1195 1342 1246 1370 est
1256 1334 1437 1370 Claudian.
1449 1336 1556 1381 Nupt.
1566 1335 1705 1369 Honor.

1030 1398 1064 1420 v.
1083 1389 1161 1429 150,
1180 1387 1240 1421 ubi
1257 1387 1288 1421 ei
1305 1387 1508 1421 tribuuntur
1521 1389 1596 1421 υίνο
1607 1398 1704 1431 squa-

1029 1442 1132 1473 lentfa
1148 1443 1270 1473 murice
1287 1444 1388 1483 terga.
1411 1440 1508 1473 Infra
1524 1439 1578 1474 IV
1590 1465 1600 1483 ,
1619 1439 1682 1484 724
1692 1463 1702 1482 ,

1029 1491 1151 1525 belluae
1166 1491 1309 1525 marinae
1325 1496 1418 1534 terga
1433 1494 1526 1525 cavis
1538 1503 1636 1534 super
1644 1493 1706 1525 ob-

1029 1546 1098 1576 sita
1111 1545 1261 1583 conchis,
1283 1542 1395 1587 qualia
1407 1555 1495 1588 saepe
1508 1549 1706 1577 cernuntur

1029 1595 1242 1629 balaenarum
1273 1601 1380 1640 terga.
1414 1595 1561 1629 Pausan.
1592 1594 1705 1628 Boeot.

1030 1659 1062 1690 p.
1075 1647 1156 1689 454,
1173 1652 1310 1689 narrat,
1325 1646 1397 1680 veri
1407 1645 1563 1680 Tritonis
1575 1671 1584 1688 ‚
1598 1658 1705 1690 quern

1030 1697 1100 1742 ipse
1115 1696 1240 1731 viderit
1254 1723 1263 1740 ,
1288 1710 1413 1743 corpus
1428 1697 1629 1732 horrescere
1644 1703 1706 1744 te7

1031 1749 1092 1783 nui
1113 1762 1257 1794 squama
1270 1776 1279 1793 ‚
1307 1753 1407 1796 ᾳολίθι
1428 1754 1528 1800 λεπτῇ.
1554 1747 1625 1784 Sed
1641 1747 1706 1783 loc.

1031 1802 1155 1837 classic.
1171 1802 1265 1837 unde
1281 1802 1335 1837 alii
1349 1802 1561 1846 hauserunt,
1588 1807 1638 1836 est
1652 1813 1706 1847 ap.

1031 1852 1195 1898 Apollon.
1213 1854 1285 1896 IV,
1309 1854 1392 1888 1610
1407 1866 1479 1898 sqq.
1494 1871 1537 1879 —-
1555 1853 1707 1887 Concha-

1030 1917 1094 1949 que
1111 1908 1240 1939 sonaci.
1263 1905 1314 1938 Ex
1332 1904 1496 1950 opinione
1508 1910 1543 1939 et
1559 1903 1706 1949 religio-

1031 1969 1077 1990 ne
1090 1957 1263 1991 Veterum
1275 1955 1579 2001 interpretandum
1590 1962 1708 1991 censet

1033 2008 1189 2042 Turneb.
1208 2007 1263 2041 lib.
1281 2007 1339 2050 11,
1363 2020 1436 2053 cap.
1453 2018 1536 2050 xm,
1557 2007 1707 2042 creden-

1033 2059 1122 2095 tium
1149 2059 1335 2093 Tritonem
1362 2059 1519 2104 Neptuni
1543 2059 1708 2094 buccina-

1033 2118 1148 2146 torem
1169 2123 1298 2145 canoro
1316 2111 1531 2156 immanique
1555 2110 1707 2146 clamore

1033 2177 1138 2208 aquas
1151 2164 1330 2209 increpare
1344 2171 1380 2198 et
1396 2170 1564 2208 tanquam
1579 2163 1707 2198 auritas

1033 2230 1154 2251 vocare
1170 2244 1178 2258 ‚
1204 2229 1280 2262 quae
1297 2217 1372 2262 ejus
1388 2217 1536 2262 imperio
1550 2228 1706 2251 consue-

1031 2269 1147 2303 verint
1159 2282 1291 2314 parere.
1307 2270 1374 2303 Ed.
1388 2287 1432 2296 —
1444 2269 1576 2303 Sonaci.
1589 2267 1706 2313 Vulgo

1032 2324 1188 2362 sonant&
1208 2333 1298 2355 unus
1309 2346 1318 2363 ,
1335 2323 1471 2355 tonanti
1481 2332 1492 2353 .·
1506 2319 1619 2354 solent
1633 2319 1707 2354 haec

1032 2372 1126 2407 inter
1137 2386 1171 2407 se
1184 2371 1374 2418 permutari
1386 2378 1422 2407 et
1431 2370 1614 2412 confundi3
1629 2370 1706 2406 vitse

1033 2424 1153 2458 Barth.
1170 2423 1211 2457 ad
1238 2422 1360 2457 Claud.
1385 2423 1492 2468 Nupt.
1511 2423 1649 2457 Honor.
1672 2429 1708 2457 et

1034 2476 1125 2510 Mar.
1143 2488 1229 2510 vers.
1253 2475 1324 2509 133.
1349 2474 1467 2509 Etiam
1489 2474 1593 2520 Apul.
1617 2475 1707 2509 Me-

1032 2527 1205 2572 tamorph.
1223 2527 1276 2561 IV
1288 2553 1297 2570 ,
1316 2526 1457 2561 Tritoni
1475 2526 1596 2561 tribuit
1610 2539 1707 2562 sona·

1033 2592 1103 2614 cem
1119 2578 1300 2614 concham.

1076 2631 1151 2665 335.
1171 2632 1263 2665 Caua
1264 2656 1337 2666 .......
1359 2634 1491 2666 ίονΙίΙιῖς.
1513 2630 1596 2665 Duo
1623 2629 1705 2674 epi-

1033 2682 1128 2717 theta
1144 2683 1205 2717 uni
1222 2683 1358 2717 nomini
1374 2682 1508 2727 addita,
1526 2681 1621 2728 quod
1630 2693 1704 2716 non

1033 2747 1244 2781 magnopere
1261 2735 1437 2781 probatur.
