<?xml version="1.0" encoding="UTF-8"?>
<!DOCTYPE html PUBLIC "-//W3C//DTD XHTML 1.0 Transitional//EN"
    "http://www.w3.org/TR/xhtml1/DTD/xhtml1-transitional.dtd">
<html xmlns="http://www.w3.org/1999/xhtml" xml:lang="en" lang="en">
 <head>
  <title>
</title>
<meta http-equiv="Content-Type" content="text/html;charset=utf-8" />
  <meta name='ocr-system' content='tesseract 3.04.00' />
  <meta name='ocr-capabilities' content='ocr_page ocr_carea ocr_par ocr_line ocrx_word'/>
</head>
<body>
  <div class='ocr_page' id='page_1' title='image "./quaeextantomniao03oviduoft_0205.png"; bbox 0 0 1832 3100; ppageno 0'>
   <div class='ocr_carea' id='block_1_1' title="bbox 0 0 53 275">
    <p class='ocr_par' dir='ltr' id='par_1_1' title="bbox 0 0 53 275">
     <span class='ocr_line' id='line_1_1' title="bbox 0 0 53 275; baseline 0 2825"><span class='ocrx_word' id='word_1_1' title='bbox 0 0 53 275; x_wconf 95' lang='lat' dir='ltr'><strong> </strong></span> 
     </span>
    </p>
   </div>
   <div class='ocr_carea' id='block_1_2' title="bbox 358 193 1334 255">
    <p class='ocr_par' dir='ltr' id='par_1_2' title="bbox 358 193 1334 255">
     <span class='ocr_line' id='line_1_2' title="bbox 358 193 1334 255; baseline -0.002 0"><span class='ocrx_word' id='word_1_2' title='bbox 358 193 1061 255; x_wconf 69' lang='lat' dir='ltr'>ME‘TAMORPHOSEON</span> <span class='ocrx_word' id='word_1_3' title='bbox 1097 209 1227 253; x_wconf 73' lang='lat' dir='ltr'><strong>Lm.</strong></span> <span class='ocrx_word' id='word_1_4' title='bbox 1262 210 1334 254; x_wconf 87' lang='lat'><strong>11.</strong></span> 
     </span>
    </p>
   </div>
   <div class='ocr_carea' id='block_1_3' title="bbox 1489 210 1568 254">
    <p class='ocr_par' dir='ltr' id='par_1_3' title="bbox 1489 210 1568 254">
     <span class='ocr_line' id='line_1_3' title="bbox 1489 210 1568 254; baseline 0.013 -1"><span class='ocrx_word' id='word_1_5' title='bbox 1489 210 1568 254; x_wconf 60' lang='grc' dir='ltr'><strong>νδ</strong></span> 
     </span>
    </p>
   </div>
   <div class='ocr_carea' id='block_1_4' title="bbox 1517 246 1533 272">
    <p class='ocr_par' dir='ltr' id='par_1_4' title="bbox 1517 246 1533 272">
     <span class='ocr_line' id='line_1_4' title="bbox 1517 246 1533 272; baseline 0 0"><span class='ocrx_word' id='word_1_6' title='bbox 1517 246 1533 272; x_wconf 76' lang='grc' dir='ltr'><em>Ι</em></span> 
     </span>
    </p>
   </div>
   <div class='ocr_carea' id='block_1_5' title="bbox 133 301 1401 447">
    <p class='ocr_par' dir='ltr' id='par_1_5' title="bbox 133 301 1401 447">
     <span class='ocr_line' id='line_1_5' title="bbox 139 301 1401 370; baseline -0.001 -18"><span class='ocrx_word' id='word_1_7' title='bbox 139 326 163 347; x_wconf 85' lang='lat'>»</span> <span class='ocrx_word' id='word_1_8' title='bbox 188 304 376 370; x_wconf 84' lang='lat' dir='ltr'><strong>Jamque</strong></span> <span class='ocrx_word' id='word_1_9' title='bbox 397 302 507 352; x_wconf 86' lang='lat' dir='ltr'><strong>vale.</strong></span> <span class='ocrx_word' id='word_1_10' title='bbox 533 324 556 345; x_wconf 68' lang='lat' dir='ltr'><strong>n</strong></span> <span class='ocrx_word' id='word_1_11' title='bbox 583 302 750 351; x_wconf 85' lang='lat' dir='ltr'><strong>Cortex</strong></span> <span class='ocrx_word' id='word_1_12' title='bbox 772 301 820 349; x_wconf 87' lang='lat' dir='ltr'><strong>in</strong></span> <span class='ocrx_word' id='word_1_13' title='bbox 845 301 980 350; x_wconf 87' lang='lat' dir='ltr'><strong>verba</strong></span> <span class='ocrx_word' id='word_1_14' title='bbox 1003 301 1246 350; x_wconf 86' lang='lat' dir='ltr'><strong>novissima</strong></span> <span class='ocrx_word' id='word_1_15' title='bbox 1269 303 1401 351; x_wconf 85' lang='lat' dir='ltr'><strong>venit.</strong></span> 
     </span>
     <span class='ocr_line' id='line_1_6' title="bbox 133 378 1293 447; baseline -0.001 -18"><span class='ocrx_word' id='word_1_16' title='bbox 133 380 244 430; x_wconf 88' lang='lat' dir='ltr'><strong>Inde</strong></span> <span class='ocrx_word' id='word_1_17' title='bbox 265 379 412 430; x_wconf 83' lang='lat' dir='ltr'><strong>fluunt</strong></span> <span class='ocrx_word' id='word_1_18' title='bbox 432 379 646 439; x_wconf 87' lang='lat' dir='ltr'><strong>lacrimae;</strong></span> <span class='ocrx_word' id='word_1_19' title='bbox 673 379 926 447; x_wconf 84' lang='lat' dir='ltr'><strong>stillataque</strong></span> <span class='ocrx_word' id='word_1_20' title='bbox 951 378 1046 428; x_wconf 91' lang='lat' dir='ltr'><strong>sole</strong></span> <span class='ocrx_word' id='word_1_21' title='bbox 1067 378 1293 442; x_wconf 84' lang='lat' dir='ltr'><strong>rigescunt</strong></span> 
     </span>
    </p>
   </div>
   <div class='ocr_carea' id='block_1_6' title="bbox 135 455 1206 526">
    <p class='ocr_par' dir='ltr' id='par_1_6' title="bbox 135 455 1206 526">
     <span class='ocr_line' id='line_1_7' title="bbox 135 455 1206 526; baseline -0.003 -18"><span class='ocrx_word' id='word_1_22' title='bbox 135 459 205 508; x_wconf 88' lang='lat' dir='ltr'><strong>De</strong></span> <span class='ocrx_word' id='word_1_23' title='bbox 227 458 360 508; x_wconf 89' lang='lat' dir='ltr'><strong>ramis</strong></span> <span class='ocrx_word' id='word_1_24' title='bbox 381 457 540 509; x_wconf 86' lang='lat' dir='ltr'><strong>electra</strong></span> <span class='ocrx_word' id='word_1_25' title='bbox 560 458 717 517; x_wconf 85' lang='lat' dir='ltr'><strong>novis;</strong></span> <span class='ocrx_word' id='word_1_26' title='bbox 744 478 841 526; x_wconf 85' lang='lat' dir='ltr'><strong>quae</strong></span> <span class='ocrx_word' id='word_1_27' title='bbox 862 457 1040 508; x_wconf 88' lang='lat' dir='ltr'><strong>lucidus</strong></span> <span class='ocrx_word' id='word_1_28' title='bbox 1065 455 1206 506; x_wconf 88' lang='lat' dir='ltr'><strong>amnis</strong></span> 
     </span>
    </p>
   </div>
   <div class='ocr_carea' id='block_1_7' title="bbox 1505 471 1571 507">
    <p class='ocr_par' dir='ltr' id='par_1_7' title="bbox 1505 471 1571 507">
     <span class='ocr_line' id='line_1_8' title="bbox 1505 471 1571 507; baseline -0.015 0"><span class='ocrx_word' id='word_1_29' title='bbox 1505 471 1571 507; x_wconf 75' lang='lat'><strong>365</strong></span> 
     </span>
    </p>
   </div>
   <div class='ocr_carea' id='block_1_8' title="bbox 136 532 1475 680">
    <p class='ocr_par' dir='ltr' id='par_1_8' title="bbox 136 532 1475 680">
     <span class='ocr_line' id='line_1_9' title="bbox 136 532 1223 604; baseline -0.004 -20"><span class='ocrx_word' id='word_1_30' title='bbox 136 535 338 604; x_wconf 81' lang='lat' dir='ltr'>Excipit,</span> <span class='ocrx_word' id='word_1_31' title='bbox 361 548 407 586; x_wconf 90' lang='lat' dir='ltr'><strong>et</strong></span> <span class='ocrx_word' id='word_1_32' title='bbox 428 536 619 586; x_wconf 87' lang='lat' dir='ltr'><strong>nuribus</strong></span> <span class='ocrx_word' id='word_1_33' title='bbox 642 536 782 585; x_wconf 81' lang='lat' dir='ltr'><strong>mittit</strong></span> <span class='ocrx_word' id='word_1_34' title='bbox 805 535 1017 600; x_wconf 86' lang='lat' dir='ltr'><strong>gestanda</strong></span> <span class='ocrx_word' id='word_1_35' title='bbox 1038 532 1223 583; x_wconf 86' lang='lat' dir='ltr'><strong>Latinis.</strong></span> 
     </span>
     <span class='ocr_line' id='line_1_10' title="bbox 201 610 1475 680; baseline -0.002 -19"><span class='ocrx_word' id='word_1_36' title='bbox 201 614 261 662; x_wconf 86' lang='grc' dir='ltr'><strong>ΙΙ.</strong></span> <span class='ocrx_word' id='word_1_37' title='bbox 289 612 451 663; x_wconf 83' lang='lat' dir='ltr'>Adfuit</span> <span class='ocrx_word' id='word_1_38' title='bbox 472 611 578 662; x_wconf 89' lang='lat' dir='ltr'><strong>huic</strong></span> <span class='ocrx_word' id='word_1_39' title='bbox 600 625 801 662; x_wconf 88' lang='lat' dir='ltr'><strong>monstro</strong></span> <span class='ocrx_word' id='word_1_40' title='bbox 826 612 976 680; x_wconf 86' lang='lat' dir='ltr'><strong>proles</strong></span> <span class='ocrx_word' id='word_1_41' title='bbox 998 610 1249 660; x_wconf 83' lang='lat' dir='ltr'><strong>Stheneleia</strong></span> <span class='ocrx_word' id='word_1_42' title='bbox 1274 610 1475 677; x_wconf 87' lang='lat' dir='ltr'><strong>Cycnus;</strong></span> 
     </span>
    </p>
   </div>
   <div class='ocr_carea' id='block_1_9' title="bbox 136 740 831 1527">
    <p class='ocr_par' dir='ltr' id='par_1_9' title="bbox 136 740 831 1527">
     <span class='ocr_line' id='line_1_11' title="bbox 137 740 823 785; baseline 0.001 -10"><span class='ocrx_word' id='word_1_43' title='bbox 137 743 238 776; x_wconf 71' lang='lat' dir='ltr'><strong>wm&#39;l.</strong></span> <span class='ocrx_word' id='word_1_44' title='bbox 263 740 304 776; x_wconf 90' lang='lat' dir='ltr'><strong>Id</strong></span> <span class='ocrx_word' id='word_1_45' title='bbox 332 748 385 777; x_wconf 88' lang='lat' dir='ltr'><strong>est</strong></span> <span class='ocrx_word' id='word_1_46' title='bbox 402 768 412 785; x_wconf 93' lang='lat'>,</span> <span class='ocrx_word' id='word_1_47' title='bbox 441 749 561 777; x_wconf 83' lang='lat' dir='ltr'><strong>cortex</strong></span> <span class='ocrx_word' id='word_1_48' title='bbox 582 754 620 777; x_wconf 88' lang='lat' dir='ltr'><strong>os</strong></span> <span class='ocrx_word' id='word_1_49' title='bbox 645 741 823 777; x_wconf 90' lang='lat' dir='ltr'><strong>obducens</strong></span> 
     </span>
     <span class='ocr_line' id='line_1_12' title="bbox 137 794 823 841; baseline 0.001 -12"><span class='ocrx_word' id='word_1_50' title='bbox 137 796 241 830; x_wconf 77' lang='lat' dir='ltr'><strong>verba</strong></span> <span class='ocrx_word' id='word_1_51' title='bbox 265 794 460 830; x_wconf 87' lang='lat' dir='ltr'><strong>Heliadum</strong></span> <span class='ocrx_word' id='word_1_52' title='bbox 486 795 610 831; x_wconf 89' lang='lat' dir='ltr'><strong>ultima</strong></span> <span class='ocrx_word' id='word_1_53' title='bbox 633 795 823 841; x_wconf 89' lang='lat' dir='ltr'><strong>occupavit.</strong></span> 
     </span>
     <span class='ocr_line' id='line_1_13' title="bbox 138 843 827 897; baseline -0.001 -13"><span class='ocrx_word' id='word_1_54' title='bbox 138 848 269 884; x_wconf 79' lang='lat' dir='ltr'><strong>Noster</strong></span> <span class='ocrx_word' id='word_1_55' title='bbox 290 848 345 890; x_wconf 86' lang='lat' dir='ltr'>X,</span> <span class='ocrx_word' id='word_1_56' title='bbox 365 843 456 897; x_wconf 38' lang='lat'><strong>497&#39;:</strong></span> <span class='ocrx_word' id='word_1_57' title='bbox 487 850 705 894; x_wconf 67' lang='lat' dir='ltr'><strong>Venit-ntique</strong></span> <span class='ocrx_word' id='word_1_58' title='bbox 725 851 827 883; x_wconf 72' lang='lat' dir='ltr'><strong>obvia</strong></span> 
     </span>
     <span class='ocr_line' id='line_1_14' title="bbox 136 902 825 947; baseline 0.001 -12"><span class='ocrx_word' id='word_1_59' title='bbox 136 902 230 946; x_wconf 68' lang='lat'><strong>11&#39;5110</strong></span> <span class='ocrx_word' id='word_1_60' title='bbox 239 902 394 936; x_wconf 79' lang='lat' dir='ltr'><strong>subsedit</strong></span> <span class='ocrx_word' id='word_1_61' title='bbox 400 928 409 942; x_wconf 93' lang='lat'><em>,</em></span> <span class='ocrx_word' id='word_1_62' title='bbox 430 905 607 947; x_wconf 80' lang='lat' dir='ltr'><strong>mersitque</strong></span> <span class='ocrx_word' id='word_1_63' title='bbox 615 914 697 936; x_wconf 85' lang='lat' dir='ltr'><strong>suos</strong></span> <span class='ocrx_word' id='word_1_64' title='bbox 707 904 743 936; x_wconf 80' lang='lat' dir='ltr'><strong>in</strong></span> <span class='ocrx_word' id='word_1_65' title='bbox 755 914 825 936; x_wconf 90' lang='lat' dir='ltr'><strong>cor-</strong></span> 
     </span>
     <span class='ocr_line' id='line_1_15' title="bbox 137 954 827 999; baseline -0.003 -10"><span class='ocrx_word' id='word_1_66' title='bbox 137 956 205 991; x_wconf 74' lang='lat' dir='ltr'><strong>tice</strong></span> <span class='ocrx_word' id='word_1_67' title='bbox 215 955 353 998; x_wconf 54' lang='lat' dir='ltr'><strong>vultam</strong></span> <span class='ocrx_word' id='word_1_68' title='bbox 369 960 406 990; x_wconf 88' lang='lat' dir='ltr'><strong>et</strong></span> <span class='ocrx_word' id='word_1_69' title='bbox 416 954 471 989; x_wconf 91' lang='lat' dir='ltr'><strong>XI</strong></span> <span class='ocrx_word' id='word_1_70' title='bbox 483 980 494 999; x_wconf 90' lang='lat'>,</span> <span class='ocrx_word' id='word_1_71' title='bbox 513 954 578 989; x_wconf 81' lang='lat'><strong>256</strong></span> <span class='ocrx_word' id='word_1_72' title='bbox 593 954 827 998; x_wconf 72' lang='lat' dir='ltr'><strong>:Admztcilque</strong></span> 
     </span>
     <span class='ocr_line' id='line_1_16' title="bbox 138 1005 825 1052; baseline 0.001 -11"><span class='ocrx_word' id='word_1_73' title='bbox 138 1018 220 1041; x_wconf 84' lang='lat' dir='ltr'><strong>suos</strong></span> <span class='ocrx_word' id='word_1_74' title='bbox 233 1009 270 1041; x_wconf 83' lang='lat' dir='ltr'><strong>in</strong></span> <span class='ocrx_word' id='word_1_75' title='bbox 286 1007 388 1041; x_wconf 70' lang='lat' dir='ltr'><strong>verba</strong></span> <span class='ocrx_word' id='word_1_76' title='bbox 402 1009 586 1041; x_wconf 69' lang='lat' dir='ltr'><strong>nooztrsima</strong></span> <span class='ocrx_word' id='word_1_77' title='bbox 591 1008 731 1052; x_wconf 79' lang='lat' dir='ltr'><strong>fluctus.</strong></span> <span class='ocrx_word' id='word_1_78' title='bbox 758 1005 825 1042; x_wconf 86' lang='lat' dir='ltr'><strong>Ed.</strong></span> 
     </span>
     <span class='ocr_line' id='line_1_17' title="bbox 140 1060 827 1106; baseline -0.003 -10"><span class='ocrx_word' id='word_1_79' title='bbox 140 1077 185 1086; x_wconf 93' lang='lat'>—</span> <span class='ocrx_word' id='word_1_80' title='bbox 212 1061 336 1096; x_wconf 73' lang='lat' dir='ltr'><strong>Cortex</strong></span> <span class='ocrx_word' id='word_1_81' title='bbox 359 1063 459 1096; x_wconf 79' lang='lat' dir='ltr'><strong>venit.</strong></span> <span class='ocrx_word' id='word_1_82' title='bbox 481 1060 525 1095; x_wconf 92' lang='lat' dir='ltr'><strong>In</strong></span> <span class='ocrx_word' id='word_1_83' title='bbox 548 1060 667 1106; x_wconf 89' lang='lat' dir='ltr'><strong>quales</strong></span> <span class='ocrx_word' id='word_1_84' title='bbox 686 1060 827 1096; x_wconf 87' lang='lat' dir='ltr'><strong>arbores</strong></span> 
     </span>
     <span class='ocr_line' id='line_1_18' title="bbox 142 1112 828 1159; baseline 0 -12"><span class='ocrx_word' id='word_1_85' title='bbox 142 1119 289 1149; x_wconf 76' lang='lat' dir='ltr'><strong>mutatoe</strong></span> <span class='ocrx_word' id='word_1_86' title='bbox 299 1112 370 1149; x_wconf 83' lang='lat' dir='ltr'><strong>sint</strong></span> <span class='ocrx_word' id='word_1_87' title='bbox 382 1139 393 1158; x_wconf 88' lang='lat'>,</span> <span class='ocrx_word' id='word_1_88' title='bbox 409 1119 514 1159; x_wconf 87' lang='lat' dir='ltr'><strong>poeta</strong></span> <span class='ocrx_word' id='word_1_89' title='bbox 529 1125 604 1148; x_wconf 88' lang='lat' dir='ltr'><strong>non</strong></span> <span class='ocrx_word' id='word_1_90' title='bbox 622 1112 718 1147; x_wconf 85' lang='lat' dir='ltr'>addit</span> <span class='ocrx_word' id='word_1_91' title='bbox 733 1126 743 1154; x_wconf 88' lang='lat'>;</span> <span class='ocrx_word' id='word_1_92' title='bbox 765 1112 828 1147; x_wconf 89' lang='lat' dir='ltr'><strong>sed</strong></span> 
     </span>
     <span class='ocr_line' id='line_1_19' title="bbox 142 1163 828 1211; baseline 0 -11"><span class='ocrx_word' id='word_1_93' title='bbox 142 1164 163 1200; x_wconf 92' lang='grc' dir='ltr'><strong>Ῑ</strong></span> <span class='ocrx_word' id='word_1_94' title='bbox 179 1177 222 1200; x_wconf 84' lang='lat' dir='ltr'><strong>ex</strong></span> <span class='ocrx_word' id='word_1_95' title='bbox 235 1164 342 1201; x_wconf 87' lang='lat' dir='ltr'><strong>Pont.</strong></span> <span class='ocrx_word' id='word_1_96' title='bbox 353 1175 383 1199; x_wconf 94' lang='lat'><strong>11</strong></span> <span class='ocrx_word' id='word_1_97' title='bbox 394 1191 403 1206; x_wconf 90' lang='lat'><strong><em>,</em></strong></span> <span class='ocrx_word' id='word_1_98' title='bbox 425 1165 480 1208; x_wconf 83' lang='lat'><strong>33,</strong></span> <span class='ocrx_word' id='word_1_99' title='bbox 486 1167 632 1210; x_wconf 79' lang='lat' dir='ltr'><strong>populos</strong></span> <span class='ocrx_word' id='word_1_100' title='bbox 643 1163 828 1211; x_wconf 70' lang='grc' dir='ltr'><strong>(αἰγείρους)</strong></span> 
     </span>
     <span class='ocr_line' id='line_1_20' title="bbox 143 1216 830 1264; baseline -0.003 -12"><span class='ocrx_word' id='word_1_101' title='bbox 143 1216 318 1252; x_wconf 85' lang='lat' dir='ltr'><strong>nominat.</strong></span> <span class='ocrx_word' id='word_1_102' title='bbox 330 1216 451 1263; x_wconf 77' lang='lat' dir='ltr'><strong>Atque</strong></span> <span class='ocrx_word' id='word_1_103' title='bbox 462 1217 510 1252; x_wconf 92' lang='lat' dir='ltr'><strong>ita</strong></span> <span class='ocrx_word' id='word_1_104' title='bbox 520 1224 556 1252; x_wconf 92' lang='lat' dir='ltr'><strong>et</strong></span> <span class='ocrx_word' id='word_1_105' title='bbox 566 1216 711 1252; x_wconf 90' lang='lat' dir='ltr'><strong>Hesiod.</strong></span> <span class='ocrx_word' id='word_1_106' title='bbox 724 1231 734 1259; x_wconf 86' lang='lat'>;</span> <span class='ocrx_word' id='word_1_107' title='bbox 747 1217 830 1264; x_wconf 87' lang='lat' dir='ltr'><strong>Hy-</strong></span> 
     </span>
     <span class='ocr_line' id='line_1_21' title="bbox 145 1268 829 1317; baseline 0.001 -13"><span class='ocrx_word' id='word_1_108' title='bbox 145 1269 217 1316; x_wconf 83' lang='lat' dir='ltr'><strong>gin.</strong></span> <span class='ocrx_word' id='word_1_109' title='bbox 226 1268 365 1316; x_wconf 74' lang='lat' dir='ltr'><strong>3Virgil.</strong></span> <span class='ocrx_word' id='word_1_110' title='bbox 374 1268 518 1304; x_wconf 86' lang='lat' dir='ltr'><strong>AEneid.</strong></span> <span class='ocrx_word' id='word_1_111' title='bbox 531 1269 579 1314; x_wconf 87' lang='lat' dir='ltr'>X,</span> <span class='ocrx_word' id='word_1_112' title='bbox 596 1282 671 1317; x_wconf 82' lang='lat'>1903</span> <span class='ocrx_word' id='word_1_113' title='bbox 684 1269 829 1305; x_wconf 89' lang='lat' dir='ltr'><strong>Lucian.</strong></span> 
     </span>
     <span class='ocr_line' id='line_1_22' title="bbox 145 1320 831 1368; baseline 0 -12"><span class='ocrx_word' id='word_1_114' title='bbox 145 1321 286 1368; x_wconf 85' lang='lat' dir='ltr'><strong>aliique.</strong></span> <span class='ocrx_word' id='word_1_115' title='bbox 306 1320 356 1356; x_wconf 84' lang='lat' dir='ltr'><strong>At</strong></span> <span class='ocrx_word' id='word_1_116' title='bbox 371 1321 494 1368; x_wconf 89' lang='lat' dir='ltr'><strong>Virgil.</strong></span> <span class='ocrx_word' id='word_1_117' title='bbox 506 1321 580 1357; x_wconf 85' lang='lat' dir='ltr'><strong>Ecl.</strong></span> <span class='ocrx_word' id='word_1_118' title='bbox 593 1321 647 1356; x_wconf 90' lang='lat' dir='ltr'><strong>VI</strong></span> <span class='ocrx_word' id='word_1_119' title='bbox 659 1347 670 1365; x_wconf 88' lang='lat'>,</span> <span class='ocrx_word' id='word_1_120' title='bbox 687 1321 729 1356; x_wconf 81' lang='lat'><strong>62</strong></span> <span class='ocrx_word' id='word_1_121' title='bbox 739 1347 749 1365; x_wconf 90' lang='lat'>,</span> <span class='ocrx_word' id='word_1_122' title='bbox 768 1323 831 1356; x_wconf 87' lang='lat' dir='ltr'><strong>al-</strong></span> 
     </span>
     <span class='ocr_line' id='line_1_23' title="bbox 145 1373 831 1420; baseline 0 -12"><span class='ocrx_word' id='word_1_123' title='bbox 145 1387 210 1409; x_wconf 74' lang='lat' dir='ltr'><strong>nos</strong></span> <span class='ocrx_word' id='word_1_124' title='bbox 224 1381 482 1410; x_wconf 88' lang='lat' dir='ltr'><strong>commemorat</strong></span> <span class='ocrx_word' id='word_1_125' title='bbox 493 1400 504 1419; x_wconf 90' lang='lat'>‚</span> <span class='ocrx_word' id='word_1_126' title='bbox 527 1373 831 1420; x_wconf 82' lang='lat' dir='ltr'><strong>quemadmodum</strong></span> 
     </span>
     <span class='ocr_line' id='line_1_24' title="bbox 147 1426 829 1472; baseline 0.001 -10"><span class='ocrx_word' id='word_1_127' title='bbox 147 1426 204 1462; x_wconf 82' lang='lat' dir='ltr'><strong>alii</strong></span> <span class='ocrx_word' id='word_1_128' title='bbox 215 1429 324 1462; x_wconf 80' lang='lat' dir='ltr'><strong>ulmos</strong></span> <span class='ocrx_word' id='word_1_129' title='bbox 339 1433 399 1462; x_wconf 86' lang='lat' dir='ltr'><strong>aut</strong></span> <span class='ocrx_word' id='word_1_130' title='bbox 404 1430 520 1472; x_wconf 77' lang='lat' dir='ltr'><strong>pinus.</strong></span> <span class='ocrx_word' id='word_1_131' title='bbox 532 1427 624 1462; x_wconf 90' lang='lat' dir='ltr'><strong>Plin.</strong></span> <span class='ocrx_word' id='word_1_132' title='bbox 638 1427 731 1463; x_wconf 89' lang='lat' dir='ltr'><strong>Hist.</strong></span> <span class='ocrx_word' id='word_1_133' title='bbox 749 1428 829 1463; x_wconf 85' lang='lat' dir='ltr'><strong>Nat.</strong></span> 
     </span>
     <span class='ocr_line' id='line_1_25' title="bbox 147 1480 830 1527; baseline 0 -12"><span class='ocrx_word' id='word_1_134' title='bbox 147 1480 351 1526; x_wconf 82' lang='lat' dir='ltr'>XXXVII,</span> <span class='ocrx_word' id='word_1_135' title='bbox 369 1491 400 1515; x_wconf 91' lang='lat'><strong>11</strong></span> <span class='ocrx_word' id='word_1_136' title='bbox 412 1507 422 1525; x_wconf 89' lang='lat'><em>‚</em></span> <span class='ocrx_word' id='word_1_137' title='bbox 443 1482 475 1516; x_wconf 85' lang='lat'><strong>3.</strong></span> <span class='ocrx_word' id='word_1_138' title='bbox 493 1480 708 1516; x_wconf 88' lang='lat' dir='ltr'><strong>Communis</strong></span> <span class='ocrx_word' id='word_1_139' title='bbox 723 1494 830 1527; x_wconf 90' lang='lat' dir='ltr'><strong>porro</strong></span> 
     </span>
    </p>
   </div>
   <div class='ocr_carea' id='block_1_10' title="bbox 148 1530 837 1579">
    <p class='ocr_par' dir='ltr' id='par_1_10' title="bbox 148 1530 837 1579">
     <span class='ocr_line' id='line_1_26' title="bbox 148 1530 837 1579; baseline 0 -12"><span class='ocrx_word' id='word_1_140' title='bbox 148 1531 269 1578; x_wconf 80' lang='lat' dir='ltr'><strong>opinio</strong></span> <span class='ocrx_word' id='word_1_141' title='bbox 275 1539 350 1568; x_wconf 85' lang='lat' dir='ltr'><strong>erat</strong></span> <span class='ocrx_word' id='word_1_142' title='bbox 361 1531 446 1577; x_wconf 84' lang='lat' dir='ltr'><strong>(vid.</strong></span> <span class='ocrx_word' id='word_1_143' title='bbox 456 1540 493 1569; x_wconf 84' lang='lat' dir='ltr'><strong>et</strong></span> <span class='ocrx_word' id='word_1_144' title='bbox 500 1533 622 1579; x_wconf 87' lang='lat' dir='ltr'><strong>Eurip.</strong></span> <span class='ocrx_word' id='word_1_145' title='bbox 636 1533 744 1579; x_wconf 89' lang='lat' dir='ltr'><strong>Hipp.</strong></span> <span class='ocrx_word' id='word_1_146' title='bbox 754 1530 837 1578; x_wconf 52' lang='lat'><strong>740}</strong></span> 
     </span>
    </p>
   </div>
   <div class='ocr_carea' id='block_1_11' title="bbox 145 1584 838 2794">
    <p class='ocr_par' dir='ltr' id='par_1_11' title="bbox 145 1584 836 2529">
     <span class='ocr_line' id='line_1_27' title="bbox 146 1584 831 1633; baseline 0 -14"><span class='ocrx_word' id='word_1_147' title='bbox 146 1584 314 1631; x_wconf 77' lang='lat' dir='ltr'><strong>Apollon-</strong></span> <span class='ocrx_word' id='word_1_148' title='bbox 327 1584 398 1620; x_wconf 82' lang='lat' dir='ltr'><strong>Rh.</strong></span> <span class='ocrx_word' id='word_1_149' title='bbox 410 1585 479 1629; x_wconf 86' lang='lat' dir='ltr'><strong>lv,</strong></span> <span class='ocrx_word' id='word_1_150' title='bbox 497 1585 578 1633; x_wconf 77' lang='lat'>596)</span> <span class='ocrx_word' id='word_1_151' title='bbox 587 1611 597 1630; x_wconf 84' lang='lat'>,</span> <span class='ocrx_word' id='word_1_152' title='bbox 616 1598 658 1620; x_wconf 86' lang='lat' dir='ltr'><strong>ex</strong></span> <span class='ocrx_word' id='word_1_153' title='bbox 672 1588 831 1632; x_wconf 53' lang='lat' dir='ltr'><strong>lacrymas·</strong></span> 
     </span>
     <span class='ocr_line' id='line_1_28' title="bbox 146 1635 831 1688; baseline 0 -15"><span class='ocrx_word' id='word_1_154' title='bbox 146 1635 203 1684; x_wconf 74' lang='lat' dir='ltr'>(c’ae</span> <span class='ocrx_word' id='word_1_155' title='bbox 227 1644 288 1673; x_wconf 79' lang='grc' dir='ltr'><strong>τῶν</strong></span> <span class='ocrx_word' id='word_1_156' title='bbox 311 1635 471 1688; x_wconf 59' lang='grc' dir='ltr'><strong>δακρύων)</strong></span> <span class='ocrx_word' id='word_1_157' title='bbox 496 1637 637 1672; x_wconf 89' lang='lat' dir='ltr'><strong>illarum</strong></span> <span class='ocrx_word' id='word_1_158' title='bbox 663 1638 831 1674; x_wconf 90' lang='lat' dir='ltr'><strong>arborum</strong></span> 
     </span>
     <span class='ocr_line' id='line_1_29' title="bbox 145 1689 832 1736; baseline 0.003 -12"><span class='ocrx_word' id='word_1_159' title='bbox 145 1691 273 1725; x_wconf 79' lang='lat' dir='ltr'><strong>electra</strong></span> <span class='ocrx_word' id='word_1_160' title='bbox 287 1689 384 1726; x_wconf 78' lang='lat' dir='ltr'><strong>nasci</strong></span> <span class='ocrx_word' id='word_1_161' title='bbox 398 1700 408 1723; x_wconf 70' lang='grc' dir='ltr'><strong>ι</strong></span> <span class='ocrx_word' id='word_1_162' title='bbox 425 1689 522 1736; x_wconf 85' lang='lat' dir='ltr'><strong>quod</strong></span> <span class='ocrx_word' id='word_1_163' title='bbox 537 1703 613 1725; x_wconf 88' lang='lat' dir='ltr'><strong>non</strong></span> <span class='ocrx_word' id='word_1_164' title='bbox 628 1691 762 1726; x_wconf 89' lang='lat' dir='ltr'><strong>mirum</strong></span> <span class='ocrx_word' id='word_1_165' title='bbox 778 1691 832 1726; x_wconf 86' lang='lat' dir='ltr'><strong>vi-</strong></span> 
     </span>
     <span class='ocr_line' id='line_1_30' title="bbox 147 1741 832 1789; baseline 0.004 -13"><span class='ocrx_word' id='word_1_166' title='bbox 147 1741 224 1777; x_wconf 84' lang='lat' dir='ltr'><strong>deri</strong></span> <span class='ocrx_word' id='word_1_167' title='bbox 232 1741 339 1780; x_wconf 85' lang='lat' dir='ltr'><strong>debet</strong></span> <span class='ocrx_word' id='word_1_168' title='bbox 350 1769 360 1787; x_wconf 90' lang='lat'>,</span> <span class='ocrx_word' id='word_1_169' title='bbox 378 1755 491 1789; x_wconf 89' lang='lat' dir='ltr'><strong>quum</strong></span> <span class='ocrx_word' id='word_1_170' title='bbox 500 1743 668 1780; x_wconf 87' lang='lat' dir='ltr'><strong>arborum</strong></span> <span class='ocrx_word' id='word_1_171' title='bbox 677 1744 832 1779; x_wconf 83' lang='lat' dir='ltr'><strong>resinam</strong></span> 
     </span>
     <span class='ocr_line' id='line_1_31' title="bbox 147 1793 830 1843; baseline 0.003 -13"><span class='ocrx_word' id='word_1_172' title='bbox 147 1793 264 1830; x_wconf 83' lang='lat' dir='ltr'><strong>Graeci</strong></span> <span class='ocrx_word' id='word_1_173' title='bbox 277 1794 326 1830; x_wconf 85' lang='lat' dir='ltr'><strong>ita</strong></span> <span class='ocrx_word' id='word_1_174' title='bbox 345 1794 498 1831; x_wconf 80' lang='lat' dir='ltr'><strong>dixerint</strong></span> <span class='ocrx_word' id='word_1_175' title='bbox 516 1796 574 1840; x_wconf 86' lang='lat' dir='ltr'><strong>(cs.</strong></span> <span class='ocrx_word' id='word_1_176' title='bbox 591 1803 627 1831; x_wconf 90' lang='lat' dir='ltr'><strong>et</strong></span> <span class='ocrx_word' id='word_1_177' title='bbox 642 1796 678 1831; x_wconf 89' lang='lat' dir='ltr'>X</span> <span class='ocrx_word' id='word_1_178' title='bbox 690 1823 700 1841; x_wconf 89' lang='lat'>‚</span> <span class='ocrx_word' id='word_1_179' title='bbox 724 1796 807 1843; x_wconf 87' lang='lat'>501)</span> <span class='ocrx_word' id='word_1_180' title='bbox 820 1824 830 1842; x_wconf 89' lang='lat'>,</span> 
     </span>
     <span class='ocr_line' id='line_1_32' title="bbox 147 1847 832 1893; baseline 0 -11"><span class='ocrx_word' id='word_1_181' title='bbox 147 1853 253 1893; x_wconf 85' lang='lat' dir='ltr'><strong>atque</strong></span> <span class='ocrx_word' id='word_1_182' title='bbox 278 1847 387 1882; x_wconf 82' lang='lat' dir='ltr'><strong>etiam</strong></span> <span class='ocrx_word' id='word_1_183' title='bbox 407 1847 513 1885; x_wconf 89' lang='lat' dir='ltr'><strong>hodie</strong></span> <span class='ocrx_word' id='word_1_184' title='bbox 536 1861 658 1883; x_wconf 89' lang='lat' dir='ltr'><strong>rerum</strong></span> <span class='ocrx_word' id='word_1_185' title='bbox 678 1855 832 1884; x_wconf 81' lang='lat' dir='ltr'><strong>natura—</strong></span> 
     </span>
     <span class='ocr_line' id='line_1_33' title="bbox 147 1899 831 1947; baseline 0.003 -13"><span class='ocrx_word' id='word_1_186' title='bbox 147 1899 238 1934; x_wconf 87' lang='lat' dir='ltr'><strong>lium</strong></span> <span class='ocrx_word' id='word_1_187' title='bbox 251 1899 473 1947; x_wconf 77' lang='lat' dir='ltr'><strong>indagatores</strong></span> <span class='ocrx_word' id='word_1_188' title='bbox 489 1913 533 1935; x_wconf 89' lang='lat' dir='ltr'><strong>eo</strong></span> <span class='ocrx_word' id='word_1_189' title='bbox 548 1901 621 1935; x_wconf 86' lang='lat' dir='ltr'><strong>sere</strong></span> <span class='ocrx_word' id='word_1_190' title='bbox 636 1901 809 1936; x_wconf 87' lang='lat' dir='ltr'><strong>inclinent</strong></span> <span class='ocrx_word' id='word_1_191' title='bbox 821 1928 831 1943; x_wconf 91' lang='lat'><strong><em>‚</em></strong></span> 
     </span>
     <span class='ocr_line' id='line_1_34' title="bbox 150 1954 832 2002; baseline 0.001 -13"><span class='ocrx_word' id='word_1_192' title='bbox 150 1961 192 1989; x_wconf 88' lang='lat' dir='ltr'><strong>ut</strong></span> <span class='ocrx_word' id='word_1_193' title='bbox 216 1954 341 1990; x_wconf 85' lang='lat' dir='ltr'><strong>resinae</strong></span> <span class='ocrx_word' id='word_1_194' title='bbox 356 1955 487 1990; x_wconf 87' lang='lat' dir='ltr'><strong>electra</strong></span> <span class='ocrx_word' id='word_1_195' title='bbox 505 1955 682 2002; x_wconf 80' lang='lat' dir='ltr'><strong>originem</strong></span> <span class='ocrx_word' id='word_1_196' title='bbox 702 1955 832 1990; x_wconf 89' lang='lat' dir='ltr'><strong>debere</strong></span> 
     </span>
     <span class='ocr_line' id='line_1_35' title="bbox 151 2006 834 2052; baseline 0 -11"><span class='ocrx_word' id='word_1_197' title='bbox 151 2012 289 2052; x_wconf 87' lang='lat' dir='ltr'><strong>putent.</strong></span> <span class='ocrx_word' id='word_1_198' title='bbox 319 2007 359 2043; x_wconf 84' lang='lat' dir='ltr'><strong>Si</strong></span> <span class='ocrx_word' id='word_1_199' title='bbox 382 2007 436 2042; x_wconf 89' lang='lat' dir='ltr'><strong>his</strong></span> <span class='ocrx_word' id='word_1_200' title='bbox 464 2007 663 2050; x_wconf 85' lang='lat' dir='ltr'><strong>addideris,</strong></span> <span class='ocrx_word' id='word_1_201' title='bbox 690 2019 768 2052; x_wconf 81' lang='lat' dir='ltr'><strong>quae</strong></span> <span class='ocrx_word' id='word_1_202' title='bbox 790 2006 834 2041; x_wconf 88' lang='lat' dir='ltr'><strong>ad</strong></span> 
     </span>
     <span class='ocr_line' id='line_1_36' title="bbox 151 2059 836 2106; baseline 0.001 -13"><span class='ocrx_word' id='word_1_203' title='bbox 151 2070 239 2094; x_wconf 82' lang='lat' dir='ltr'><strong>vers.</strong></span> <span class='ocrx_word' id='word_1_204' title='bbox 257 2059 323 2104; x_wconf 80' lang='lat'><strong>324</strong></span> <span class='ocrx_word' id='word_1_205' title='bbox 337 2060 537 2095; x_wconf 85' lang='lat' dir='ltr'><strong>notavimus</strong></span> <span class='ocrx_word' id='word_1_206' title='bbox 549 2087 559 2103; x_wconf 89' lang='lat'>,</span> <span class='ocrx_word' id='word_1_207' title='bbox 573 2060 654 2095; x_wconf 87' lang='lat' dir='ltr'><strong>satis</strong></span> <span class='ocrx_word' id='word_1_208' title='bbox 670 2060 836 2106; x_wconf 88' lang='lat' dir='ltr'><strong>probabi-</strong></span> 
     </span>
     <span class='ocr_line' id='line_1_37' title="bbox 150 2110 835 2158; baseline 0.001 -13"><span class='ocrx_word' id='word_1_209' title='bbox 150 2110 233 2146; x_wconf 86' lang='lat' dir='ltr'><strong>liter</strong></span> <span class='ocrx_word' id='word_1_210' title='bbox 263 2111 327 2147; x_wconf 87' lang='lat' dir='ltr'><strong>tibi</strong></span> <span class='ocrx_word' id='word_1_211' title='bbox 355 2113 509 2147; x_wconf 78' lang='lat' dir='ltr'><strong>fabulam</strong></span> <span class='ocrx_word' id='word_1_212' title='bbox 538 2112 835 2158; x_wconf 86' lang='lat' dir='ltr'><strong>interpretaberis.</strong></span> 
     </span>
     <span class='ocr_line' id='line_1_38' title="bbox 154 2162 835 2211; baseline 0.001 -13"><span class='ocrx_word' id='word_1_213' title='bbox 154 2162 346 2209; x_wconf 88' lang='lat' dir='ltr'><strong>Sophocles</strong></span> <span class='ocrx_word' id='word_1_214' title='bbox 360 2164 397 2199; x_wconf 87' lang='lat' dir='ltr'><strong>in</strong></span> <span class='ocrx_word' id='word_1_215' title='bbox 411 2172 496 2211; x_wconf 86' lang='lat' dir='ltr'><strong>trag.</strong></span> <span class='ocrx_word' id='word_1_216' title='bbox 509 2164 691 2211; x_wconf 87' lang='lat' dir='ltr'><strong>deperdita</strong></span> <span class='ocrx_word' id='word_1_217' title='bbox 705 2177 746 2199; x_wconf 80' lang='lat' dir='ltr'><strong>ex</strong></span> <span class='ocrx_word' id='word_1_218' title='bbox 762 2164 835 2199; x_wconf 88' lang='lat' dir='ltr'><strong>aliis</strong></span> 
     </span>
     <span class='ocr_line' id='line_1_39' title="bbox 152 2214 835 2264; baseline 0.003 -14"><span class='ocrx_word' id='word_1_219' title='bbox 152 2214 315 2264; x_wconf 86' lang='lat' dir='ltr'><strong>lacrymis</strong></span> <span class='ocrx_word' id='word_1_220' title='bbox 324 2217 451 2253; x_wconf 86' lang='lat' dir='ltr'><strong>electra</strong></span> <span class='ocrx_word' id='word_1_221' title='bbox 459 2218 552 2253; x_wconf 86' lang='lat' dir='ltr'><strong>nasci</strong></span> <span class='ocrx_word' id='word_1_222' title='bbox 563 2217 724 2261; x_wconf 85' lang='lat' dir='ltr'><strong>finxerat,</strong></span> <span class='ocrx_word' id='word_1_223' title='bbox 733 2230 835 2252; x_wconf 89' lang='lat' dir='ltr'><strong>nem-</strong></span> 
     </span>
     <span class='ocr_line' id='line_1_40' title="bbox 152 2270 834 2317; baseline 0.001 -14"><span class='ocrx_word' id='word_1_224' title='bbox 152 2281 197 2314; x_wconf 90' lang='lat' dir='ltr'><strong>pe</strong></span> <span class='ocrx_word' id='word_1_225' title='bbox 221 2282 305 2315; x_wconf 86' lang='lat' dir='ltr'><strong>quas</strong></span> <span class='ocrx_word' id='word_1_226' title='bbox 333 2270 507 2317; x_wconf 81' lang='lat' dir='ltr'><strong>Meleagri</strong></span> <span class='ocrx_word' id='word_1_227' title='bbox 532 2283 668 2306; x_wconf 89' lang='lat' dir='ltr'><strong>sorores</strong></span> <span class='ocrx_word' id='word_1_228' title='bbox 695 2270 733 2305; x_wconf 87' lang='lat' dir='ltr'><strong>in</strong></span> <span class='ocrx_word' id='word_1_229' title='bbox 755 2283 834 2305; x_wconf 85' lang='lat' dir='ltr'><strong>aves</strong></span> 
     </span>
     <span class='ocr_line' id='line_1_41' title="bbox 152 2322 835 2368; baseline 0.003 -13"><span class='ocrx_word' id='word_1_230' title='bbox 152 2328 298 2357; x_wconf 77' lang='lat' dir='ltr'><strong>mutatae</strong></span> <span class='ocrx_word' id='word_1_231' title='bbox 323 2322 360 2356; x_wconf 90' lang='lat' dir='ltr'><strong>in</strong></span> <span class='ocrx_word' id='word_1_232' title='bbox 381 2322 483 2357; x_wconf 90' lang='lat' dir='ltr'><strong>India</strong></span> <span class='ocrx_word' id='word_1_233' title='bbox 508 2323 638 2358; x_wconf 88' lang='lat' dir='ltr'><strong>flerent</strong></span> <span class='ocrx_word' id='word_1_234' title='bbox 661 2335 669 2357; x_wconf 75' lang='grc' dir='ltr'>ε</span> <span class='ocrx_word' id='word_1_235' title='bbox 694 2322 789 2368; x_wconf 90' lang='lat' dir='ltr'><strong>quod</strong></span> <span class='ocrx_word' id='word_1_236' title='bbox 815 2335 835 2357; x_wconf 83' lang='lat' dir='ltr'><strong>a</strong></span> 
     </span>
     <span class='ocr_line' id='line_1_42' title="bbox 152 2373 836 2422; baseline 0.003 -14"><span class='ocrx_word' id='word_1_237' title='bbox 152 2373 244 2409; x_wconf 82' lang='lat' dir='ltr'><strong>Plin.</strong></span> <span class='ocrx_word' id='word_1_238' title='bbox 253 2374 348 2410; x_wconf 87' lang='lat' dir='ltr'><strong>dicto</strong></span> <span class='ocrx_word' id='word_1_239' title='bbox 355 2375 445 2420; x_wconf 89' lang='lat' dir='ltr'><strong>loco,</strong></span> <span class='ocrx_word' id='word_1_240' title='bbox 454 2375 744 2422; x_wconf 87' lang='lat' dir='ltr'><strong>reprehenditur:</strong></span> <span class='ocrx_word' id='word_1_241' title='bbox 756 2375 836 2410; x_wconf 89' lang='lat' dir='ltr'><strong>vide</strong></span> 
     </span>
     <span class='ocr_line' id='line_1_43' title="bbox 152 2429 834 2466; baseline 0.001 -2"><span class='ocrx_word' id='word_1_242' title='bbox 152 2429 302 2464; x_wconf 87' lang='lat' dir='ltr'><strong>omnino</strong></span> <span class='ocrx_word' id='word_1_243' title='bbox 329 2429 480 2465; x_wconf 86' lang='lat' dir='ltr'><strong>Gesneri</strong></span> <span class='ocrx_word' id='word_1_244' title='bbox 506 2430 597 2465; x_wconf 89' lang='lat' dir='ltr'><strong>Diss.</strong></span> <span class='ocrx_word' id='word_1_245' title='bbox 627 2430 664 2464; x_wconf 91' lang='lat' dir='ltr'><strong>in</strong></span> <span class='ocrx_word' id='word_1_246' title='bbox 690 2429 834 2466; x_wconf 89' lang='lat' dir='ltr'><strong>Comm.</strong></span> 
     </span>
     <span class='ocr_line' id='line_1_44' title="bbox 152 2481 714 2529; baseline 0 -11"><span class='ocrx_word' id='word_1_247' title='bbox 152 2481 281 2518; x_wconf 89' lang='lat' dir='ltr'><strong>Societ.</strong></span> <span class='ocrx_word' id='word_1_248' title='bbox 298 2481 457 2529; x_wconf 86' lang='lat' dir='ltr'><strong>Gotting.</strong></span> <span class='ocrx_word' id='word_1_249' title='bbox 474 2490 498 2518; x_wconf 89' lang='lat' dir='ltr'><strong>t.</strong></span> <span class='ocrx_word' id='word_1_250' title='bbox 516 2483 594 2526; x_wconf 91' lang='lat'>111,</span> <span class='ocrx_word' id='word_1_251' title='bbox 611 2497 644 2529; x_wconf 90' lang='lat' dir='ltr'><strong>p.</strong></span> <span class='ocrx_word' id='word_1_252' title='bbox 664 2497 714 2527; x_wconf 89' lang='lat'><strong>72.</strong></span> 
     </span>
    </p>

    <p class='ocr_par' dir='ltr' id='par_1_12' title="bbox 153 2535 838 2794">
     <span class='ocr_line' id='line_1_45' title="bbox 197 2535 836 2581; baseline 0.002 -12"><span class='ocrx_word' id='word_1_253' title='bbox 197 2535 273 2579; x_wconf 79' lang='lat'><strong>364.</strong></span> <span class='ocrx_word' id='word_1_254' title='bbox 290 2535 428 2569; x_wconf 75' lang='lat' dir='ltr'><strong>Slc‘llala</strong></span> <span class='ocrx_word' id='word_1_255' title='bbox 438 2562 446 2576; x_wconf 87' lang='lat'>,</span> <span class='ocrx_word' id='word_1_256' title='bbox 465 2535 607 2581; x_wconf 88' lang='lat' dir='ltr'><strong>passive.</strong></span> <span class='ocrx_word' id='word_1_257' title='bbox 627 2554 672 2562; x_wconf 93' lang='lat'><strong>--</strong></span> <span class='ocrx_word' id='word_1_258' title='bbox 685 2536 836 2570; x_wconf 77' lang='lat' dir='ltr'><strong>Lucidus</strong></span> 
     </span>
     <span class='ocr_line' id='line_1_46' title="bbox 153 2587 836 2631; baseline -0.001 -8"><span class='ocrx_word' id='word_1_259' title='bbox 153 2590 272 2631; x_wconf 78' lang='grc' dir='ltr'><strong><em>λευκὲς,</em></strong></span> <span class='ocrx_word' id='word_1_260' title='bbox 296 2587 417 2623; x_wconf 89' lang='lat' dir='ltr'><strong>clarus.</strong></span> <span class='ocrx_word' id='word_1_261' title='bbox 447 2607 493 2615; x_wconf 90' lang='lat'><strong>·—-</strong></span> <span class='ocrx_word' id='word_1_262' title='bbox 518 2589 665 2623; x_wconf 81' lang='lat' dir='ltr'><strong>Nutibus</strong></span> <span class='ocrx_word' id='word_1_263' title='bbox 690 2590 836 2623; x_wconf 79' lang='lat' dir='ltr'><strong>Latinis.</strong></span> 
     </span>
     <span class='ocr_line' id='line_1_47' title="bbox 154 2642 837 2690; baseline -0.003 -12"><span class='ocrx_word' id='word_1_264' title='bbox 154 2642 250 2690; x_wconf 67' lang='lat' dir='ltr'><strong>halis</strong></span> <span class='ocrx_word' id='word_1_265' title='bbox 288 2642 503 2678; x_wconf 83' lang='lat' dir='ltr'><strong>mulieribus.</strong></span> <span class='ocrx_word' id='word_1_266' title='bbox 541 2644 655 2677; x_wconf 85' lang='lat' dir='ltr'><strong>Nurus</strong></span> <span class='ocrx_word' id='word_1_267' title='bbox 688 2642 837 2676; x_wconf 89' lang='lat' dir='ltr'><strong>omnino</strong></span> 
     </span>
     <span class='ocr_line' id='line_1_48' title="bbox 154 2694 836 2742; baseline -0.001 -11"><span class='ocrx_word' id='word_1_268' title='bbox 154 2695 282 2731; x_wconf 87' lang='lat' dir='ltr'><strong>mulier</strong></span> <span class='ocrx_word' id='word_1_269' title='bbox 297 2695 419 2742; x_wconf 84' lang='lat' dir='ltr'><strong>poetis.</strong></span> <span class='ocrx_word' id='word_1_270' title='bbox 439 2694 521 2731; x_wconf 91' lang='lat' dir='ltr'><strong>Vid.</strong></span> <span class='ocrx_word' id='word_1_271' title='bbox 546 2695 623 2739; x_wconf 90' lang='lat' dir='ltr'>III,</span> <span class='ocrx_word' id='word_1_272' title='bbox 647 2697 720 2730; x_wconf 79' lang='lat'><strong>528.</strong></span> <span class='ocrx_word' id='word_1_273' title='bbox 745 2694 836 2730; x_wconf 87' lang='lat' dir='ltr'><strong>Plin.</strong></span> 
     </span>
     <span class='ocr_line' id='line_1_49' title="bbox 156 2747 838 2794; baseline -0.001 -11"><span class='ocrx_word' id='word_1_274' title='bbox 156 2748 189 2783; x_wconf 88' lang='lat' dir='ltr'><strong>d.</strong></span> <span class='ocrx_word' id='word_1_275' title='bbox 206 2749 228 2784; x_wconf 92' lang='lat' dir='ltr'><strong>l.</strong></span> <span class='ocrx_word' id='word_1_276' title='bbox 244 2756 366 2784; x_wconf 88' lang='lat' dir='ltr'><strong>narrat</strong></span> <span class='ocrx_word' id='word_1_277' title='bbox 379 2775 388 2792; x_wconf 93' lang='lat'>‚</span> <span class='ocrx_word' id='word_1_278' title='bbox 407 2761 470 2784; x_wconf 88' lang='lat' dir='ltr'><strong>suo</strong></span> <span class='ocrx_word' id='word_1_279' title='bbox 484 2755 643 2794; x_wconf 89' lang='lat' dir='ltr'><strong>tempore</strong></span> <span class='ocrx_word' id='word_1_280' title='bbox 662 2747 838 2793; x_wconf 82' lang='lat' dir='ltr'><strong>Transpa-</strong></span> 
     </span>
    </p>
   </div>
   <div class='ocr_carea' id='block_1_12' title="bbox 888 739 1593 2795">
    <p class='ocr_par' dir='ltr' id='par_1_13' title="bbox 888 739 1593 2795">
     <span class='ocr_line' id='line_1_50' title="bbox 888 739 1577 785; baseline -0.003 -10"><span class='ocrx_word' id='word_1_281' title='bbox 888 740 1068 775; x_wconf 89' lang='lat' dir='ltr'><strong>danorum</strong></span> <span class='ocrx_word' id='word_1_282' title='bbox 1096 745 1247 785; x_wconf 88' lang='lat' dir='ltr'><strong>agrestes</strong></span> <span class='ocrx_word' id='word_1_283' title='bbox 1271 739 1421 773; x_wconf 86' lang='lat' dir='ltr'><strong>seminas</strong></span> <span class='ocrx_word' id='word_1_284' title='bbox 1450 739 1577 773; x_wconf 88' lang='lat' dir='ltr'><strong>moni-</strong></span> 
     </span>
     <span class='ocr_line' id='line_1_51' title="bbox 889 791 1579 838; baseline -0.003 -10"><span class='ocrx_word' id='word_1_285' title='bbox 889 793 978 828; x_wconf 87' lang='lat' dir='ltr'><strong>lium</strong></span> <span class='ocrx_word' id='word_1_286' title='bbox 995 793 1069 828; x_wconf 88' lang='lat' dir='ltr'><strong>vice</strong></span> <span class='ocrx_word' id='word_1_287' title='bbox 1085 792 1226 828; x_wconf 89' lang='lat' dir='ltr'><strong>succina</strong></span> <span class='ocrx_word' id='word_1_288' title='bbox 1246 798 1378 838; x_wconf 87' lang='lat' dir='ltr'><strong>gestare</strong></span> <span class='ocrx_word' id='word_1_289' title='bbox 1394 818 1403 835; x_wconf 90' lang='lat'>,</span> <span class='ocrx_word' id='word_1_290' title='bbox 1427 791 1579 827; x_wconf 81' lang='lat' dir='ltr'><strong>maxime</strong></span> 
     </span>
     <span class='ocr_line' id='line_1_52' title="bbox 893 845 1511 892; baseline 0 -11"><span class='ocrx_word' id='word_1_291' title='bbox 893 846 1028 882; x_wconf 88' lang='lat' dir='ltr'><strong>decoris</strong></span> <span class='ocrx_word' id='word_1_292' title='bbox 1045 846 1154 892; x_wconf 85' lang='lat' dir='ltr'><strong>gratia</strong></span> <span class='ocrx_word' id='word_1_293' title='bbox 1166 873 1176 890; x_wconf 90' lang='lat'>,</span> <span class='ocrx_word' id='word_1_294' title='bbox 1194 845 1254 881; x_wconf 90' lang='lat' dir='ltr'><strong>sed</strong></span> <span class='ocrx_word' id='word_1_295' title='bbox 1269 853 1304 880; x_wconf 88' lang='lat' dir='ltr'><strong>et</strong></span> <span class='ocrx_word' id='word_1_296' title='bbox 1316 846 1511 881; x_wconf 79' lang='lat' dir='ltr'><strong>medicinae.</strong></span> 
     </span>
     <span class='ocr_line' id='line_1_53' title="bbox 935 899 1580 938; baseline -0.002 -4"><span class='ocrx_word' id='word_1_297' title='bbox 935 899 1013 934; x_wconf 84' lang='grc'><strong>366.</strong></span> <span class='ocrx_word' id='word_1_298' title='bbox 1030 900 1150 933; x_wconf 67' lang='lat' dir='ltr'><strong>Mum.</strong></span> <span class='ocrx_word' id='word_1_299' title='bbox 1168 900 1240 934; x_wconf 90' lang='lat' dir='ltr'><strong>Pro</strong></span> <span class='ocrx_word' id='word_1_300' title='bbox 1253 902 1375 938; x_wconf 68' lang='lat' dir='ltr'><strong>mma.</strong></span> <span class='ocrx_word' id='word_1_301' title='bbox 1397 912 1489 933; x_wconf 93' lang='lat' dir='ltr'><strong>unus</strong></span> <span class='ocrx_word' id='word_1_302' title='bbox 1508 899 1580 933; x_wconf 92' lang='lat' dir='ltr'><strong>Co-</strong></span> 
     </span>
     <span class='ocr_line' id='line_1_54' title="bbox 891 951 1580 997; baseline -0.001 -11"><span class='ocrx_word' id='word_1_303' title='bbox 891 951 967 993; x_wconf 81' lang='lat' dir='ltr'><strong>dex,</strong></span> <span class='ocrx_word' id='word_1_304' title='bbox 981 955 1096 992; x_wconf 75' lang='lat' dir='ltr'><strong>nutrit,</strong></span> <span class='ocrx_word' id='word_1_305' title='bbox 1111 951 1206 997; x_wconf 88' lang='lat' dir='ltr'><strong>quod</strong></span> <span class='ocrx_word' id='word_1_306' title='bbox 1218 952 1447 986; x_wconf 84' lang='lat' dir='ltr'><strong>Burmannus</strong></span> <span class='ocrx_word' id='word_1_307' title='bbox 1459 965 1580 986; x_wconf 84' lang='lat' dir='ltr'><strong>exem—</strong></span> 
     </span>
     <span class='ocr_line' id='line_1_55' title="bbox 891 1003 1580 1050; baseline -0.001 -11"><span class='ocrx_word' id='word_1_308' title='bbox 891 1004 956 1050; x_wconf 87' lang='lat' dir='ltr'><strong>plis</strong></span> <span class='ocrx_word' id='word_1_309' title='bbox 982 1003 1152 1046; x_wconf 79' lang='lat' dir='ltr'><strong>illustrat3</strong></span> <span class='ocrx_word' id='word_1_310' title='bbox 1187 1003 1248 1039; x_wconf 85' lang='lat' dir='ltr'><strong>sed</strong></span> <span class='ocrx_word' id='word_1_311' title='bbox 1277 1003 1432 1038; x_wconf 87' lang='lat' dir='ltr'><strong>alienum</strong></span> <span class='ocrx_word' id='word_1_312' title='bbox 1459 1011 1511 1039; x_wconf 85' lang='lat' dir='ltr'><strong>est</strong></span> <span class='ocrx_word' id='word_1_313' title='bbox 1537 1005 1580 1038; x_wconf 89' lang='lat' dir='ltr'><strong>ab</strong></span> 
     </span>
     <span class='ocr_line' id='line_1_56' title="bbox 891 1056 1582 1092; baseline -0.001 0"><span class='ocrx_word' id='word_1_314' title='bbox 891 1056 960 1092; x_wconf 90' lang='lat' dir='ltr'><strong>hoc</strong></span> <span class='ocrx_word' id='word_1_315' title='bbox 981 1056 1069 1091; x_wconf 89' lang='lat' dir='ltr'><strong>loco.</strong></span> <span class='ocrx_word' id='word_1_316' title='bbox 1088 1075 1133 1083; x_wconf 92' lang='lat'><strong>—-</strong></span> <span class='ocrx_word' id='word_1_317' title='bbox 1154 1058 1300 1091; x_wconf 72' lang='lat' dir='ltr'><em>Mittunt</em></span> <span class='ocrx_word' id='word_1_318' title='bbox 1319 1070 1453 1092; x_wconf 87' lang='lat' dir='ltr'><strong>merces</strong></span> <span class='ocrx_word' id='word_1_319' title='bbox 1478 1065 1582 1092; x_wconf 80' lang='lat' dir='ltr'><strong>terrae</strong></span> 
     </span>
     <span class='ocr_line' id='line_1_57' title="bbox 894 1108 1582 1154; baseline 0 -10"><span class='ocrx_word' id='word_1_320' title='bbox 894 1121 963 1152; x_wconf 83' lang='lat' dir='ltr'><strong>eae,</strong></span> <span class='ocrx_word' id='word_1_321' title='bbox 988 1108 1047 1145; x_wconf 88' lang='lat' dir='ltr'><strong>ubi</strong></span> <span class='ocrx_word' id='word_1_322' title='bbox 1064 1108 1236 1143; x_wconf 84' lang='lat' dir='ltr'><strong>maximus</strong></span> <span class='ocrx_word' id='word_1_323' title='bbox 1253 1122 1376 1143; x_wconf 86' lang='lat' dir='ltr'><strong>earum</strong></span> <span class='ocrx_word' id='word_1_324' title='bbox 1389 1117 1582 1154; x_wconf 86' lang='lat' dir='ltr'><strong>proventus</strong></span> 
     </span>
     <span class='ocr_line' id='line_1_58' title="bbox 894 1161 1582 1208; baseline 0.001 -13"><span class='ocrx_word' id='word_1_325' title='bbox 894 1168 931 1196; x_wconf 89' lang='lat' dir='ltr'><strong>et</strong></span> <span class='ocrx_word' id='word_1_326' title='bbox 949 1168 1133 1195; x_wconf 87' lang='lat' dir='ltr'><strong>mercatus.</strong></span> <span class='ocrx_word' id='word_1_327' title='bbox 1145 1179 1190 1186; x_wconf 91' lang='lat'>—</span> <span class='ocrx_word' id='word_1_328' title='bbox 1199 1161 1256 1196; x_wconf 85' lang='lat' dir='ltr'><strong>Sic</strong></span> <span class='ocrx_word' id='word_1_329' title='bbox 1268 1168 1303 1196; x_wconf 92' lang='lat' dir='ltr'><strong>et</strong></span> <span class='ocrx_word' id='word_1_330' title='bbox 1315 1161 1437 1205; x_wconf 83' lang='lat' dir='ltr'><strong>Virgil.</strong></span> <span class='ocrx_word' id='word_1_331' title='bbox 1449 1161 1582 1208; x_wconf 71' lang='lat' dir='ltr'><strong>Georg-</strong></span> 
     </span>
     <span class='ocr_line' id='line_1_59' title="bbox 895 1214 1448 1259; baseline -0.004 -9"><span class='ocrx_word' id='word_1_332' title='bbox 895 1214 934 1259; x_wconf 86' lang='grc' dir='ltr'><strong>Ι,</strong></span> <span class='ocrx_word' id='word_1_333' title='bbox 957 1217 996 1259; x_wconf 89' lang='lat'><strong>57</strong></span> <span class='ocrx_word' id='word_1_334' title='bbox 1017 1216 1141 1248; x_wconf 78' lang='lat' dir='ltr'><strong>:India</strong></span> <span class='ocrx_word' id='word_1_335' title='bbox 1156 1217 1262 1248; x_wconf 77' lang='lat' dir='ltr'><strong>mitti!</strong></span> <span class='ocrx_word' id='word_1_336' title='bbox 1274 1216 1362 1248; x_wconf 80' lang='lat' dir='ltr'><strong>ebur.</strong></span> <span class='ocrx_word' id='word_1_337' title='bbox 1382 1214 1448 1248; x_wconf 87' lang='lat' dir='ltr'><strong>Ed.</strong></span> 
     </span>
     <span class='ocr_line' id='line_1_60' title="bbox 942 1267 1585 1312; baseline 0 -11"><span class='ocrx_word' id='word_1_338' title='bbox 942 1267 1111 1312; x_wconf 79' lang='lat'><strong>367—400.</strong></span> <span class='ocrx_word' id='word_1_339' title='bbox 1128 1267 1259 1311; x_wconf 80' lang='lat' dir='ltr'><strong>Adfui!</strong></span> <span class='ocrx_word' id='word_1_340' title='bbox 1266 1269 1345 1301; x_wconf 74' lang='lat' dir='ltr'><strong>huic</strong></span> <span class='ocrx_word' id='word_1_341' title='bbox 1355 1271 1502 1301; x_wconf 76' lang='lat' dir='ltr'><strong>monstro</strong></span> <span class='ocrx_word' id='word_1_342' title='bbox 1516 1273 1585 1302; x_wconf 84' lang='lat' dir='ltr'><strong>etc.</strong></span> 
     </span>
     <span class='ocr_line' id='line_1_61' title="bbox 899 1319 1586 1368; baseline 0 -13"><span class='ocrx_word' id='word_1_343' title='bbox 899 1319 1044 1368; x_wconf 89' lang='lat' dir='ltr'><strong>Cycnus</strong></span> <span class='ocrx_word' id='word_1_344' title='bbox 1059 1346 1069 1364; x_wconf 92' lang='lat'>,</span> <span class='ocrx_word' id='word_1_345' title='bbox 1095 1333 1156 1354; x_wconf 87' lang='lat' dir='ltr'><strong>rex</strong></span> <span class='ocrx_word' id='word_1_346' title='bbox 1173 1320 1324 1366; x_wconf 76' lang='lat' dir='ltr'><strong>Liguriae</strong></span> <span class='ocrx_word' id='word_1_347' title='bbox 1336 1346 1346 1363; x_wconf 85' lang='lat'>,</span> <span class='ocrx_word' id='word_1_348' title='bbox 1371 1319 1457 1354; x_wconf 90' lang='lat' dir='ltr'><strong>dum</strong></span> <span class='ocrx_word' id='word_1_349' title='bbox 1475 1319 1586 1355; x_wconf 86' lang='lat' dir='ltr'><strong>deflet</strong></span> 
     </span>
     <span class='ocr_line' id='line_1_62' title="bbox 896 1372 1586 1417; baseline -0.003 -9"><span class='ocrx_word' id='word_1_350' title='bbox 896 1372 1162 1408; x_wconf 88' lang='lat' dir='ltr'><strong>Phaethontem</strong></span> <span class='ocrx_word' id='word_1_351' title='bbox 1183 1398 1193 1416; x_wconf 92' lang='lat'>,</span> <span class='ocrx_word' id='word_1_352' title='bbox 1222 1372 1392 1417; x_wconf 88' lang='lat' dir='ltr'><strong>sanguine</strong></span> <span class='ocrx_word' id='word_1_353' title='bbox 1420 1379 1586 1406; x_wconf 90' lang='lat' dir='ltr'><strong>materno</strong></span> 
     </span>
     <span class='ocr_line' id='line_1_63' title="bbox 896 1425 1586 1470; baseline -0.001 -9"><span class='ocrx_word' id='word_1_354' title='bbox 896 1425 961 1461; x_wconf 88' lang='lat' dir='ltr'><strong>sibi</strong></span> <span class='ocrx_word' id='word_1_355' title='bbox 977 1426 1143 1470; x_wconf 83' lang='lat' dir='ltr'><strong>junctum</strong></span> <span class='ocrx_word' id='word_1_356' title='bbox 1154 1451 1164 1468; x_wconf 92' lang='lat'>,</span> <span class='ocrx_word' id='word_1_357' title='bbox 1182 1432 1341 1459; x_wconf 88' lang='lat' dir='ltr'><strong>mutatur</strong></span> <span class='ocrx_word' id='word_1_358' title='bbox 1356 1425 1395 1459; x_wconf 93' lang='lat' dir='ltr'><strong>in</strong></span> <span class='ocrx_word' id='word_1_359' title='bbox 1413 1438 1514 1459; x_wconf 90' lang='lat' dir='ltr'><strong>avem</strong></span> <span class='ocrx_word' id='word_1_360' title='bbox 1531 1426 1586 1460; x_wconf 87' lang='lat' dir='ltr'><strong>sui</strong></span> 
     </span>
     <span class='ocr_line' id='line_1_64' title="bbox 895 1479 1585 1528; baseline 0.003 -14"><span class='ocrx_word' id='word_1_361' title='bbox 895 1480 1059 1515; x_wconf 89' lang='lat' dir='ltr'><strong>nominis.</strong></span> <span class='ocrx_word' id='word_1_362' title='bbox 1076 1479 1213 1515; x_wconf 85' lang='lat' dir='ltr'><strong>Confer</strong></span> <span class='ocrx_word' id='word_1_363' title='bbox 1223 1481 1318 1528; x_wconf 86' lang='lat' dir='ltr'><strong>Hyg.</strong></span> <span class='ocrx_word' id='word_1_364' title='bbox 1330 1481 1484 1515; x_wconf 85' lang='lat' dir='ltr'><strong>fabulam</strong></span> <span class='ocrx_word' id='word_1_365' title='bbox 1502 1483 1585 1526; x_wconf 78' lang='grc' dir='ltr'>ι54;</span> 
     </span>
     <span class='ocr_line' id='line_1_65' title="bbox 896 1533 1587 1582; baseline 0.001 -14"><span class='ocrx_word' id='word_1_366' title='bbox 896 1540 932 1568; x_wconf 90' lang='lat' dir='ltr'><strong>et</strong></span> <span class='ocrx_word' id='word_1_367' title='bbox 948 1533 1074 1579; x_wconf 89' lang='lat' dir='ltr'><strong>Virgil.</strong></span> <span class='ocrx_word' id='word_1_368' title='bbox 1090 1533 1235 1568; x_wconf 90' lang='lat' dir='ltr'><strong>AEneid.</strong></span> <span class='ocrx_word' id='word_1_369' title='bbox 1259 1534 1293 1568; x_wconf 92' lang='lat' dir='ltr'>X</span> <span class='ocrx_word' id='word_1_370' title='bbox 1307 1560 1316 1578; x_wconf 89' lang='lat'>‚</span> <span class='ocrx_word' id='word_1_371' title='bbox 1350 1534 1410 1582; x_wconf 75' lang='lat'><strong>¹89</strong></span> <span class='ocrx_word' id='word_1_372' title='bbox 1427 1561 1436 1579; x_wconf 91' lang='lat'>,</span> <span class='ocrx_word' id='word_1_373' title='bbox 1466 1534 1587 1580; x_wconf 84' lang='lat' dir='ltr'><strong>ibique</strong></span> 
     </span>
     <span class='ocr_line' id='line_1_66' title="bbox 897 1585 1586 1633; baseline 0.001 -14"><span class='ocrx_word' id='word_1_374' title='bbox 897 1585 1095 1633; x_wconf 86' lang='lat' dir='ltr'><strong>Heynium.</strong></span> <span class='ocrx_word' id='word_1_375' title='bbox 1112 1585 1270 1620; x_wconf 87' lang='lat' dir='ltr'><strong>Lactant.</strong></span> <span class='ocrx_word' id='word_1_376' title='bbox 1297 1585 1444 1632; x_wconf 85' lang='lat' dir='ltr'><strong>Argum.</strong></span> <span class='ocrx_word' id='word_1_377' title='bbox 1461 1585 1586 1620; x_wconf 83' lang='lat' dir='ltr'><strong>sabulae</strong></span> 
     </span>
     <span class='ocr_line' id='line_1_67' title="bbox 896 1638 1586 1685; baseline 0 -11"><span class='ocrx_word' id='word_1_378' title='bbox 896 1646 1079 1674; x_wconf 82' lang='lat' dir='ltr'><strong>auctorem</strong></span> <span class='ocrx_word' id='word_1_379' title='bbox 1092 1639 1175 1674; x_wconf 88' lang='lat' dir='ltr'><strong>sacit</strong></span> <span class='ocrx_word' id='word_1_380' title='bbox 1187 1639 1405 1674; x_wconf 87' lang='lat' dir='ltr'><strong>Phanoclem</strong></span> <span class='ocrx_word' id='word_1_381' title='bbox 1419 1639 1457 1674; x_wconf 91' lang='lat' dir='ltr'><strong>in</strong></span> <span class='ocrx_word' id='word_1_382' title='bbox 1472 1638 1586 1685; x_wconf 85' lang='lat' dir='ltr'><strong>Cupi-</strong></span> 
     </span>
     <span class='ocr_line' id='line_1_68' title="bbox 896 1682 1588 1739; baseline -0.001 -13"><span class='ocrx_word' id='word_1_383' title='bbox 896 1691 1049 1726; x_wconf 88' lang='lat' dir='ltr'><strong>dinibus.</strong></span> <span class='ocrx_word' id='word_1_384' title='bbox 1077 1692 1217 1737; x_wconf 85' lang='lat' dir='ltr'><strong>Nempe</strong></span> <span class='ocrx_word' id='word_1_385' title='bbox 1236 1691 1294 1726; x_wconf 87' lang='lat' dir='ltr'><strong>ille</strong></span> <span class='ocrx_word' id='word_1_386' title='bbox 1319 1691 1435 1737; x_wconf 85' lang='lat' dir='ltr'><strong>elegos</strong></span> <span class='ocrx_word' id='word_1_387' title='bbox 1455 1682 1588 1739; x_wconf 65' lang='grc' dir='ltr'><strong>ἐρώτων</strong></span> 
     </span>
     <span class='ocr_line' id='line_1_69' title="bbox 897 1743 1590 1790; baseline 0 -11"><span class='ocrx_word' id='word_1_388' title='bbox 897 1744 1045 1780; x_wconf 89' lang='lat' dir='ltr'><strong>nomine</strong></span> <span class='ocrx_word' id='word_1_389' title='bbox 1055 1744 1258 1790; x_wconf 87' lang='lat' dir='ltr'><strong>scripserat,</strong></span> <span class='ocrx_word' id='word_1_390' title='bbox 1270 1743 1313 1778; x_wconf 88' lang='lat' dir='ltr'><strong>de</strong></span> <span class='ocrx_word' id='word_1_391' title='bbox 1323 1744 1449 1788; x_wconf 88' lang='lat' dir='ltr'><strong>quibus</strong></span> <span class='ocrx_word' id='word_1_392' title='bbox 1462 1743 1590 1779; x_wconf 77' lang='lat' dir='ltr'><strong>Heins-</strong></span> 
     </span>
     <span class='ocr_line' id='line_1_70' title="bbox 897 1794 1587 1839; baseline -0.003 -8"><span class='ocrx_word' id='word_1_393' title='bbox 897 1803 934 1831; x_wconf 90' lang='lat' dir='ltr'><strong>et</strong></span> <span class='ocrx_word' id='word_1_394' title='bbox 953 1797 1078 1831; x_wconf 90' lang='lat' dir='ltr'><strong>Burm.</strong></span> <span class='ocrx_word' id='word_1_395' title='bbox 1097 1795 1138 1830; x_wconf 92' lang='lat' dir='ltr'><strong>ad</strong></span> <span class='ocrx_word' id='word_1_396' title='bbox 1161 1796 1214 1839; x_wconf 90' lang='lat' dir='ltr'><strong>X,</strong></span> <span class='ocrx_word' id='word_1_397' title='bbox 1234 1796 1286 1830; x_wconf 86' lang='lat'><strong>83.</strong></span> <span class='ocrx_word' id='word_1_398' title='bbox 1317 1794 1448 1829; x_wconf 84' lang='lat' dir='ltr'><strong>Addita</strong></span> <span class='ocrx_word' id='word_1_399' title='bbox 1466 1802 1587 1829; x_wconf 88' lang='lat' dir='ltr'><strong>autem</strong></span> 
     </span>
     <span class='ocr_line' id='line_1_71' title="bbox 897 1847 1588 1893; baseline -0.003 -8"><span class='ocrx_word' id='word_1_400' title='bbox 897 1850 972 1885; x_wconf 83' lang='lat' dir='ltr'><strong>haec</strong></span> <span class='ocrx_word' id='word_1_401' title='bbox 993 1857 1077 1884; x_wconf 88' lang='lat' dir='ltr'><strong>sunt</strong></span> <span class='ocrx_word' id='word_1_402' title='bbox 1096 1848 1191 1883; x_wconf 90' lang='lat' dir='ltr'><strong>haud</strong></span> <span class='ocrx_word' id='word_1_403' title='bbox 1209 1847 1314 1882; x_wconf 91' lang='lat' dir='ltr'><strong>dubie</strong></span> <span class='ocrx_word' id='word_1_404' title='bbox 1328 1848 1500 1893; x_wconf 86' lang='lat' dir='ltr'><strong>superiori</strong></span> <span class='ocrx_word' id='word_1_405' title='bbox 1518 1849 1588 1883; x_wconf 86' lang='lat' dir='ltr'><strong>sab.</strong></span> 
     </span>
     <span class='ocr_line' id='line_1_72' title="bbox 898 1899 1587 1948; baseline -0.003 -11"><span class='ocrx_word' id='word_1_406' title='bbox 898 1909 1087 1948; x_wconf 85' lang='lat' dir='ltr'><strong>postquam</strong></span> <span class='ocrx_word' id='word_1_407' title='bbox 1107 1900 1283 1935; x_wconf 87' lang='lat' dir='ltr'><strong>Eridanus</strong></span> <span class='ocrx_word' id='word_1_408' title='bbox 1309 1914 1374 1946; x_wconf 92' lang='lat' dir='ltr'><strong>pro</strong></span> <span class='ocrx_word' id='word_1_409' title='bbox 1391 1899 1490 1938; x_wconf 80' lang='lat' dir='ltr'><strong>Pado</strong></span> <span class='ocrx_word' id='word_1_410' title='bbox 1514 1900 1587 1935; x_wconf 88' lang='lat' dir='ltr'><strong>ha·-</strong></span> 
     </span>
     <span class='ocr_line' id='line_1_73' title="bbox 898 1952 1587 1999; baseline -0.003 -11"><span class='ocrx_word' id='word_1_411' title='bbox 898 1954 975 1988; x_wconf 91' lang='lat' dir='ltr'><strong>beri</strong></span> <span class='ocrx_word' id='word_1_412' title='bbox 997 1953 1111 1999; x_wconf 86' lang='lat' dir='ltr'><strong>coepit.</strong></span> <span class='ocrx_word' id='word_1_413' title='bbox 1131 1953 1319 1988; x_wconf 88' lang='lat' dir='ltr'><strong>Pausanias</strong></span> <span class='ocrx_word' id='word_1_414' title='bbox 1341 1952 1447 1987; x_wconf 82' lang='lat' dir='ltr'><strong>Attic.</strong></span> <span class='ocrx_word' id='word_1_415' title='bbox 1468 1965 1501 1998; x_wconf 88' lang='lat' dir='ltr'><strong>p.</strong></span> <span class='ocrx_word' id='word_1_416' title='bbox 1521 1953 1563 1999; x_wconf 80' lang='lat'><strong>76</strong></span> <span class='ocrx_word' id='word_1_417' title='bbox 1576 1979 1587 1996; x_wconf 90' lang='lat'>,</span> 
     </span>
     <span class='ocr_line' id='line_1_74' title="bbox 899 2004 1587 2053; baseline -0.004 -12"><span class='ocrx_word' id='word_1_418' title='bbox 899 2006 997 2041; x_wconf 84' lang='lat' dir='ltr'><strong>facile</strong></span> <span class='ocrx_word' id='word_1_419' title='bbox 1013 2019 1050 2040; x_wconf 93' lang='lat' dir='ltr'><strong>se</strong></span> <span class='ocrx_word' id='word_1_420' title='bbox 1065 2005 1209 2040; x_wconf 88' lang='lat' dir='ltr'><strong>credere</strong></span> <span class='ocrx_word' id='word_1_421' title='bbox 1224 2005 1290 2049; x_wconf 83' lang='lat' dir='ltr'><strong>ait,</strong></span> <span class='ocrx_word' id='word_1_422' title='bbox 1316 2004 1482 2053; x_wconf 82' lang='lat' dir='ltr'><strong>Cycnum</strong></span> <span class='ocrx_word' id='word_1_423' title='bbox 1494 2030 1504 2048; x_wconf 83' lang='lat'>‚</span> <span class='ocrx_word' id='word_1_424' title='bbox 1523 2004 1587 2039; x_wconf 89' lang='lat' dir='ltr'><strong>Li-</strong></span> 
     </span>
     <span class='ocr_line' id='line_1_75' title="bbox 900 2056 1586 2103; baseline -0.003 -11"><span class='ocrx_word' id='word_1_425' title='bbox 900 2070 1028 2103; x_wconf 88' lang='lat' dir='ltr'><strong>gurum</strong></span> <span class='ocrx_word' id='word_1_426' title='bbox 1045 2070 1167 2102; x_wconf 83' lang='lat' dir='ltr'><strong>regem</strong></span> <span class='ocrx_word' id='word_1_427' title='bbox 1179 2084 1188 2101; x_wconf 92' lang='lat'>,</span> <span class='ocrx_word' id='word_1_428' title='bbox 1217 2057 1349 2092; x_wconf 90' lang='lat' dir='ltr'><strong>musica</strong></span> <span class='ocrx_word' id='word_1_429' title='bbox 1365 2056 1561 2091; x_wconf 87' lang='lat' dir='ltr'><strong>excelluisse</strong></span> <span class='ocrx_word' id='word_1_430' title='bbox 1575 2084 1586 2100; x_wconf 89' lang='lat'>‚</span> 
     </span>
     <span class='ocr_line' id='line_1_76' title="bbox 900 2110 1588 2157; baseline -0.004 -11"><span class='ocrx_word' id='word_1_431' title='bbox 900 2110 961 2146; x_wconf 89' lang='lat' dir='ltr'><strong>sed</strong></span> <span class='ocrx_word' id='word_1_432' title='bbox 979 2110 1146 2146; x_wconf 89' lang='lat' dir='ltr'><strong>eumdem</strong></span> <span class='ocrx_word' id='word_1_433' title='bbox 1161 2117 1239 2157; x_wconf 88' lang='lat' dir='ltr'><strong>post</strong></span> <span class='ocrx_word' id='word_1_434' title='bbox 1254 2116 1408 2145; x_wconf 88' lang='lat' dir='ltr'><strong>mortem</strong></span> <span class='ocrx_word' id='word_1_435' title='bbox 1425 2110 1466 2144; x_wconf 84' lang='lat' dir='ltr'><strong>ab</strong></span> <span class='ocrx_word' id='word_1_436' title='bbox 1481 2110 1588 2156; x_wconf 89' lang='lat' dir='ltr'><strong>Apol-</strong></span> 
     </span>
     <span class='ocr_line' id='line_1_77' title="bbox 900 2163 1588 2211; baseline -0.003 -12"><span class='ocrx_word' id='word_1_437' title='bbox 900 2165 972 2199; x_wconf 90' lang='lat' dir='ltr'><strong>line</strong></span> <span class='ocrx_word' id='word_1_438' title='bbox 1000 2165 1038 2199; x_wconf 89' lang='lat' dir='ltr'><strong>in</strong></span> <span class='ocrx_word' id='word_1_439' title='bbox 1062 2177 1164 2199; x_wconf 86' lang='lat' dir='ltr'><strong>avem</strong></span> <span class='ocrx_word' id='word_1_440' title='bbox 1202 2163 1366 2211; x_wconf 79' lang='lat' dir='ltr'><strong>Cycnum</strong></span> <span class='ocrx_word' id='word_1_441' title='bbox 1394 2177 1466 2198; x_wconf 88' lang='lat' dir='ltr'><strong>esse</strong></span> <span class='ocrx_word' id='word_1_442' title='bbox 1503 2176 1588 2198; x_wconf 88' lang='lat' dir='ltr'><strong>mu-</strong></span> 
     </span>
     <span class='ocr_line' id='line_1_78' title="bbox 901 2217 1587 2252; baseline -0.003 0"><span class='ocrx_word' id='word_1_443' title='bbox 901 2224 1014 2252; x_wconf 85' lang='lat' dir='ltr'><strong>tatum</strong></span> <span class='ocrx_word' id='word_1_444' title='bbox 1028 2230 1064 2252; x_wconf 93' lang='lat' dir='ltr'><strong>se</strong></span> <span class='ocrx_word' id='word_1_445' title='bbox 1079 2230 1154 2252; x_wconf 91' lang='lat' dir='ltr'><strong>non</strong></span> <span class='ocrx_word' id='word_1_446' title='bbox 1171 2217 1328 2251; x_wconf 89' lang='lat' dir='ltr'><strong>credere.</strong></span> <span class='ocrx_word' id='word_1_447' title='bbox 1345 2217 1391 2251; x_wconf 92' lang='lat' dir='ltr'><strong>Et</strong></span> <span class='ocrx_word' id='word_1_448' title='bbox 1407 2223 1479 2251; x_wconf 84' lang='lat' dir='ltr'><strong>tam</strong></span> <span class='ocrx_word' id='word_1_449' title='bbox 1496 2229 1587 2250; x_wconf 88' lang='lat' dir='ltr'><strong>mu·-</strong></span> 
     </span>
     <span class='ocr_line' id='line_1_79' title="bbox 900 2269 1589 2316; baseline -0.004 -11"><span class='ocrx_word' id='word_1_450' title='bbox 900 2270 981 2315; x_wconf 89' lang='lat' dir='ltr'><strong>sici,</strong></span> <span class='ocrx_word' id='word_1_451' title='bbox 1002 2283 1109 2316; x_wconf 89' lang='lat' dir='ltr'><strong>quam</strong></span> <span class='ocrx_word' id='word_1_452' title='bbox 1121 2277 1233 2315; x_wconf 82' lang='lat' dir='ltr'><strong>poetae</strong></span> <span class='ocrx_word' id='word_1_453' title='bbox 1246 2295 1255 2312; x_wconf 90' lang='lat'>‚</span> <span class='ocrx_word' id='word_1_454' title='bbox 1270 2282 1352 2304; x_wconf 89' lang='lat' dir='ltr'><strong>cum</strong></span> <span class='ocrx_word' id='word_1_455' title='bbox 1365 2269 1482 2316; x_wconf 81' lang='lat' dir='ltr'><strong>cycnis</strong></span> <span class='ocrx_word' id='word_1_456' title='bbox 1494 2281 1589 2302; x_wconf 78' lang='lat' dir='ltr'><strong>com-</strong></span> 
     </span>
     <span class='ocr_line' id='line_1_80' title="bbox 900 2321 1586 2369; baseline -0.006 -11"><span class='ocrx_word' id='word_1_457' title='bbox 900 2323 1013 2369; x_wconf 83' lang='lat' dir='ltr'><strong>parari</strong></span> <span class='ocrx_word' id='word_1_458' title='bbox 1023 2323 1182 2359; x_wconf 87' lang='lat' dir='ltr'><strong>solebant</strong></span> <span class='ocrx_word' id='word_1_459' title='bbox 1195 2336 1202 2357; x_wconf 89' lang='lat'>:</span> <span class='ocrx_word' id='word_1_460' title='bbox 1214 2323 1341 2358; x_wconf 87' lang='lat' dir='ltr'><strong>Horat.</strong></span> <span class='ocrx_word' id='word_1_461' title='bbox 1356 2323 1422 2366; x_wconf 88' lang='lat' dir='ltr'><strong>IV,</strong></span> <span class='ocrx_word' id='word_1_462' title='bbox 1440 2321 1510 2356; x_wconf 91' lang='lat' dir='ltr'><strong>Od.</strong></span> <span class='ocrx_word' id='word_1_463' title='bbox 1522 2332 1567 2355; x_wconf 90' lang='lat'><strong>111</strong></span> <span class='ocrx_word' id='word_1_464' title='bbox 1576 2347 1586 2364; x_wconf 90' lang='lat'>‚</span> 
     </span>
     <span class='ocr_line' id='line_1_81' title="bbox 901 2375 1590 2422; baseline -0.004 -12"><span class='ocrx_word' id='word_1_465' title='bbox 901 2379 955 2411; x_wconf 88' lang='lat'><strong>25.</strong></span> <span class='ocrx_word' id='word_1_466' title='bbox 968 2375 1068 2411; x_wconf 89' lang='lat' dir='ltr'><strong>Alius</strong></span> <span class='ocrx_word' id='word_1_467' title='bbox 1082 2377 1214 2422; x_wconf 83' lang='lat' dir='ltr'><strong>Cycnus</strong></span> <span class='ocrx_word' id='word_1_468' title='bbox 1226 2375 1298 2410; x_wconf 91' lang='lat' dir='ltr'>XII</span> <span class='ocrx_word' id='word_1_469' title='bbox 1312 2402 1321 2419; x_wconf 86' lang='lat'>‚</span> <span class='ocrx_word' id='word_1_470' title='bbox 1337 2389 1376 2420; x_wconf 89' lang='lat'><strong>72</strong></span> <span class='ocrx_word' id='word_1_471' title='bbox 1388 2401 1397 2418; x_wconf 88' lang='lat'>‚</span> <span class='ocrx_word' id='word_1_472' title='bbox 1414 2386 1590 2408; x_wconf 88' lang='lat' dir='ltr'><strong>memora-</strong></span> 
     </span>
     <span class='ocr_line' id='line_1_82' title="bbox 903 2427 1590 2465; baseline -0.006 -1"><span class='ocrx_word' id='word_1_473' title='bbox 903 2437 972 2465; x_wconf 90' lang='lat' dir='ltr'><strong>tur.</strong></span> <span class='ocrx_word' id='word_1_474' title='bbox 982 2448 1028 2456; x_wconf 90' lang='lat'><strong>·-</strong></span> <span class='ocrx_word' id='word_1_475' title='bbox 1040 2432 1132 2464; x_wconf 82' lang='lat' dir='ltr'><strong>Huic</strong></span> <span class='ocrx_word' id='word_1_476' title='bbox 1141 2434 1299 2463; x_wconf 81' lang='lat' dir='ltr'><strong>monstro.</strong></span> <span class='ocrx_word' id='word_1_477' title='bbox 1312 2428 1406 2462; x_wconf 89' lang='lat' dir='ltr'><strong>Huic</strong></span> <span class='ocrx_word' id='word_1_478' title='bbox 1419 2427 1590 2462; x_wconf 79' lang='lat' dir='ltr'><strong>transfor-</strong></span> 
     </span>
     <span class='ocr_line' id='line_1_83' title="bbox 901 2480 1590 2524; baseline -0.003 -7"><span class='ocrx_word' id='word_1_479' title='bbox 901 2482 1072 2524; x_wconf 89' lang='lat' dir='ltr'><strong>mationi;</strong></span> <span class='ocrx_word' id='word_1_480' title='bbox 1091 2495 1176 2516; x_wconf 91' lang='lat' dir='ltr'><strong>nam</strong></span> <span class='ocrx_word' id='word_1_481' title='bbox 1195 2485 1378 2516; x_wconf 79' lang='lat' dir='ltr'><strong>monstrum</strong></span> <span class='ocrx_word' id='word_1_482' title='bbox 1394 2480 1510 2515; x_wconf 90' lang='lat' dir='ltr'><strong>omnis</strong></span> <span class='ocrx_word' id='word_1_483' title='bbox 1532 2493 1590 2515; x_wconf 82' lang='lat' dir='ltr'><strong>res</strong></span> 
     </span>
     <span class='ocr_line' id='line_1_84' title="bbox 902 2535 1593 2581; baseline -0.004 -9"><span class='ocrx_word' id='word_1_484' title='bbox 902 2545 1099 2572; x_wconf 87' lang='lat' dir='ltr'><strong>monstrosa</strong></span> <span class='ocrx_word' id='word_1_485' title='bbox 1111 2543 1170 2571; x_wconf 89' lang='lat' dir='ltr'><strong>aut</strong></span> <span class='ocrx_word' id='word_1_486' title='bbox 1181 2536 1281 2570; x_wconf 82' lang='lat' dir='ltr'><strong>mira.</strong></span> <span class='ocrx_word' id='word_1_487' title='bbox 1298 2535 1438 2571; x_wconf 84' lang='lat' dir='ltr'><strong>Adstitit</strong></span> <span class='ocrx_word' id='word_1_488' title='bbox 1451 2536 1486 2570; x_wconf 91' lang='lat' dir='ltr'><strong>in</strong></span> <span class='ocrx_word' id='word_1_489' title='bbox 1504 2535 1593 2581; x_wconf 87' lang='lat' dir='ltr'><strong>ripis.</strong></span> 
     </span>
     <span class='ocr_line' id='line_1_85' title="bbox 903 2588 1590 2635; baseline -0.003 -11"><span class='ocrx_word' id='word_1_490' title='bbox 903 2589 1051 2624; x_wconf 88' lang='lat' dir='ltr'><strong>Eridani</strong></span> <span class='ocrx_word' id='word_1_491' title='bbox 1066 2588 1228 2635; x_wconf 82' lang='lat' dir='ltr'><strong>Cycnus,</strong></span> <span class='ocrx_word' id='word_1_492' title='bbox 1248 2588 1538 2635; x_wconf 47' lang='lat' dir='ltr'><strong>quumIHeliades</strong></span> <span class='ocrx_word' id='word_1_493' title='bbox 1550 2589 1590 2622; x_wconf 88' lang='lat' dir='ltr'><strong>in</strong></span> 
     </span>
     <span class='ocr_line' id='line_1_86' title="bbox 903 2642 1585 2682; baseline -0.003 -5"><span class='ocrx_word' id='word_1_494' title='bbox 903 2642 1045 2677; x_wconf 89' lang='lat' dir='ltr'><strong>arbores</strong></span> <span class='ocrx_word' id='word_1_495' title='bbox 1062 2648 1298 2676; x_wconf 86' lang='lat' dir='ltr'><strong>mutarentur.</strong></span> <span class='ocrx_word' id='word_1_496' title='bbox 1314 2661 1359 2668; x_wconf 88' lang='lat'><strong>—</strong></span> <span class='ocrx_word' id='word_1_497' title='bbox 1376 2643 1585 2682; x_wconf 72' lang='lat' dir='ltr'><strong>Stheneleia,</strong></span> 
     </span>
     <span class='ocr_line' id='line_1_87' title="bbox 903 2693 1590 2740; baseline -0.003 -11"><span class='ocrx_word' id='word_1_498' title='bbox 903 2694 1086 2730; x_wconf 82' lang='lat' dir='ltr'><strong>Sthenelei</strong></span> <span class='ocrx_word' id='word_1_499' title='bbox 1103 2693 1204 2728; x_wconf 86' lang='lat' dir='ltr'><strong>filius.</strong></span> <span class='ocrx_word' id='word_1_500' title='bbox 1219 2694 1357 2740; x_wconf 85' lang='lat' dir='ltr'><strong>Regem</strong></span> <span class='ocrx_word' id='word_1_501' title='bbox 1372 2694 1522 2740; x_wconf 82' lang='lat' dir='ltr'><strong>Liguriae</strong></span> <span class='ocrx_word' id='word_1_502' title='bbox 1535 2706 1590 2728; x_wconf 86' lang='lat' dir='ltr'><strong>co-</strong></span> 
     </span>
     <span class='ocr_line' id='line_1_88' title="bbox 904 2746 1589 2795; baseline -0.001 -13"><span class='ocrx_word' id='word_1_503' title='bbox 904 2754 1052 2793; x_wconf 86' lang='lat' dir='ltr'><strong>gnatum</strong></span> <span class='ocrx_word' id='word_1_504' title='bbox 1071 2746 1176 2783; x_wconf 79' lang='lat' dir='ltr'><strong>fuisse</strong></span> <span class='ocrx_word' id='word_1_505' title='bbox 1193 2747 1325 2795; x_wconf 86' lang='lat' dir='ltr'><strong>reginae</strong></span> <span class='ocrx_word' id='word_1_506' title='bbox 1352 2746 1564 2793; x_wconf 84' lang='lat' dir='ltr'><strong>AEthiopum</strong></span> <span class='ocrx_word' id='word_1_507' title='bbox 1578 2772 1589 2790; x_wconf 92' lang='lat'>,</span> 
     </span>
    </p>
   </div>
  </div>
 </body>
</html>
