1832 3100
335 210 1047 256 METAMORPHOSEON
1083 215 1217 258 LIB.
1257 215 1376 260 VII.

1474 219 1559 281 527

142 329 166 349 >³
194 305 326 355 Dicta
349 305 435 354 sub
459 303 687 371 amplexus
711 303 884 366 AEginae
909 306 1136 372 Asopidos
1158 308 1271 365 isse;

144 407 168 428 >²
192 386 286 434 Nec
308 395 379 442 te,
399 399 556 446 magne
579 393 706 448 pater
720 420 732 440 ‚
757 382 899 430 nostri
921 383 1062 449 pudet
1083 404 1176 434 esse
1196 399 1422 451 parentem
1442 408 1451 446 ;

144 484 170 505 ³»
196 463 287 511 Aut
308 451 418 510 mihi
439 460 572 510 redde
589 479 714 510 meos
730 498 741 518 ‚
765 473 843 509 aut
860 479 928 509 me
948 480 1125 528 quoque
1145 464 1282 512 conde
1298 465 1514 532 sepulcro.
1542 490 1563 509 »

143 538 394 588 llle'notam
417 538 591 602 fulgore
616 539 764 598 dedit,
792 539 1049 606 tonitruque
1075 541 1283 589 secundo.

149 639 172 660 «
195 615 384 683 Accipio
399 653 411 674 ‚
439 616 618 683 sintque
640 616 725 665 ista
743 635 901 682 precor
922 616 1064 666 felicia
1086 618 1245 666 mentis

1506 636 1571 669 6:20

149 717 172 737 »ι
198 693 335 758 Signa
360 705 469 751 tuae,
492 693 583 742 dixi
603 714 612 741 :
636 694 755 761 quod
780 694 857 743 das
878 695 1015 753 mihi,
1040 696 1276 762 pigneror,
1305 717 1447 746 omen.
1475 722 1496 742 »

184 828 187 831 ,
215 794 238 815 »
265 773 400 820 Forte
418 771 504 820 fuit
520 771 645 837 juxta
668 772 831 839 patulis
853 773 1074 822 rarissima
1096 776 1252 834 ramis,

145 850 277 898 Sacra
295 850 426 908 Jovi,
454 869 642 916 quercus
670 851 723 899 de
748 851 912 900 semine
937 852 1183 901 Dodonaeo.

146 928 232 977 Hic
256 948 340 977 nos
363 928 602 993 frugilegas
627 929 907 996 adspeximus
930 930 1101 993 agmine
1125 930 1262 993 longo

150 1010 328 1060 Grande
351 1031 464 1061 onus
487 1012 648 1075 exiguo
673 1011 878 1061 formicas
905 1031 980 1060 ore
1007 1025 1206 1076 gerentes
1222 1051 1233 1071 ,

150 1163 281 1200 Codice
299 1164 492 1208 Vaticano,
510 1165 643 1210 profert
656 1190 666 1208 ,
686 1167 754 1198 isse
764 1166 826 1198 sub

145 1218 320 1260 amplexus
325 1218 456 1261 AEginae
465 1218 635 1261 Asopides
640 1219 759 1261 ignem.
770 1215 826 1251 Cf.

149 1269 202 1304 Vl
213 1294 223 1312 ,
245 1283 258 1304 1
268 1269 306 1303 13
317 1294 328 1314 ‚
347 1267 406 1303 ubi
417 1268 560 1315 Jupiter
571 1270 726 1314 Asopida
741 1271 830 1303 ludit

147 1325 263 1367 igneus
274 1348 283 1362 ‚
304 1334 366 1357 seu
375 1347 384 1365 ,
395 1322 432 1357 in
444 1322 564 1367 ignem
576 1335 773 1358 conversus.
786 1325 828 1357 In

149 1377 325 1419 amplexus
339 1377 388 1409 ire
406 1381 458 1410 est
474 1375 548 1420 XI,
567 1377 640 1411 228.
658 1394 703 1401 --
714 1377 821 1416 Nota,

149 1426 300 1472 signum.
312 1446 357 1453 —
366 1429 509 1472 Fulgore
523 1454 532 1469 ,
557 1427 700 1474 fulgoris
711 1427 829 1472 splen-

151 1478 247 1515 dore.
264 1481 331 1515 Ed.
352 1499 395 1507 -
421 1481 623 1526 Tonitruque
651 1482 797 1515 secundo
814 1492 826 1523 ;

150 1545 262 1578 quum
279 1532 423 1578 quidam
438 1531 590 1568 habeant
613 1537 832 1579 tonitrumque

149 1587 329 1619 secundum
345 1612 354 1624 ‚
389 1585 556 1621 Heinsius
581 1586 688 1620 etiam
693 1585 831 1630 fulgore

102 1651 110 1661 ν
150 1644 266 1672 mutat
291 1637 328 1672 in
345 1637 491 1684 fulgur,
518 1645 558 1673 ut
581 1639 624 1673 sit
648 1639 829 1685 oppositio.

149 1689 259 1729 Duo,
289 1689 496 1736 tonitrusque
519 1693 684 1726 secundos
704 1718 713 1732 ‚
743 1704 830 1736 quos

146 1741 380 1779 Burmannus
397 1744 488 1790 capit
512 1744 567 1779 vel
588 1743 632 1779 de
657 1744 776 1779 faustis
795 1751 831 1779 et

148 1796 346 1831 faventibus
358 1822 368 1840 ,
381 1796 436 1831 vel
448 1796 588 1842 proprie
600 1796 643 1831 de
656 1797 829 1842 repetitis:

149 1860 224 1884 non
235 1849 347 1891 ,enim
373 1849 546 1884 suffecisse
574 1861 688 1883 unum
713 1862 831 1894 augu—

150 1900 244 1936 rium
257 1927 267 1944 ‚
285 1900 352 1935 nisi
369 1900 641 1935 confirmaretur
658 1914 698 1935 ex
716 1901 831 1936 simili.

150 1952 306 1998 —Regii
318 1952 429 1988 nostri
442 1952 571 1987 habent
580 1955 766 1997 tonitruque
777 1965 834 1987 se-

151 2006 263 2040 cundo
275 2032 284 2046 ‚
307 2011 344 2040 et
364 2005 482 2040 nescio
502 2017 546 2039 an
565 2005 641 2050 quis
662 2012 755 2039 recte
773 2017 833 2040 re·-

153 2057 286 2103 ceperit
310 2057 476 2092 lectiones
507 2070 592 2102 quas
619 2057 763 2103 protulit
790 2058 832 2092 cl.

159 2113 278 2156 Gis-rig
299 2122 340 2145 ex
365 2110 515 2145 Heinsio
535 2117 571 2145 et
592 2110 802 2145 Burmanno
822 2126 831 2154 ;

154 2163 334 2199 dicebatur
343 2163 488 2210 quidem
500 2167 698 2208 tonitruum;
708 2165 767 2199 sed
781 2170 834 2199 to-

154 2219 276 2250 nitrum
292 2222 328 2250 et
339 2218 480 2250 tonitrus
493 2216 527 2250 in
541 2216 665 2261 plurali
680 2228 833 2251 numero

154 2267 337 2313 plusquam
347 2274 505 2313 suspecta
516 2269 682 2303 vocabula
695 2269 833 2315 opinor.

155 2323 220 2356 Ed.
235 2339 280 2348 —-
295 2322 479 2356 Secundum
488 2334 500 2365 ‚-
517 2321 610 2366 quod
629 2321 835 2357 audiebatur

154 2387 172 2407 e
189 2374 327 2408 sinistra
341 2374 456 2409 sereni
473 2374 544 2409 caeti
564 2381 673 2419 parte.
690 2374 766 2408 Tali
786 2381 835 2408 to·

156 2424 251 2461 nitru
274 2426 418 2472 Jupiter
442 2426 681 2472 significabat,
698 2440 734 2461 se
761 2440 833 2462 esse

155 2485 337 2513 exoratum
349 2480 495 2514 :conser-
504 2480 698 2523 Homerus,
708 2479 836 2526 Odyss.

157 2536 179 2565 Υ
192 2556 202 2574 ,
221 2543 281 2565 102
296 2531 501 2577 ;Virgilius‚
518 2531 730 2575 AEneid.11,
748 2532 811 2580 692
823 2559 832 2576 ‚

157 2583 273 2629 ibique
290 2583 441 2620 Servius.
456 2604 500 2613 ·-
510 2589 653 2631 Accipio
666 2597 677 2628 ,·
694 2599 759 2621 vox
771 2600 831 2621 eo-

158 2651 238 2672 rum
255 2639 314 2684 qui
330 2652 366 2674 se
384 2639 585 2675 indicabant
602 2641 697 2675 bono
715 2642 834 2677 omine

158 2691 274 2726 oblato
290 2691 408 2726 laetari.
424 2711 468 2718 —-
485 2694 644 2737 pigneror
659 2721 666 2733 ‚
694 2706 759 2738 pro
774 2694 836 2739 pi-

159 2755 266 2786 gnore
284 2744 538 2780 benevolentiae
558 2752 626 2780 tuae
645 2745 769 2780 habeo.
792 2763 837 2771 —-

1510 1030 1576 1064 625

894 1164 1025 1210 Regius
1043 1164 1074 1199 A
1098 1165 1193 1199 hunc
1215 1178 1355 1200 versum
1381 1167 1427 1201 ita
1445 1166 1550 1203 habet
1570 1182 1576 1203 :

892 1230 964 1262 qua·
975 1219 1039 1251 dos
1047 1219 1294 1262 mffiipignora,
1312 1232 1441 1253 numen.
1455 1218 1577 1255 Codex

894 1269 924 1304 B
944 1296 953 1313 ,
987 1271 1079 1315 quod
1104 1272 1168 1303 das
1191 1273 1278 1304 nubi
1296 1274 1449 1316 pIgnoris
1474 1287 1578 1307 omen.

895 1321 1046 1366 Vulgata
1054 1322 1157 1356 lectio
1167 1336 1249 1356 vera
1260 1323 1398 1357 videtur
1409 1338 1416 1364 ;
1428 1323 1474 1358 sic
1487 1325 1577 1369 apud

899 1371 1124 1418 Ciceronem,
1135 1374 1284 1420 Philipp.
1298 1375 1399 1419 XIV,
1412 1389 1448 1409 12
1460 1388 1468 1410 :
1479 1378 1577 1410 Mors

895 1429 967 1470 ipse
982 1428 1017 1460 in
1032 1430 1106 1460 acie
1112 1425 1339 1470 fortissimum
1356 1440 1512 1472 quemque
1521 1432 1581 1473 pi—

893 1482 1133 1523 gnerarisolet.
1149 1479 1242 1515 Vide
1258 1480 1416 1515 Nonium
1431 1507 1439 1525 ,
1457 1481 1493 1515 in
1506 1494 1580 1516 voc.

890 1535 1087 1576 pljgnerarly·
1108 1539 1144 1566 et
1167 1532 1246 1567 Aul.
1264 1532 1421 1567 Gellium
1441 1559 1450 1577 ,
1478 1533 1579 1568 Noct.

898 1582 1005 1617 Attie.
1022 1583 1174 1627 XVIII,
1197 1598 1245 1618 12.
1262 1585 1329 1617 Ed.

941 1636 1018 1669 622.
1028 1637 1224 1670 Rarissima
1272 1638 1454 1672 Dodonaeo.
1465 1637 1499 1682 Q
1506 1651 1582 1672 uer-

898 1700 958 1722 cus
983 1689 1166 1722 Dodona-o.-
1194 1697 1295 1723 erant
1319 1690 1554 1725 celeberrimae
1572 1718 1580 1735 ‚

897 1740 958 1775 sed
974 1740 1012 1775 in
1028 1741 1140 1776 insula
1157 1742 1286 1786 AEgina
1302 1746 1495 1778 rarissima.
1523 1744 1581 1779 Sic

899 1794 1030 1838 Regius
1041 1801 1075 1828 et
1085 1795 1283 1828 Burmann.
1295 1794 1472 1829 Arborem
1485 1796 1582 1830 enim

892 1849 1023 1890 patulis
1038 1849 1142 1880 ramis
1158 1847 1306 1880 minime
1320 1846 1386 1881 dici
1405 1860 1502 1892 posse
1515 1861 1583 1894 pu-

899 1905 976 1932 tant
985 1911 1106 1933 raram.
1125 1898 1254 1934 Monet
1269 1911 1375 1944 porro
1394 1900 1582 1935 Burman—r

899 1962 966 1984 nus
983 1962 1081 1995 posse
1098 1957 1134 1984 et
1150 1953 1342 1985 clarissima
1363 1951 1441 1997 legi.
1467 1952 1583 1986 Hein—

899 2003 968 2038 sius
985 2010 1152 2047 suaserat,
1163 2006 1343 2039 latissima.
1359 2004 1390 2038 E
1401 2005 1581 2047 vers.63f5‚

900 2055 1039 2103 colligas
1053 2083 1062 2100 ,
1080 2064 1222 2102 poetam
1239 2070 1409 2102 quercum
1425 2058 1583 2103 plurimis

899 2109 1006 2144 ramis
1020 2109 1174 2144 indicare
1186 2109 1345 2145 voluisse.
1355 2111 1473 2156 Atque
1485 2112 1584 2157 plura

901 2171 1091 2199 occurrunt
1108 2164 1182 2199 loca
1196 2191 1206 2208 ,
1234 2165 1295 2199 ubi
1312 2165 1491 2201 densitatis
1509 2180 1583 2201 no—

901 2218 1034 2252 tionem
1047 2225 1275 2264 exspectasses
1287 2245 1296 2262 ,
1308 2226 1343 2253 et
1357 2227 1475 2254 tamen
1489 2234 1585 2254 rarus

900 2277 1106 2317 usurpatum
1117 2278 1168 2306 est
1180 2297 1189 2314 ,
1208 2278 1246 2306 ut
1258 2272 1408 2318 Virgilio
1421 2299 1430 2316 ,
1450 2272 1521 2307 Ecl.
1535 2273 1583 2315 V,

903 2324 1052 2368 7;V11,
1070 2324 1136 2368 463
1159 2323 1328 2358 Cornelio
1344 2325 1432 2370 Nep.
1449 2325 1484 2368 l,
1503 2336 1539 2368 v,
1554 2326 1584 2359 3.

902 2377 1053 2412 Lenzius
1068 2377 1135 2413 hoc
1151 2378 1228 2413 loco
1245 2381 1450 2413 rarissimam
1472 2378 1586 2412 inter-

900 2437 1059 2476 pretatur
1073 2457 1082 2475 ,
1108 2431 1207 2475 cujus
1231 2431 1319 2465 rami
1344 2440 1378 2465 se
1403 2443 1476 2464 non
1496 2443 1585 2476 pre-

902 2490 1006 2517 munt
1019 2510 1028 2526 ‚
1045 2483 1139 2517 inter
1153 2496 1239 2528 quos
1250 2495 1376 2527 magna
1394 2483 1509 2528 potius
1520 2483 1584 2517 in—

901 2537 1043 2572 tervalla
1054 2549 1065 2580 ,’
1079 2537 1235 2583 adeoque
1248 2550 1396 2582 quercus
1411 2537 1583 2572 altissima.

944 2589 1021 2633 624.
1035 2590 1105 2623 Hic
1119 2602 1180 2624 nos
1188 2590 1383 2633 frugilegas
1397 2596 1460 2624 etc.
1473 2589 1585 2624 Locus

901 2642 1013 2676 suavis
1023 2669 1033 2685 ,
1057 2655 1128 2687 quo
1151 2655 1205 2677 res
1232 2643 1347 2677 tenuis
1375 2641 1499 2677 decore
1518 2656 1583 2676 or—

902 2700 984 2728 nata
999 2701 1034 2728 et
1051 2702 1177 2729 natura
1189 2695 1415 2730 formicarum
1434 2695 1584 2730 fideliter
1642 2692 1649 2699 '

902 2758 1071 2791 expressa.
1088 2765 1133 2773 —-
1152 2748 1290 2782 Grande
1310 2751 1441 2792 exiguo.
1460 2748 1584 2783 Hora-
