1832 3100
312 257 1017 305 METAMORPHOSEON
1050 260 1184 305 LIB.
1221 263 1291 306 ΙΙ.

1431 279 1505 323 171

79 355 173 405 Isse
196 353 311 404 diem
335 353 428 404 sine
452 353 556 403 Sole
579 354 730 404 serunt
749 374 759 403 :
781 352 984 403 incendia
1005 352 1156 402 lumen

82 431 371 490 Praebebant;
395 429 646 498 aliquisque
665 430 784 481 malo
803 430 891 481 fuit
914 450 1022 480 usus
1046 431 1095 480 in
1116 431 1210 480 illo.

81 509 146 558 At
168 507 401 575 Clymene,
424 521 669 576 postquam
692 508 805 558 dixit
829 527 1117 576 quaecumque
1142 507 1323 557 suerunt

81 587 137 636 In
159 586 294 636 tantis
317 586 501 637 dicenda
518 587 669 647 malis,
694 586 924 651 lugubris,
951 599 996 636 et
1017 606 1166 637 amens
1181 625 1193 647 ‚

83 650 148 721 Et
163 663 327 714 laniata
347 664 497 725 sinus,
524 677 670 715 totum
691 666 947 733 percensuit
971 666 1125 715 orbem
1143 685 1154 724 ;

82 743 406 812 Exanimesque
429 756 551 794 artus
574 744 720 812 primo
735 783 747 804 ,
771 764 875 793 mox
901 764 1003 795 ossa
1026 744 1256 812 requirens
1271 783 1281 800 ‚

82 820 302 889 Repperit
325 840 426 873 ossa
448 833 595 871 tamen
616 822 853 890 peregrina
876 822 1057 872 condita
1079 822 1199 889 ripa,

64 899 382 968 ,Incubuitque
405 900 531 961 loco;
552 921 806 969 nomenque
830 901 878 950 in
901 920 1119 950 marmore
1142 900 1306 950 lectum

81 977 286 1028 Perfudit
307 978 524 1039 lacrimis,
551 992 598 1030 et
620 992 776 1048 aperto
800 992 983 1048 pectore
1004 979 1119 1028 fovit
1137 999 1147 1027 ε

82 1060 174 1110 Nec
196 1061 345 1111 minus
369 1061 579 1113 Heliades
605 1063 736 1112 fletus
751 1101 764 1122 ‚
792 1076 858 1122 et,
881 1062 1030 1112 inania
1052 1054 1191 1111 morti

1456 1073 1523 1118 340

84 1144 302 1205 Munera,
339 1146 449 1196 dant
469 1146 693 1205 lacrimas3
721 1159 765 1195 et
787 1166 906 1196 caesae
928 1157 1114 1214 pectora
1136 1144 1298 1212 palmis
1313 1181 1324 1201 ‚

85 1228 192 1278 Non
215 1228 472 1279 auditurum
495 1230 677 1279 miseras
699 1230 983 1282 Phaethonta
1008 1228 1208 1297 querelas
1223 1266 1234 1287 ‚

85 1369 223 1415 diceus,
239 1371 580 1416 Abdidaeralscaeteri
595 1386 720 1409 omnes
735 1380 772 1409 et

84 1423 198 1458 nostri
215 1423 335 1471 Regii,
351 1427 556 1460 condiderat.
578 1425 645 1460 Ed.

128 1475 204 1521 334.
213 1477 393 1523 Lugubnk,
405 1478 688 1525 vesteslugubres
698 1479 770 1514 sive

85 1535 176 1565 atras
184 1529 413 1574 induta,sorte
424 1539 460 1568 et
468 1532 609 1578 resectis
619 1533 769 1568 tonsisve

84 1581 223 1627 capillis.
241 1599 288 1610 ··-·
303 1584 454 1619 laniare
467 1596 571 1630 grave
591 1585 742 1619 verbum
757 1611 767 1628 ,

82 1633 144 1669 sed
157 1641 280 1682 aptum
293 1635 404 1672 luctui
417 1637 588 1673 acerbiori
601 1638 771 1684 antiquis-

82 1687 254 1724 simorum
278 1696 315 1724 et
335 1689 480 1725 rudiu‘m
507 1689 621 1726 adhuc
643 1690 770 1726 homi-

82 1752 172 1775 num
184 1767 195 1785 ‚
210 1740 270 1787 qui
285 1741 462 1788 unguibus
473 1742 562 1778 adeo
573 1756 635 1778 ora
645 1750 681 1778 et
690 1757 771 1790 pec-

82 1799 159 1828 tora
169 1793 294 1840 palmis
305 1793 495 1830 soedabant.
510 1795 611 1842 Virg.
627 1796 713 1831 AEn.
728 1797 744 1832 1
757 1823 767 1841 ‚

83 1846 159 1893 673.
169 1847 283 1884 -Sic
296 1851 440 1894 repperit
447 1848 594 1895 quidem
609 1862 691 1884 ossa
702 1877 711 1892 ,
731 1850 771 1885 in

76 1903 255 1945 peregnha
269 1905 382 1936 lamen
396 1904 482 1946 ripa.
500 1902 543 1936 In
562 1909 657 1937 terra
671 1915 772 1948 pere-

84 1952 184 1998 grina
199 1954 291 1989 mori
307 1954 547 1990 tristissimum
562 1955 690 1990 visum.
706 1956 773 1990 Ti-

83 2005 155 2040 bul.
173 2005 214 2052 1,
232 2017 279 2042 111
292 2032 303 2051 ,
332 2007 353 2045 3
367 2033 377 2052 ,
408 2007 527 2053 ibique
552 2008 718 2056 Heynius
734 2009 772 2044 in

86 2056 237 2094 Observ-
251 2073 260 2102 ;
277 2059 365 2094 item
381 2059 481 2106 Virg.
494 2059 578 2095 AEn.
595 2060 649 2095 IX
661 2086 670 2104 ,
696 2062 773 2105 485.

85 2110 288 2156 —Apenffi
310 2110 410 2147 nudo
425 2125 434 2147 ι
444 2112 563 2157 fovere
578 2126 696 2148 nomen
709 2113 776 2148 sri-

87 2162 167 2210 gida
182 2163 378 2201 admodum
390 2165 520 2202 locutio
531 2166 671 2201 videtur
681 2166 775 2201 Bur-

87 2229 210 2251 mann.
224 2217 463 2264 Amplectitur
480 2218 597 2265 itaque
614 2218 773 2254 Gronov.

89 2266 181 2304 Cod.
195 2268 410 2315 lectionem,
429 2275 539 2313 sevit,
558 2271 594 2306 id
611 2279 663 2307 est
679 2272 773 2307 lace-

86 2320 176 2356 ravit
189 2329 354 2368 apertum
370 2335 433 2358 seu
449 2323 625 2359 nudatum
642 2331 774 2370 pectus.

85 2372 157 2408 Sed
176 2373 300 2419 quidni
319 2373 496 2423 Clymene
514 2390 653 2417 nomen.
678 2377 775 2423 quod

83 2424 146 2460 diu
162 2433 303 2472 pectore
321 2435 443 2474 aperto
463 2428 625 2476 tegebat,
639 2430 775 2475 sousere

83 2485 180 2513 recte
205 2478 342 2514 dicatur
359 2506 369 2524 ,
399 2493 511 2526 quum
534 2484 643 2517 Iocum
654 2479 776 2526 fovere

82 2533 179 2568 bona
191 2532 322 2568 locutio
335 2534 379 2569 sit
392 2557 412 2579 ‚·
423 2534 467 2570 de
480 2548 524 2570 eo
535 2562 545 2579 ,
566 2536 627 2582 qui
638 2536 773 2572 assidue

85 2590 122 2618 et
133 2582 195 2619 diu
206 2584 243 2619 in
258 2597 302 2619 eo
316 2586 503 2621 versatur?
521 2587 579 2623 Sic
594 2587 775 2633 castrofo-

86 2651 178 2680 κη,
197 2638 322 2685 Virgil.
348 2639 433 2674 AEn.
458 2640 512 2676 IX
526 2667 536 2684 ,
555 2644 595 2687 57
614 2653 623 2676 :
641 2644 775 2677 humum

76 2689 213 2735 spuere,
233 2691 365 2739 Georg.
383 2693 461 2738 111,
482 2695 560 2738 4²⁰·

130 2743 207 2788 340.
225 2746 389 2780 Heliades
396 2748 514 2791 fletus.
533 2746 630 2793 Ante
650 2746 775 2781 Hein-

88 2795 199 2840 sium,
217 2796 388 2834 edebatur
404 2800 568 2835 Heliades
581 2800 714 2844 lugent,
741 2805 777 2834 et

836 1374 885 1408 ita
895 1372 1007 1408 nostri
1018 1371 1168 1408 Codices
1176 1371 1319 1406 habent.
1325 1371 1391 1406 Ed.
1400 1389 1445 1396 -
1454 1370 1527 1405 Ile-

836 1425 945 1461 liades
956 1451 965 1469 ,
980 1437 1118 1460 sorores
1135 1423 1368 1459 Phaethontis
1386 1422 1524 1469 (Phae-

837 1480 1007 1512 thontides
1015 1476 1107 1523 apud
1116 1476 1318 1512 Germanic.
1328 1476 1427 1511 Arat.
1437 1488 1525 1510 vers.

837 1528 931 1576 371).
952 1522 1044 1567 xiie..
1067 1543 1093 1564 s.
1111 1529 1204 1564 sous
1226 1529 1316 1564 finae.
1342 1528 1375 1563 A
1394 1529 1527 1564 Nostro

836 1596 912 1618 non
931 1583 998 1618 nisi
1015 1589 1087 1618 tres
1105 1589 1436 1618 commemorantur
1448 1608 1458 1626 ,
1483 1582 1525 1616 ab

837 1636 998 1684 Hygino,
1013 1637 1108 1683 praes.
1121 1643 1290 1682 quatuor3
1305 1636 1367 1671 sed
1379 1635 1526 1671 Hesiod.

835 1696 972 1735 septem
982 1691 1407 1724 numeraverat—Metus
1417 1716 1425 1730 ,
1443 1701 1526 1734 quo-

835 1742 934 1777 niam
950 1755 969 1777 a
985 1745 1146 1788 lacrymis
1160 1741 1327 1788 distingui
1343 1741 1525 1784 videntur,

835 1796 927 1831 sorte
944 1796 1093 1832 omnino
1106 1796 1218 1831 luctus
1232 1796 1341 1842 signa.
1350 1814 1395 1822 ··-
1409 1796 1528 1830 Mune-

836 1862 892 1891 ra,
911 1849 1067 1885 honores
1084 1850 1253 1893 extremi,
1272 1850 1331 1895 qui
1348 1848 1527 1883 habentur

837 1902 987 1938 mortuis
1002 1929 1012 1946 ,
1029 1909 1069 1937 ut
1084 1902 1184 1948 Virg.
1200 1901 1343 1936 AEneid.
1360 1901 1414 1936 VI
1427 1929 1437 1945 ‚
1455 1902 1528 1945 884

837 1968 911 2001 sqq.
924 1968 932 1990 :
947 1954 1026 1989 vide
1041 1954 1219 1989 Brouckh.
1240 1953 1284 1988 ad
1302 1954 1466 1999 Propert.
1483 1955 1499 1989 I
1514 1981 1523 1998 ,

839 2019 936 2049 xvu,
958 2007 1202 2042 23.—Jnam·a
1213 2033 1223 2048 ,
1246 2006 1328 2052 quia
1343 2013 1527 2041 mortuum

839 2072 914 2094 non
940 2059 977 2094 in
1004 2059 1114 2094 vitam
1138 2067 1316 2095 revocant.
1346 2059 1457 2095 Plane
1477 2060 1526 2096 sie

838 2115 941 2146 inane
955 2124 1075 2146 munus
1088 2110 1181 2157 apud
1198 2110 1297 2158 Virg.
1313 2111 1348 2146 d.
1359 2111 1381 2147 l.
1392 2138 1402 2155 ‚
1416 2119 1453 2147 et
1464 2125 1529 2147 va-

839 2177 903 2198 nus
920 2166 1042 2206 honor,
1065 2163 1210 2199 AEneid.
1222 2164 1276 2199 XI
1290 2191 1299 2208 ,
1319 2167 1359 2199 52
1379 2177 1386 2199 :
1403 2168 1507 2200 inane
1520 2192 1529 2206 ‚

840 2229 947 2252 omne
962 2215 996 2251 id
1008 2242 1018 2260 ‚
1037 2216 1133 2262 quod
1148 2217 1266 2252 sructu
1280 2223 1387 2252 caret.

884 2269 960 2315 341.
980 2271 1091 2304 Coesae.
1108 2269 1231 2305 Codex
1243 2270 1375 2317 Regius
1387 2271 1446 2313 B.‚
1467 2271 1536 2316 qui.

840 2334 944 2357 versu
959 2321 1173 2368 praecedenti
1195 2321 1301 2357 habet
1316 2324 1449 2366 lugent,
1469 2322 1530 2357 dat

832 2377 978 2419 pulsant
991 2381 1055 2420 pro
1071 2385 1190 2417 caesoe;
1212 2388 1280 2410 nec
1295 2375 1388 2410 mala
1404 2375 1508 2410 lectio
1518 2402 1528 2420 ,

840 2429 907 2464 nisi
923 2442 942 2464 e
958 2428 1068 2475 glossa
1085 2435 1168 2463 nata
1183 2428 1238 2463 sit.
1263 2430 1330 2463 Ed.
1354 2429 1528 2463 -Jm'se-

838 2495 897 2516 ras
899 2507 950 2517 .....
971 2483 1132 2527 querelas.
1157 2481 1266 2516 MSS.
1293 2493 1424 2526 magno
1451 2494 1528 2516 nu-

840 2547 942 2569 mero
951 2561 961 2579 ‚
975 2538 1107 2570 miseris
1117 2537 1258 2579 querelis·
1269 2561 1278 2575 ‚
1298 2540 1338 2568 ut
1349 2533 1392 2568 ad
1405 2539 1533 2569 vocant

840 2589 1025 2624 reseratur.
1044 2589 1127 2624 Non
1142 2587 1244 2623 male.
1267 2607 1311 2614 —-
1326 2586 1416 2634 Cod.
1437 2588 1526 2634 Reg.

840 2642 884 2677 A.
900 2669 908 2683 ,
934 2644 1066 2676 miserit
1084 2643 1236 2686 querelis.
1255 2658 1300 2667 —-
1314 2642 1530 2676 Phaethonta

840 2698 967 2730 vocant
981 2707 1021 2729 ex
1038 2706 1139 2728 more
1162 2693 1361 2739 lugentium
1377 2700 1413 2728 et
1431 2706 1528 2729 con-

840 2746 1071 2782 clamantium
1082 2745 1201 2792 priscis
1211 2745 1439 2792 temporibus.
1453 2745 1527 2779 Ho—

841 2811 929 2835 mer.
947 2798 1018 2836 od.
1038 2806 1070 2843 1,
1088 2799 1141 2836 65.
1165 2798 1263 2846 Virg.
1282 2798 1425 2836 AEneid.
1445 2798 1524 2843 ΙΙΙ,
