1832 3100
329 220 1056 269 METAMORPHOSEON
1093 223 1227 265 LIB.
1270 222 1375 264 111.

1472 218 1559 281 267

139 339 161 360 ‚³
190 317 368 375 Orbus,
389 317 472 374 ait,
492 315 641 374 fieres,
666 334 747 363 nec
770 314 961 363 Bacchia
984 332 1107 362 sacra
1125 313 1321 361 videres!

135 418 157 438 ι)
183 396 373 461 Jamque
397 393 490 442 dies
512 392 676 451 aderit,
698 393 874 460 jamque
894 392 1017 442 haud
1040 390 1198 458 procul
1223 409 1419 452 auguror
1444 408 1559 446 esse,

134 495 160 517 »
187 472 291 536 Qua
313 491 457 522 novus
480 471 570 520 huc
589 471 755 529 veniat,
781 469 928 538 proles
952 469 1186 526 Semeleia,
1211 468 1361 517 Liber.

1497 482 1563 515 520

134 573 159 595 »
185 551 333 615 Quem
355 550 444 599 nisi
468 549 736 617 ‘templorum
761 548 898 598 fueris
923 548 1131 611 dignatus
1153 546 1354 603 honore,

134 651 158 673 »
185 627 314 678 Mille
337 627 452 677 lacer
476 647 682 696 spargere
707 627 839 686 locis,
863 639 907 676 et
931 626 1146 690 sanguine
1172 624 1303 673 silvas

135 729 161 751 »
186 705 425 765 Foedabis,
449 717 723 773 matremque
749 718 891 764 tuam,
916 704 1158 771 matrisque
1178 719 1368 752 sorores.

133 806 158 828 n
182 783 402 833 Evenient
422 803 431 832 :
452 799 599 851 neque
623 784 740 832 enim
761 782 1002 846 dignabere
1022 800 1189 831 numen
1211 780 1412 836 honore;

131 886 156 907 »
182 864 351 931 Meque
374 862 459 912 sub
483 862 555 912 his
581 862 778 912 tenebris
801 861 987 910 nimium
1015 860 1178 909 vidisse
1202 857 1412 926 quereris.
1438 880 1461 902 υ
1500 870 1566 904 525

128 940 255 991 Talia
279 941 495 991 dicentem
516 941 759 1009 proturbat
780 940 981 989 Echione
1004 950 1138 988 natus
1156 957 1167 987 :

128 1020 262 1070 Dicta
282 1020 393 1070 fides
412 1021 636 1087 sequitur3
662 1038 967 1086 responsaque
991 1017 1104 1066 vatis
1126 1027 1333 1080 aguntur.

130 1098 268 1148 Liber
290 1098 438 1157 adest;
462 1098 677 1166 festisque
700 1097 897 1146 fremunt
917 1095 1166 1144 ululatibus
1190 1094 1284 1158 agri
1305 1113 1316 1141 t

129 1235 287 1282 gendum
296 1236 454 1271 Bache'ca
468 1234 563 1281 quod
574 1234 680 1269 habet
690 1241 726 1269 et
738 1234 816 1269 Co-

129 1288 197 1323 dex
210 1287 265 1330 B;
284 1300 358 1322 non
375 1287 478 1323 male.
498 1288 562 1322 Ed.
588 1305 634 1313 —-
657 1288 816 1322 Bac-chia

128 1351 248 1380 sacra,
268 1341 390 1379 τελετὰς
410 1342 526 1382 εὐίους,
547 1338 570 1372 i.
593 1352 623 1373 e.
649 1338 814 1386 mysteria

130 1389 291 1426 bacchica
301 1403 309 1425 :
320 1390 389 1426 vid.
400 1390 563 1426 Perizon.
573 1389 617 1424 ad
626 1390 756 1425 AElian.
768 1391 813 1423 V.

129 1443 178 1478 H.
205 1442 266 1487 ΙΙ,
297 1454 409 1487 xxxl,
433 1455 487 1478 20.
514 1442 618 1477 Dicta
644 1450 749 1486 sunt,
774 1448 814 1476 ut

128 1495 249 1531 omnia
272 1508 368 1532 sacra
390 1495 658 1539 enthusiastica,
685 1496 812 1540 Orgia,

129 1549 188 1584 ἀπὸ
201 1556 257 1588 τῖς
270 1549 375 1598 ὄργῖς,
389 1561 408 1583 a
423 1549 543 1583 surore
555 1574 566 1591 ,
580 1547 734 1582 insania:
744 1546 814 1582 vid.

127 1599 172 1635 ad
190 1600 256 1645 lv,
279 1615 306 1635 1.
323 1600 577 1647 Intelliguntur
596 1607 716 1636 autem
738 1600 772 1636 h.
790 1599 812 1636 l.

126 1652 240 1699 prisca
253 1651 310 1687 illa
325 1652 421 1700 orgia
435 1680 445 1698 ,
469 1653 606 1688 diversa
628 1654 670 1688 ab
690 1652 813 1688 Athe-

125 1704 305 1740 niensium
316 1704 510 1754 Dinnysiis,
522 1712 560 1742 et
568 1709 736 1740 meleth-a
746 1705 815 1741 dic·

126 1762 175 1800 ta,
187 1756 356 1802 quoniam
371 1770 391 1792 a
408 1756 588 1793 Thebanis
605 1757 711 1793 tertio
726 1770 814 1804 quo-

126 1823 196 1856 que
213 1823 308 1846 anno
324 1811 608 1856 celebrabantur,
621 1819 657 1847 et
667 1812 813 1857 quidem

90 1896 93 1899 .
125 1864 163 1899 in
181 1871 304 1900 monte
324 1863 530 1901 Cithaerone
545 1866 728 1900 nocturnis
744 1865 814 1901 dis-

125 1917 282 1952 cursibus
299 1931 308 1952 :
327 1917 397 1952 vid.
417 1917 565 1952 Barnes.
589 1917 632 1952 ad
652 1918 813 1964 Euripid.

125 1983 215 2006 vers.
235 1971 297 2005 133
310 1997 320 2014 ,
337 1978 373 2006 et
390 1971 552 2006 Perizon.
570 1970 614 2006 ad
627 1971 814 2010 AElian.Vl.

128 2022 178 2057 H.
197 2021 290 2058 XIII
302 2049 312 2066 ,
331 2036 362 2057 2.
804 2015 810 2034 '⁸

172 2075 192 2108 5
199 2087 249 2121 ¹9·
256 2075 339 2108 Jam
349 2100 358 2115 ,
378 2085 446 2108 vox
453 2073 721 2109 vaticinantium
732 2089 741 2116 ;
753 2074 815 2109 ita-

128 2137 196 2170 que
213 2125 386 2172 repetitur
401 2138 477 2160 non
492 2126 567 2161 sine
585 2127 815 2173 gravitate.—

130 2176 279 2213 Codices
297 2177 408 2213 nostri
427 2178 529 2224 Regii
547 2191 556 2213 :
577 2180 728 2224 Namque
740 2180 815 2213 dies

126 2232 238 2265 aderit
253 2258 262 2272 ‚
281 2244 382 2276 quam
396 2232 477 2277 jam
499 2233 597 2266 haud
606 2234 731 2276 procul
748 2239 813 2268 etc.

125 2295 234 2328 quam
244 2282 434 2319 lectionem
444 2310 454 2328 ,
467 2290 554 2319 teste
568 2284 719 2320 Heinsio
729 2310 739 2328 ,
752 2283 815 2319 ha-

124 2335 212 2371 bent
221 2337 428 2373 vetustiores
443 2352 451 2380 ;
470 2338 547 2383 quis
563 2337 739 2384 vulgatam
762 2337 813 2372 in·

124 2389 247 2424 tulerit
263 2402 337 2424 non
354 2389 439 2425 dicit
455 2390 586 2436 Gierig.
602 2392 723 2425 Ed.-
738 2392 815 2426 No·-

124 2454 201 2482 νω,
221 2454 296 2476 non
315 2449 368 2477 est
382 2443 583 2487 recentior,
609 2442 768 2478 diversus
794 2456 813 2477 a

123 2492 242 2537 priscis
256 2492 362 2539 huius
372 2495 527 2530 nominis
542 2495 620 2531 Diis
634 2523 644 2541 ,
669 2495 732 2532 sed
745 2521 754 2539 ,
774 2502 814 2530 ut

124 2544 295 2580 Francius
319 2546 410 2582 bene
435 2546 522 2582 vidit
534 2575 544 2593 ,
569 2549 672 2584 nobis
697 2548 813 2584 adhuc

123 2597 334 2644 incognitus.
348 2598 470 2645 Eurip.
483 2613 570 2636 vers.
583 2614 660 2649 219,
676 2604 689 2638 ὁ
703 2608 814 2638 νεωστὶ

129 2654 272 2695 δαίμωνς
291 2664 380 2686 vers.
397 2653 462 2686 256
478 2659 514 2686 et
530 2667 594 2699 272
607 2679 617 2697 ‚
639 2656 652 2690 ὃ
668 2658 789 2699 cuipam
803 2656 815 2689 ὃ

126 2705 200 2742 νέος.
211 2703 270 2739 Sic
285 2716 375 2750 saepe
388 2718 493 2740 nouus
509 2705 603 2752 apud
618 2707 790 2742 Nostrum
803 2733 813 2750 ,

127 2759 208 2792 reon·
210 2759 359 2803 fluctus,
381 2772 469 2797 nora
486 2764 635 2797 monstra
659 2767 725 2798 etc.
745 2760 766 2796 i.
784 2773 814 2796 e.

881 1233 994 1269 adhuc
1011 1234 1195 1280 ignota.·-
1212 1231 1543 1277 Veniatexquisitius
1557 1258 1567 1274 ‚

881 1299 987 1332 quam
1000 1289 1120 1320 veniet.
1132 1285 1250 1320 Tibul.
1264 1285 1280 1320 Ι
1292 1311 1302 1328 ,
1315 1295 1368 1328 lv,
1380 1285 1432 1332 49.
1447 1297 1455 1318 z
1471 1285 1505 1318 T
1500 1297 1568 1318 em-

874 1354 943 1385 pus
957 1344 1038 1382 erit,
1056 1353 1155 1384 quum
1164 1352 1216 1373 me
1226 1340 1390 1379 deducat,
1413 1337 1474 1373 ubi
1487 1336 1565 1371 vide

880 1393 1162 1428 observationem
1181 1390 1325 1437 Heynii.

925 1449 1000 1481 521.
1024 1446 1130 1487 Quem
1145 1445 1293 1478 m'u‘etc.
1317 1441 1392 1477 Nisi
1417 1440 1567 1486 dignum

879 1510 963 1533 eum
979 1496 1148 1543 judicabis
1161 1521 1171 1539 ,
1190 1507 1297 1540 quem
1314 1493 1405 1529 colas
1428 1492 1568 1538 templis

879 1548 1068 1585 excitandis
1089 1555 1125 1583 et
1146 1546 1361 1582 dedicandis.
1392 1547 1570 1581 Honoran-

878 1605 1029 1648 templtin
1054 1602 1138 1643 aris,
1157 1601 1280 1637 statuis
1295 1627 1304 1644 ,
1330 1607 1370 1635 ut
1389 1613 1488 1646 graec.
1513 1616 1568 1636 τι-

877 1664 982 1702 μῆσαι
1006 1664 1088 1695 ναοῖς
1115 1662 1180 1690 etc.
1207 1667 1215 1689 ε
1243 1653 1313 1689 vid.
1333 1653 1496 1689 Perizon.
1522 1652 1566 1687 ad

879 1709 1009 1744 AElian.
1021 1709 1067 1742 V.
1083 1708 1131 1743 H.
1145 1707 1182 1742 11
1192 1733 1202 1751 ,
1215 1717 1303 1742 xxxl
1313 1733 1322 1748 ,
1344 1720 1395 1741 12.
1405 1725 1450 1732 -
1460 1706 1572 1739 Lacer

877 1774 1033 1806 spargere
1043 1788 1051 1801 ‚
1070 1759 1275 1795 laceraberis
1285 1765 1321 1793 et
1331 1758 1517 1804 spargeris..
1524 1775 1569 1782 -—

879 1814 1031 1854 Foedare,
1052 1812 1096 1846 de
1106 1811 1277 1857 sanguine
1288 1811 1568 1845 vulneratorum.

878 1864 1003 1910 virgil.
1021 1863 1164 1898 AEneid.
1191 1863 1251 1906 11,
1278 1865 1341 1911 492
1355 1888 1365 1906 ,
1376 1862 1569 1906 sedantem

877 1920 1040 1961 sanguine
1055 1916 1285 1961 12qnes.-Sub
1294 1942 1303 1957 ‚
1328 1915 1366 1950 in
1380 1941 1390 1959 ,
1405 1916 1566 1955 tenebris,

879 1977 920 2005 ut
937 1970 1009 2004 Vll
1022 1995 1032 2013 ,
1054 1983 1072 2003 2
1087 1996 1097 2014 ‚
1117 1971 1181 2004 sub
1197 1973 1304 2004 nocie.
1331 1969 1374 2004 In
1397 1971 1460 2004 sub
1475 1973 1570 2004 lene·-

877 2026 948 2057 bris
961 2025 1091 2058 vidisse
1101 2023 1194 2058 inest
1206 2035 1367 2057 acumen.
1384 2040 1429 2049 —
1446 2020 1569 2057 Codex

880 2075 1012 2122 Regius
1029 2075 1059 2110 B
1070 2101 1080 2118 ,
1099 2076 1221 2120 Meque
1234 2077 1279 2110 ab
1300 2076 1356 2108 his
1370 2077 1523 2110 lenebraelr.

925 2130 1000 2172 527.
1020 2129 1221 2172 Responsa,
1240 2127 1446 2163 vaticinium
1464 2125 1568 2162 :vide

878 2179 922 2214 ad
942 2192 1030 2216 vers.
1048 2181 1125 2224 340.
1142 2198 1187 2207 -
1202 2180 1378 2225 Aguntur,
1400 2186 1567 2214 eventum

877 2232 1020 2268 habent.
1049 2232 1151 2268 Idem
1169 2240 1223 2267 est
1240 2233 1489 2278 alterumfidqs
1505 2244 1569 2266 se—

876 2289 1007 2330 quitur,
1033 2285 1128 2330 quod
1144 2285 1236 2320 Rod.
1253 2298 1327 2320 non
1344 2285 1436 2320 bene
1448 2283 1571 2318 reddi-

879 2338 954 2382 dit,
973 2340 1035 2374 der
1055 2339 1292 2384 Glaubesolgt
1305 2340 1370 2373 den
1394 2339 1541 2374 Worlen.

922 2392 998 2426 528.
1014 2392 1146 2432 Adest,
1164 2404 1295 2437 nempe
1312 2404 1331 2425 e
1346 2389 1466 2437 Lydia.
1485 2389 1569 2423 Eu—

877 2443 979 2490 ripid.
1000 2445 1076 2489 234.
1102 2443 1235 2479 Thebis
1264 2443 1431 2477 mulieres
1455 2441 1570 2487 coegit

878 2499 1044 2540 βακχεύειν
1072 2498 1100 2531 ἒν
1126 2503 1170 2544 τῷ
1193 2501 1372 2544 Κιθαιρῶνι.
1405 2492 1569 2540 Apollod.

878 2549 1009 2584 Noster
1020 2548 1200 2583 brevitatis
1209 2547 1328 2582 studio
1336 2547 1456 2582 statim
1467 2544 1570 2581 irruit

876 2602 914 2637 in
931 2602 1046 2647 ipsum
1061 2600 1256 2635 fremitum.
1281 2599 1370 2646 Agri
1385 2597 1559 2643 fremunt,

878 2659 1026 2706 βρέμουσι
1038 2682 1047 2700 ,
1060 2655 1210 2690 verbum
1226 2653 1411 2700 proprium
1425 2651 1468 2686 de
1481 2652 1565 2686 Bac-

878 2707 1082 2751 chantibus,
1107 2706 1203 2741 unde
1233 2699 1392 2741 Bacchds
1419 2707 1565 2749 Βρέμιοςῖ,

880 2760 950 2795 vid.
966 2759 1118 2806 Longin.
1133 2757 1218 2804 XV,
1237 2758 1268 2794 6.
1286 2777 1330 2787 ·-
1350 2759 1547 2793 Ululatibus
1558 2783 1567 2797 ⁷
