1832 3100
173 231 524 249 mmmm

166 358 1183 433 METAMORP‘HOSEON
1238 365 1596 437 SERIES

849 521 925 558 EX

236 654 308 712 G.
358 650 689 713 CANTERI
730 656 959 713 NOVIS
1003 657 1521 717 LECTIONIBUS

449 818 638 864 NUNC
684 819 915 863 PAULO
960 820 1305 866 AUCTIOR.

159 1073 243 1142 LI
257 1105 299 1142 B.
318 1094 353 1142 I.
381 1093 610 1161 Principio
633 1092 773 1143 Chaos
788 1094 836 1142 in
850 1094 1047 1143 elementa
1066 1106 1261 1161 quatuor
1281 1114 1305 1143 a
1321 1095 1419 1143 Deo
1436 1094 1597 1143 distin-

159 1177 334 1240 guitum
361 1178 530 1244 quibus
555 1198 695 1244 quum
717 1179 788 1226 sui
813 1178 1025 1227 darentur
1045 1174 1215 1246 incolae,
1246 1178 1377 1228 etiam
1401 1178 1522 1226 homo
1543 1198 1598 1227 ex

158 1270 266 1308 terra
280 1272 325 1309 et
338 1278 447 1328 aqua
463 1272 636 1309 creatus
654 1272 735 1309 est.
757 1260 929 1310 Secutae
944 1274 1050 1310 sunt
1068 1272 1207 1310 oetates
1227 1261 1462 1310 hominum
1487 1281 1594 1327 qua-

160 1353 288 1400 tuor,
314 1341 362 1390 in
381 1361 567 1408 quarum
583 1354 834 1409 postrema,
854 1362 993 1410 eaque
1018 1343 1328 1402 vitiosissima,
1356 1363 1494 1410 quum
1518 1344 1599 1393 Gi-

149 1434 321 1489 gantes,
346 1443 403 1473 ne
422 1425 552 1473 terris
573 1425 773 1473 securior
793 1437 909 1474 esset
933 1426 1095 1484 aether‚
1120 1425 1290 1475 caeleste
1314 1445 1502 1489 regnum
1519 1446 1598 1493 pe-

132 1491 328 1564 iterent,
357 1525 410 1555 ex
435 1525 590 1555 eorum
606 1544 619 1565 ‚
647 1525 672 1554 a
694 1508 806 1556 Jove
832 1507 1205 1575 interemptorum
1223 1546 1235 1567 ‚
1280 1509 1474 1574 sangathe
1496 1528 1600 1558 nova

156 1587 362 1643 hominum
378 1607 567 1656 propago
586 1600 682 1638 orta
706 1602 787 1638 est.
813 1589 908 1654 Qui
935 1611 1074 1658 quum
1095 1604 1139 1640 et
1159 1591 1248 1658 ipsi
1271 1603 1419 1640 essent
1437 1591 1593 1659 impii,

155 1671 334 1738 Jupiter
363 1690 458 1720 non
485 1671 622 1721 modo
656 1670 888 1744 chaonem
913 1673 961 1721 in
985 1674 1125 1739 lupum
1152 1685 1324 1732 mutat,
1350 1674 1429 1723 sed
1463 1693 1594 1723 omne

157 1759 297 1817 genus
318 1753 556 1803 hominum
581 1755 927 1822 animaliumque
950 1757 1226 1806 terrestrium
1245 1756 1396 1806 diluvio
1414 1756 1562 1823 perdit
1579 1795 1595 1815 „

154 1835 274 1886 unde
288 1835 375 1885 soli
389 1835 707 1904 relinquuntur
721 1839 984 1904 superstites
1002 1839 1239 1910 Deucalion
1257 1851 1302 1887 et
1313 1827 1494 1909 Pyrrha,
1515 1839 1594 1905 qui

153 1930 262 1986 post
277 1919 496 1969 redditam
514 1931 676 1970 terram
689 1957 701 1979 ‚
722 1920 852 1986 jactis
869 1932 976 1988 post
997 1932 1122 1983 terga
1135 1920 1353 1986 lapidibus,
1368 1920 1591 1970 humanum

136 2013 418 2068 'repararunt
430 2021 573 2069 genus.
610 2001 804 2069 Reliqua
830 2003 1027 2051 animalia
1054 2014 1217 2070 sponte
1239 2022 1319 2051 sua
1342 2022 1396 2052 ex
1425 2002 1593 2053 humore

155 2095 201 2131 et
213 2084 346 2133 calore
362 2084 628 2151 prodierunt
645 2105 654 2133 :
670 2085 719 2132 in
738 2085 904 2150 quibus
923 2085 1056 2134 etiam
1073 2085 1216 2157 Pytho
1229 2105 1424 2153 serpens.
1442 2088 1592 2151 Quem

156 2184 296 2231 quum
313 2165 504 2215 Phoebus
523 2167 841 2226 interemisset,
861 2166 1037 2238 Pythias
1052 2167 1172 2217 ludos
1185 2168 1234 2216 in
1250 2169 1316 2217 rei
1334 2169 1593 2218 memoriam

154 2247 366 2307 instituit,
381 2249 547 2316 quibus
565 2249 754 2299 victores
766 2249 950 2300 aesculea
968 2269 1136 2300 corona
1152 2250 1457 2309 donabantur3
1476 2271 1592 2300 non-

154 2331 262 2381 dum
290 2333 410 2381 enim
445 2345 539 2382 erat
572 2333 712 2382 laurus
727 2374 739 2391 ,
779 2334 828 2383 in
863 2354 996 2402 quam
1028 2354 1135 2392 mox
1170 2335 1383 2402 Daphne,
1430 2335 1594 2383 Phoebi

154 2433 348 2464 amorem
384 2415 561 2480 fugiens
576 2453 590 2474 ‚
624 2428 693 2466 est
731 2436 953 2467 conversa.
999 2417 1141 2482 Quod
1164 2437 1302 2484 quum
1333 2417 1565 2466 accidisset
1580 2456 1594 2476 ,

155 2508 252 2545 tum
273 2497 332 2546 ad
354 2509 525 2564 patrem
556 2499 652 2565 ejus
685 2499 884 2549 Peneum
918 2498 1103 2566 reliquis
1125 2499 1295 2558 fluviis,
1322 2499 1412 2548 sive
1437 2511 1594 2563 gratu-

153 2579 298 2640 landi,
325 2581 415 2630 sive
439 2582 704 2632 consolandi
727 2584 895 2647 gratia,
939 2584 1243 2648 congregatis,
1271 2582 1395 2632 solus
1417 2582 1593 2632 deside-

152 2675 277 2713 ratus
302 2677 372 2713 est
391 2665 609 2724 Inachus,
643 2666 864 2716 sollicitus
889 2667 942 2717 de
974 2667 1083 2716 Ione
1109 2666 1223 2727 filia,
1250 2687 1383 2735 quam
1413 2667 1593 2734 Jupiter

152 2757 259 2812 post
280 2758 489 2815 stuprum
506 2748 555 2797 in
566 2749 782 2816 juvencam
810 2762 1070 2800 mutaverat.
1095 2751 1163 2800 Ea
1188 2770 1326 2817 quum
1354 2770 1379 2800 a
1408 2751 1438 2799 J
1442 2768 1592 2801 unone

279 2836 389 2883 III.
1370 2841 1396 2882 3
