<?xml version="1.0" encoding="UTF-8"?>
<!DOCTYPE html PUBLIC "-//W3C//DTD XHTML 1.0 Transitional//EN"
    "http://www.w3.org/TR/xhtml1/DTD/xhtml1-transitional.dtd">
<html xmlns="http://www.w3.org/1999/xhtml" xml:lang="en" lang="en">
 <head>
  <title>
</title>
<meta http-equiv="Content-Type" content="text/html;charset=utf-8" />
  <meta name='ocr-system' content='tesseract 3.04.00' />
  <meta name='ocr-capabilities' content='ocr_page ocr_carea ocr_par ocr_line ocrx_word'/>
</head>
<body>
  <div class='ocr_page' id='page_1' title='image "./quaeextantomniao03oviduoft_0101.png"; bbox 0 0 1832 3100; ppageno 0'>
   <div class='ocr_carea' id='block_1_1' title="bbox 389 240 1327 288">
    <p class='ocr_par' dir='ltr' id='par_1_1' title="bbox 389 240 1327 288">
     <span class='ocr_line' id='line_1_1' title="bbox 389 240 1327 288; baseline 0.001 -1"><span class='ocrx_word' id='word_1_1' title='bbox 389 240 1078 287; x_wconf 89' lang='lat' dir='ltr'>METAMORPHOSEON</span> <span class='ocrx_word' id='word_1_2' title='bbox 1118 243 1250 288; x_wconf 89' lang='lat' dir='ltr'>LIB.</span> <span class='ocrx_word' id='word_1_3' title='bbox 1287 245 1327 288; x_wconf 91' lang='lat' dir='ltr'>I.</span> 
     </span>
    </p>
   </div>
   <div class='ocr_carea' id='block_1_2' title="bbox 1509 242 1570 302">
    <p class='ocr_par' dir='ltr' id='par_1_2' title="bbox 1509 242 1570 302">
     <span class='ocr_line' id='line_1_2' title="bbox 1509 242 1570 302; baseline 0 0"><span class='ocrx_word' id='word_1_4' title='bbox 1509 242 1570 302; x_wconf 80' lang='lat'>69</span> 
     </span>
    </p>
   </div>
   <div class='ocr_carea' id='block_1_3' title="bbox 149 334 1232 399">
    <p class='ocr_par' dir='ltr' id='par_1_3' title="bbox 149 334 1232 399">
     <span class='ocr_line' id='line_1_3' title="bbox 149 334 1232 399; baseline 0.001 -16"><span class='ocrx_word' id='word_1_5' title='bbox 149 334 361 398; x_wconf 80' lang='lat' dir='ltr'>Ingemit3</span> <span class='ocrx_word' id='word_1_6' title='bbox 387 348 431 384; x_wconf 91' lang='lat' dir='ltr'>et</span> <span class='ocrx_word' id='word_1_7' title='bbox 446 373 457 394; x_wconf 93' lang='lat'>,</span> <span class='ocrx_word' id='word_1_8' title='bbox 482 334 598 384; x_wconf 86' lang='lat' dir='ltr'>facto</span> <span class='ocrx_word' id='word_1_9' title='bbox 618 335 817 384; x_wconf 90' lang='lat' dir='ltr'>nondum</span> <span class='ocrx_word' id='word_1_10' title='bbox 835 335 1017 399; x_wconf 80' lang='lat' dir='ltr'>&#39;vulgata</span> <span class='ocrx_word' id='word_1_11' title='bbox 1035 336 1201 384; x_wconf 81' lang='lat' dir='ltr'>recenti</span> <span class='ocrx_word' id='word_1_12' title='bbox 1218 373 1232 395; x_wconf 88' lang='lat'>,</span> 
     </span>
    </p>
   </div>
   <div class='ocr_carea' id='block_1_4' title="bbox 148 402 1179 480">
    <p class='ocr_par' dir='ltr' id='par_1_4' title="bbox 148 402 1179 480">
     <span class='ocr_line' id='line_1_4' title="bbox 148 402 1179 480; baseline 0 -19"><span class='ocrx_word' id='word_1_13' title='bbox 148 402 283 462; x_wconf 81' lang='lat' dir='ltr'>Foe&#39;da</span> <span class='ocrx_word' id='word_1_14' title='bbox 304 413 531 480; x_wconf 85' lang='lat' dir='ltr'>Lycaoniae</span> <span class='ocrx_word' id='word_1_15' title='bbox 553 413 746 462; x_wconf 88' lang='lat' dir='ltr'>referens</span> <span class='ocrx_word' id='word_1_16' title='bbox 769 413 968 462; x_wconf 88' lang='lat' dir='ltr'>convivia</span> <span class='ocrx_word' id='word_1_17' title='bbox 988 431 1149 462; x_wconf 87' lang='lat' dir='ltr'>mensae</span> <span class='ocrx_word' id='word_1_18' title='bbox 1166 450 1179 471; x_wconf 83' lang='lat'>,</span> 
     </span>
    </p>
   </div>
   <div class='ocr_carea' id='block_1_5' title="bbox 1508 426 1570 461">
    <p class='ocr_par' dir='ltr' id='par_1_5' title="bbox 1508 426 1570 461">
     <span class='ocr_line' id='line_1_5' title="bbox 1554 426 1570 436; baseline 0 0"><span class='ocrx_word' id='word_1_19' title='bbox 1554 426 1570 436; x_wconf 56' lang='grc' dir='ltr'><strong><em>μ</em></strong></span> 
     </span>
     <span class='ocr_line' id='line_1_6' title="bbox 1508 427 1570 461; baseline 0.016 -1"><span class='ocrx_word' id='word_1_20' title='bbox 1508 427 1570 461; x_wconf 62' lang='lat'>162»</span> 
     </span>
    </p>
   </div>
   <div class='ocr_carea' id='block_1_6' title="bbox 148 487 1347 791">
    <p class='ocr_par' dir='ltr' id='par_1_6' title="bbox 148 487 1258 557">
     <span class='ocr_line' id='line_1_7' title="bbox 148 487 1258 557; baseline -0.002 -19"><span class='ocrx_word' id='word_1_21' title='bbox 148 487 359 554; x_wconf 86' lang='lat' dir='ltr'>Ingentes</span> <span class='ocrx_word' id='word_1_22' title='bbox 376 491 522 539; x_wconf 89' lang='lat' dir='ltr'>animo</span> <span class='ocrx_word' id='word_1_23' title='bbox 549 502 595 539; x_wconf 85' lang='lat' dir='ltr'>et</span> <span class='ocrx_word' id='word_1_24' title='bbox 616 491 772 555; x_wconf 84' lang='lat' dir='ltr'>dignas</span> <span class='ocrx_word' id='word_1_25' title='bbox 790 492 901 539; x_wconf 85' lang='lat' dir='ltr'><strong>Jove</strong></span> <span class='ocrx_word' id='word_1_26' title='bbox 926 490 1123 557; x_wconf 83' lang='lat' dir='ltr'>concipit</span> <span class='ocrx_word' id='word_1_27' title='bbox 1143 489 1230 537; x_wconf 86' lang='lat' dir='ltr'>iras</span> <span class='ocrx_word' id='word_1_28' title='bbox 1247 507 1258 546; x_wconf 83' lang='lat'><em>3</em></span> 
     </span>
    </p>

    <p class='ocr_par' dir='ltr' id='par_1_7' title="bbox 151 567 1347 706">
     <span class='ocr_line' id='line_1_8' title="bbox 151 567 1347 636; baseline -0.002 -19"><span class='ocrx_word' id='word_1_29' title='bbox 151 568 493 636; x_wconf 88' lang='lat' dir='ltr'>Conciliumque</span> <span class='ocrx_word' id='word_1_30' title='bbox 515 581 642 617; x_wconf 83' lang='lat' dir='ltr'>vocat</span> <span class='ocrx_word' id='word_1_31' title='bbox 664 590 674 616; x_wconf 89' lang='lat'>:</span> <span class='ocrx_word' id='word_1_32' title='bbox 697 570 839 618; x_wconf 86' lang='lat' dir='ltr'>tenuit</span> <span class='ocrx_word' id='word_1_33' title='bbox 862 589 984 618; x_wconf 87' lang='lat' dir='ltr'>mora</span> <span class='ocrx_word' id='word_1_34' title='bbox 1006 567 1131 618; x_wconf 88' lang='lat' dir='ltr'>nulla</span> <span class='ocrx_word' id='word_1_35' title='bbox 1145 579 1347 616; x_wconf 71' lang='lat' dir='ltr'>vocatos.</span> 
     </span>
     <span class='ocr_line' id='line_1_9' title="bbox 214 646 1225 706; baseline -0.002 -10"><span class='ocrx_word' id='word_1_36' title='bbox 214 649 299 696; x_wconf 87' lang='lat' dir='ltr'>Est</span> <span class='ocrx_word' id='word_1_37' title='bbox 317 647 387 697; x_wconf 89' lang='lat' dir='ltr'>via</span> <span class='ocrx_word' id='word_1_38' title='bbox 407 646 611 696; x_wconf 84' lang='lat' dir='ltr'>sublimis</span> <span class='ocrx_word' id='word_1_39' title='bbox 627 685 638 706; x_wconf 92' lang='lat'>‚</span> <span class='ocrx_word' id='word_1_40' title='bbox 663 646 767 696; x_wconf 87' lang='lat' dir='ltr'>caelo</span> <span class='ocrx_word' id='word_1_41' title='bbox 790 646 1019 696; x_wconf 86' lang='lat' dir='ltr'>manifesta</span> <span class='ocrx_word' id='word_1_42' title='bbox 1043 665 1197 695; x_wconf 90' lang='lat' dir='ltr'>sereno</span> <span class='ocrx_word' id='word_1_43' title='bbox 1213 683 1225 704; x_wconf 91' lang='lat'><strong>‚</strong></span> 
     </span>
    </p>

    <p class='ocr_par' dir='ltr' id='par_1_8' title="bbox 148 724 1257 791">
     <span class='ocr_line' id='line_1_10' title="bbox 148 724 1257 791; baseline 0 -19"><span class='ocrx_word' id='word_1_44' title='bbox 148 725 307 774; x_wconf 88' lang='lat' dir='ltr'>Lactea</span> <span class='ocrx_word' id='word_1_45' title='bbox 327 743 489 773; x_wconf 87' lang='lat' dir='ltr'>nomen</span> <span class='ocrx_word' id='word_1_46' title='bbox 512 724 668 782; x_wconf 86' lang='lat' dir='ltr'>habet;</span> <span class='ocrx_word' id='word_1_47' title='bbox 694 724 883 774; x_wconf 87' lang='lat' dir='ltr'>candore</span> <span class='ocrx_word' id='word_1_48' title='bbox 907 724 1118 773; x_wconf 86' lang='lat' dir='ltr'>notabilis</span> <span class='ocrx_word' id='word_1_49' title='bbox 1143 724 1257 791; x_wconf 90' lang='lat' dir='ltr'>ipso.</span> 
     </span>
    </p>
   </div>
   <div class='ocr_carea' id='block_1_7' title="bbox 149 801 1292 869">
    <p class='ocr_par' dir='ltr' id='par_1_9' title="bbox 149 801 1292 869">
     <span class='ocr_line' id='line_1_11' title="bbox 149 801 1292 869; baseline -0.003 -17"><span class='ocrx_word' id='word_1_50' title='bbox 149 803 245 852; x_wconf 87' lang='lat' dir='ltr'>Hac</span> <span class='ocrx_word' id='word_1_51' title='bbox 267 804 352 852; x_wconf 88' lang='lat' dir='ltr'>iter</span> <span class='ocrx_word' id='word_1_52' title='bbox 373 814 441 852; x_wconf 90' lang='lat' dir='ltr'>est</span> <span class='ocrx_word' id='word_1_53' title='bbox 461 803 643 869; x_wconf 87' lang='lat' dir='ltr'>Superis</span> <span class='ocrx_word' id='word_1_54' title='bbox 667 802 723 851; x_wconf 85' lang='lat' dir='ltr'>ad</span> <span class='ocrx_word' id='word_1_55' title='bbox 741 803 890 866; x_wconf 84' lang='lat' dir='ltr'>magni</span> <span class='ocrx_word' id='word_1_56' title='bbox 913 814 1026 851; x_wconf 86' lang='lat' dir='ltr'>tecta</span> <span class='ocrx_word' id='word_1_57' title='bbox 1046 801 1264 850; x_wconf 87' lang='lat' dir='ltr'><strong>Tonantis</strong></span> <span class='ocrx_word' id='word_1_58' title='bbox 1280 838 1292 859; x_wconf 94' lang='lat'>‚</span> 
     </span>
    </p>
   </div>
   <div class='ocr_carea' id='block_1_8' title="bbox 140 924 828 2806">
    <p class='ocr_par' dir='ltr' id='par_1_10' title="bbox 140 924 828 2806">
     <span class='ocr_line' id='line_1_12' title="bbox 147 924 827 971; baseline -0.004 -10"><span class='ocrx_word' id='word_1_59' title='bbox 147 925 303 962; x_wconf 88' lang='lat' dir='ltr'>multum</span> <span class='ocrx_word' id='word_1_60' title='bbox 311 924 443 971; x_wconf 81' lang='lat' dir='ltr'>ingenii</span> <span class='ocrx_word' id='word_1_61' title='bbox 457 924 620 960; x_wconf 81' lang='lat' dir='ltr'>ostendit.</span> <span class='ocrx_word' id='word_1_62' title='bbox 633 925 743 959; x_wconf 86' lang='lat' dir='ltr'>Poeta</span> <span class='ocrx_word' id='word_1_63' title='bbox 752 937 827 959; x_wconf 91' lang='lat' dir='ltr'>non</span> 
     </span>
     <span class='ocr_line' id='line_1_13' title="bbox 146 977 827 1025; baseline -0.004 -11"><span class='ocrx_word' id='word_1_64' title='bbox 146 978 218 1025; x_wconf 78' lang='lat' dir='ltr'>ipse</span> <span class='ocrx_word' id='word_1_65' title='bbox 238 984 380 1022; x_wconf 86' lang='lat' dir='ltr'>narrat,</span> <span class='ocrx_word' id='word_1_66' title='bbox 407 977 489 1023; x_wconf 89' lang='lat' dir='ltr'>quid</span> <span class='ocrx_word' id='word_1_67' title='bbox 509 977 650 1024; x_wconf 85' lang='lat' dir='ltr'><strong>Lycaon</strong></span> <span class='ocrx_word' id='word_1_68' title='bbox 670 977 827 1011; x_wconf 80' lang='lat' dir='ltr'>commi-</span> 
     </span>
     <span class='ocr_line' id='line_1_14' title="bbox 146 1029 826 1074; baseline -0.003 -8"><span class='ocrx_word' id='word_1_69' title='bbox 146 1030 231 1066; x_wconf 79' lang='lat' dir='ltr'>serit</span> <span class='ocrx_word' id='word_1_70' title='bbox 242 1056 252 1074; x_wconf 91' lang='lat'>,</span> <span class='ocrx_word' id='word_1_71' title='bbox 286 1029 347 1066; x_wconf 83' lang='lat' dir='ltr'>sed</span> <span class='ocrx_word' id='word_1_72' title='bbox 373 1030 501 1064; x_wconf 87' lang='lat' dir='ltr'>Jovem</span> <span class='ocrx_word' id='word_1_73' title='bbox 527 1029 604 1064; x_wconf 87' lang='lat' dir='ltr'>Diis</span> <span class='ocrx_word' id='word_1_74' title='bbox 629 1029 826 1064; x_wconf 85' lang='lat' dir='ltr'>convocatis</span> 
     </span>
     <span class='ocr_line' id='line_1_15' title="bbox 147 1080 828 1127; baseline -0.003 -10"><span class='ocrx_word' id='word_1_75' title='bbox 147 1089 353 1118; x_wconf 84' lang='lat' dir='ltr'>narrantem</span> <span class='ocrx_word' id='word_1_76' title='bbox 376 1080 511 1116; x_wconf 80' lang='lat' dir='ltr'><strong>inducit</strong></span> <span class='ocrx_word' id='word_1_77' title='bbox 535 1094 543 1116; x_wconf 92' lang='lat'><strong>:</strong></span> <span class='ocrx_word' id='word_1_78' title='bbox 567 1094 644 1127; x_wconf 84' lang='lat' dir='ltr'>quae</span> <span class='ocrx_word' id='word_1_79' title='bbox 668 1081 828 1116; x_wconf 85' lang='lat' dir='ltr'>inventio</span> 
     </span>
     <span class='ocr_line' id='line_1_16' title="bbox 147 1133 827 1179; baseline -0.003 -10"><span class='ocrx_word' id='word_1_80' title='bbox 147 1133 259 1169; x_wconf 84' lang='lat' dir='ltr'>multa</span> <span class='ocrx_word' id='word_1_81' title='bbox 272 1141 482 1169; x_wconf 85' lang='lat' dir='ltr'>ornamenta</span> <span class='ocrx_word' id='word_1_82' title='bbox 496 1134 641 1179; x_wconf 77' lang='lat' dir='ltr'>peperit.</span> <span class='ocrx_word' id='word_1_83' title='bbox 659 1133 717 1168; x_wconf 89' lang='lat' dir='ltr'>Sic</span> <span class='ocrx_word' id='word_1_84' title='bbox 730 1133 827 1168; x_wconf 88' lang='lat' dir='ltr'>enim</span> 
     </span>
     <span class='ocr_line' id='line_1_17' title="bbox 146 1186 827 1231; baseline -0.003 -9"><span class='ocrx_word' id='word_1_85' title='bbox 146 1200 324 1223; x_wconf 80' lang='lat' dir='ltr'>consessus</span> <span class='ocrx_word' id='word_1_86' title='bbox 341 1187 503 1222; x_wconf 81' lang='lat' dir='ltr'>Deorum</span> <span class='ocrx_word' id='word_1_87' title='bbox 516 1213 526 1230; x_wconf 93' lang='lat'>‚</span> <span class='ocrx_word' id='word_1_88' title='bbox 553 1186 720 1231; x_wconf 86' lang='lat' dir='ltr'>Jovisque</span> <span class='ocrx_word' id='word_1_89' title='bbox 743 1199 827 1221; x_wconf 88' lang='lat' dir='ltr'>ma-</span> 
     </span>
     <span class='ocr_line' id='line_1_18' title="bbox 145 1239 827 1286; baseline 0 -12"><span class='ocrx_word' id='word_1_90' title='bbox 145 1239 252 1286; x_wconf 78' lang='lat' dir='ltr'>jestas</span> <span class='ocrx_word' id='word_1_91' title='bbox 270 1239 437 1284; x_wconf 82' lang='lat' dir='ltr'>describi,</span> <span class='ocrx_word' id='word_1_92' title='bbox 462 1247 568 1285; x_wconf 88' lang='lat' dir='ltr'>atque</span> <span class='ocrx_word' id='word_1_93' title='bbox 590 1240 702 1274; x_wconf 83' lang='lat' dir='ltr'>oratio</span> <span class='ocrx_word' id='word_1_94' title='bbox 723 1253 827 1274; x_wconf 88' lang='lat' dir='ltr'>com—</span> 
     </span>
     <span class='ocr_line' id='line_1_19' title="bbox 147 1290 827 1338; baseline 0 -12"><span class='ocrx_word' id='word_1_95' title='bbox 147 1298 246 1326; x_wconf 86' lang='lat' dir='ltr'>mota</span> <span class='ocrx_word' id='word_1_96' title='bbox 266 1291 373 1327; x_wconf 82' lang='lat' dir='ltr'>intexi</span> <span class='ocrx_word' id='word_1_97' title='bbox 389 1298 536 1338; x_wconf 82' lang='lat' dir='ltr'>poterat.</span> <span class='ocrx_word' id='word_1_98' title='bbox 559 1310 604 1318; x_wconf 91' lang='lat'>—-</span> <span class='ocrx_word' id='word_1_99' title='bbox 621 1290 758 1326; x_wconf 84' lang='lat' dir='ltr'>Caelum</span> <span class='ocrx_word' id='word_1_100' title='bbox 775 1305 827 1326; x_wconf 85' lang='lat' dir='ltr'>vr.</span> 
     </span>
     <span class='ocr_line' id='line_1_20' title="bbox 147 1345 826 1388; baseline -0.001 -11"><span class='ocrx_word' id='word_1_101' title='bbox 147 1356 213 1378; x_wconf 72' lang='lat' dir='ltr'>arx</span> <span class='ocrx_word' id='word_1_102' title='bbox 230 1345 362 1385; x_wconf 78' lang='lat' dir='ltr'>mundi,</span> <span class='ocrx_word' id='word_1_103' title='bbox 393 1356 458 1377; x_wconf 74' lang='lat' dir='ltr'>arx</span> <span class='ocrx_word' id='word_1_104' title='bbox 479 1345 574 1388; x_wconf 79' lang='lat' dir='ltr'>coeli,</span> <span class='ocrx_word' id='word_1_105' title='bbox 598 1356 694 1378; x_wconf 84' lang='lat' dir='ltr'>arces</span> <span class='ocrx_word' id='word_1_106' title='bbox 713 1346 826 1388; x_wconf 75' lang='lat' dir='ltr'>igneoe.</span> 
     </span>
     <span class='ocr_line' id='line_1_21' title="bbox 147 1395 824 1442; baseline 0 -12"><span class='ocrx_word' id='word_1_107' title='bbox 147 1395 241 1430; x_wconf 86' lang='lat' dir='ltr'>Vide</span> <span class='ocrx_word' id='word_1_108' title='bbox 253 1395 428 1432; x_wconf 85' lang='lat' dir='ltr'>Brouckh.</span> <span class='ocrx_word' id='word_1_109' title='bbox 440 1395 484 1431; x_wconf 93' lang='lat' dir='ltr'>ad</span> <span class='ocrx_word' id='word_1_110' title='bbox 493 1396 654 1442; x_wconf 88' lang='lat' dir='ltr'>Propert.</span> <span class='ocrx_word' id='word_1_111' title='bbox 665 1396 739 1439; x_wconf 89' lang='lat'>111,</span> <span class='ocrx_word' id='word_1_112' title='bbox 756 1407 803 1430; x_wconf 92' lang='lat'>111</span> <span class='ocrx_word' id='word_1_113' title='bbox 814 1423 824 1439; x_wconf 92' lang='lat'>,</span> 
     </span>
     <span class='ocr_line' id='line_1_22' title="bbox 148 1448 828 1484; baseline 0 0"><span class='ocrx_word' id='word_1_114' title='bbox 148 1449 201 1484; x_wconf 84' lang='lat'>53.</span> <span class='ocrx_word' id='word_1_115' title='bbox 221 1449 264 1484; x_wconf 88' lang='lat' dir='ltr'>In</span> <span class='ocrx_word' id='word_1_116' title='bbox 279 1462 411 1484; x_wconf 79' lang='lat' dir='ltr'>summa</span> <span class='ocrx_word' id='word_1_117' title='bbox 423 1462 502 1484; x_wconf 84' lang='lat' dir='ltr'>arce</span> <span class='ocrx_word' id='word_1_118' title='bbox 513 1448 638 1484; x_wconf 87' lang='lat' dir='ltr'>domus</span> <span class='ocrx_word' id='word_1_119' title='bbox 651 1449 748 1484; x_wconf 88' lang='lat' dir='ltr'>Jovis</span> <span class='ocrx_word' id='word_1_120' title='bbox 761 1450 828 1484; x_wconf 83' lang='lat' dir='ltr'>suit</span> 
     </span>
     <span class='ocr_line' id='line_1_23' title="bbox 146 1500 825 1548; baseline 0 -13"><span class='ocrx_word' id='word_1_121' title='bbox 146 1500 204 1544; x_wconf 87' lang='lat'>11,</span> <span class='ocrx_word' id='word_1_122' title='bbox 234 1501 321 1545; x_wconf 79' lang='lat'><strong>306,</strong></span> <span class='ocrx_word' id='word_1_123' title='bbox 347 1514 423 1547; x_wconf 85' lang='lat' dir='ltr'>quae</span> <span class='ocrx_word' id='word_1_124' title='bbox 442 1507 478 1536; x_wconf 85' lang='lat' dir='ltr'>et</span> <span class='ocrx_word' id='word_1_125' title='bbox 498 1501 571 1548; x_wconf 89' lang='lat' dir='ltr'>ipsa</span> <span class='ocrx_word' id='word_1_126' title='bbox 586 1514 654 1536; x_wconf 76' lang='lat' dir='ltr'>arx</span> <span class='ocrx_word' id='word_1_127' title='bbox 670 1515 722 1536; x_wconf 86' lang='lat' dir='ltr'>vr.</span> <span class='ocrx_word' id='word_1_128' title='bbox 739 1515 825 1536; x_wconf 87' lang='lat' dir='ltr'>vers.</span> 
     </span>
     <span class='ocr_line' id='line_1_24' title="bbox 144 1554 826 1602; baseline 0 -12"><span class='ocrx_word' id='word_1_129' title='bbox 144 1554 211 1601; x_wconf 81' lang='grc'>673</span> <span class='ocrx_word' id='word_1_130' title='bbox 230 1581 241 1599; x_wconf 84' lang='grc'><em>,</em></span> <span class='ocrx_word' id='word_1_131' title='bbox 264 1554 360 1590; x_wconf 89' lang='lat' dir='ltr'>unde</span> <span class='ocrx_word' id='word_1_132' title='bbox 387 1555 530 1602; x_wconf 78' lang='lat' dir='ltr'>despicit</span> <span class='ocrx_word' id='word_1_133' title='bbox 555 1563 676 1592; x_wconf 82' lang='lat' dir='ltr'>terras.</span> <span class='ocrx_word' id='word_1_134' title='bbox 700 1555 826 1602; x_wconf 81' lang='lat' dir='ltr'>Virgil.</span> 
     </span>
     <span class='ocr_line' id='line_1_25' title="bbox 144 1605 827 1653; baseline 0.001 -12"><span class='ocrx_word' id='word_1_135' title='bbox 144 1605 230 1641; x_wconf 84' lang='lat' dir='ltr'>AEn.</span> <span class='ocrx_word' id='word_1_136' title='bbox 246 1607 284 1651; x_wconf 86' lang='grc' dir='ltr'>Ι,</span> <span class='ocrx_word' id='word_1_137' title='bbox 304 1607 380 1642; x_wconf 80' lang='lat'>223.</span> <span class='ocrx_word' id='word_1_138' title='bbox 396 1606 502 1653; x_wconf 84' lang='lat' dir='ltr'>Apud</span> <span class='ocrx_word' id='word_1_139' title='bbox 519 1608 669 1642; x_wconf 88' lang='lat' dir='ltr'>Homer.</span> <span class='ocrx_word' id='word_1_140' title='bbox 683 1607 827 1653; x_wconf 82' lang='lat' dir='ltr'>Jupiter</span> 
     </span>
     <span class='ocr_line' id='line_1_26' title="bbox 143 1657 797 1710; baseline 0.002 -18"><span class='ocrx_word' id='word_1_141' title='bbox 143 1659 175 1692; x_wconf 74' lang='grc' dir='ltr'>ἰν</span> <span class='ocrx_word' id='word_1_142' title='bbox 191 1657 342 1710; x_wconf 52' lang='lat' dir='ltr'>inpos-222¹?</span> <span class='ocrx_word' id='word_1_143' title='bbox 359 1667 470 1710; x_wconf 55' lang='grc' dir='ltr'>κορυφῇ</span> <span class='ocrx_word' id='word_1_144' title='bbox 490 1657 636 1706; x_wconf 80' lang='lat' dir='ltr'>Olympi</span> <span class='ocrx_word' id='word_1_145' title='bbox 653 1658 797 1693; x_wconf 86' lang='lat' dir='ltr'>habitat.</span> 
     </span>
     <span class='ocr_line' id='line_1_27' title="bbox 189 1710 824 1759; baseline 0 -14"><span class='ocrx_word' id='word_1_146' title='bbox 189 1710 264 1745; x_wconf 78' lang='lat'>165.</span> <span class='ocrx_word' id='word_1_147' title='bbox 285 1713 389 1747; x_wconf 79' lang='lat' dir='ltr'>Foeda</span> <span class='ocrx_word' id='word_1_148' title='bbox 409 1713 590 1759; x_wconf 78' lang='lat' dir='ltr'>Lycaont&#39;ae</span> <span class='ocrx_word' id='word_1_149' title='bbox 591 1739 666 1748; x_wconf 89' lang='grc'><strong>.......</strong></span> <span class='ocrx_word' id='word_1_150' title='bbox 692 1725 824 1746; x_wconf 82' lang='lat' dir='ltr'>mensoe.</span> 
     </span>
     <span class='ocr_line' id='line_1_28' title="bbox 141 1762 824 1810; baseline 0 -12"><span class='ocrx_word' id='word_1_151' title='bbox 141 1764 264 1798; x_wconf 80' lang='lat' dir='ltr'><em>Faedus</em></span> <span class='ocrx_word' id='word_1_152' title='bbox 273 1766 384 1798; x_wconf 81' lang='lat' dir='ltr'>victus</span> <span class='ocrx_word' id='word_1_153' title='bbox 393 1762 436 1798; x_wconf 92' lang='lat' dir='ltr'>de</span> <span class='ocrx_word' id='word_1_154' title='bbox 447 1776 551 1799; x_wconf 82' lang='lat' dir='ltr'>carne</span> <span class='ocrx_word' id='word_1_155' title='bbox 564 1763 719 1800; x_wconf 82' lang='lat' dir='ltr'>humana</span> <span class='ocrx_word' id='word_1_156' title='bbox 732 1763 824 1810; x_wconf 92' lang='lat' dir='ltr'>apud</span> 
     </span>
     <span class='ocr_line' id='line_1_29' title="bbox 141 1813 824 1866; baseline 0.001 -17"><span class='ocrx_word' id='word_1_157' title='bbox 141 1813 269 1850; x_wconf 79' lang='lat' dir='ltr'>Horat.</span> <span class='ocrx_word' id='word_1_158' title='bbox 283 1814 328 1850; x_wconf 87' lang='lat' dir='ltr'>A.</span> <span class='ocrx_word' id='word_1_159' title='bbox 339 1816 380 1851; x_wconf 89' lang='lat' dir='ltr'>P.</span> <span class='ocrx_word' id='word_1_160' title='bbox 392 1816 467 1864; x_wconf 79' lang='lat'>392.</span> <span class='ocrx_word' id='word_1_161' title='bbox 481 1821 589 1852; x_wconf 79' lang='grc' dir='ltr'>Θοίναν</span> <span class='ocrx_word' id='word_1_162' title='bbox 607 1817 714 1866; x_wconf 70' lang='grc' dir='ltr'><strong><em>ἀγρίαν</em></strong></span> <span class='ocrx_word' id='word_1_163' title='bbox 727 1822 824 1866; x_wconf 64' lang='grc' dir='ltr'><em>θηρῶ-ι</em></span> 
     </span>
     <span class='ocr_line' id='line_1_30' title="bbox 140 1867 824 1913; baseline 0.001 -12"><span class='ocrx_word' id='word_1_164' title='bbox 140 1874 241 1903; x_wconf 79' lang='lat' dir='ltr'>vocat</span> <span class='ocrx_word' id='word_1_165' title='bbox 254 1867 376 1913; x_wconf 64' lang='lat' dir='ltr'>Eun-ip.</span> <span class='ocrx_word' id='word_1_166' title='bbox 393 1867 481 1903; x_wconf 87' lang='lat' dir='ltr'>Hec.</span> <span class='ocrx_word' id='word_1_167' title='bbox 497 1880 591 1913; x_wconf 85' lang='lat'>1071.</span> <span class='ocrx_word' id='word_1_168' title='bbox 606 1868 660 1903; x_wconf 90' lang='lat' dir='ltr'>Ut</span> <span class='ocrx_word' id='word_1_169' title='bbox 672 1867 728 1903; x_wconf 90' lang='lat' dir='ltr'>hic</span> <span class='ocrx_word' id='word_1_170' title='bbox 741 1881 824 1903; x_wconf 87' lang='lat' dir='ltr'>con-</span> 
     </span>
     <span class='ocr_line' id='line_1_31' title="bbox 140 1920 823 1967; baseline 0 -13"><span class='ocrx_word' id='word_1_171' title='bbox 140 1921 231 1955; x_wconf 72' lang='lat' dir='ltr'>re&#39;m&#39;a</span> <span class='ocrx_word' id='word_1_172' title='bbox 243 1920 424 1967; x_wconf 74' lang='lat' dir='ltr'>Lycaonia·</span> <span class='ocrx_word' id='word_1_173' title='bbox 435 1932 558 1954; x_wconf 80' lang='lat' dir='ltr'>mensoe</span> <span class='ocrx_word' id='word_1_174' title='bbox 568 1946 577 1964; x_wconf 94' lang='lat'>,</span> <span class='ocrx_word' id='word_1_175' title='bbox 595 1920 643 1955; x_wconf 89' lang='lat' dir='ltr'>sic</span> <span class='ocrx_word' id='word_1_176' title='bbox 654 1920 746 1966; x_wconf 90' lang='lat' dir='ltr'>apud</span> <span class='ocrx_word' id='word_1_177' title='bbox 758 1920 823 1954; x_wconf 88' lang='lat' dir='ltr'>Lu-</span> 
     </span>
     <span class='ocr_line' id='line_1_32' title="bbox 141 1972 823 2008; baseline 0 -2"><span class='ocrx_word' id='word_1_178' title='bbox 141 1983 219 2006; x_wconf 82' lang='lat' dir='ltr'>can.</span> <span class='ocrx_word' id='word_1_179' title='bbox 248 1985 289 2007; x_wconf 84' lang='lat' dir='ltr'>ex</span> <span class='ocrx_word' id='word_1_180' title='bbox 314 1972 510 2008; x_wconf 85' lang='lat' dir='ltr'>imitatione</span> <span class='ocrx_word' id='word_1_181' title='bbox 527 1972 648 2007; x_wconf 86' lang='lat' dir='ltr'>Nostri</span> <span class='ocrx_word' id='word_1_182' title='bbox 670 1975 823 2007; x_wconf 71' lang='lat' dir='ltr'>convivia</span> 
     </span>
     <span class='ocr_line' id='line_1_33' title="bbox 146 2026 825 2073; baseline -0.001 -12"><span class='ocrx_word' id='word_1_183' title='bbox 146 2027 371 2073; x_wconf 70' lang='lat' dir='ltr'>Ganymedea</span> <span class='ocrx_word' id='word_1_184' title='bbox 393 2039 531 2068; x_wconf 69' lang='lat' dir='ltr'>mense,</span> <span class='ocrx_word' id='word_1_185' title='bbox 557 2034 593 2061; x_wconf 92' lang='lat' dir='ltr'>et</span> <span class='ocrx_word' id='word_1_186' title='bbox 617 2026 709 2071; x_wconf 86' lang='lat' dir='ltr'>apud</span> <span class='ocrx_word' id='word_1_187' title='bbox 725 2026 825 2061; x_wconf 90' lang='lat' dir='ltr'>Nos-</span> 
     </span>
     <span class='ocr_line' id='line_1_34' title="bbox 143 2079 826 2126; baseline 0 -14"><span class='ocrx_word' id='word_1_188' title='bbox 143 2084 241 2112; x_wconf 75' lang='lat' dir='ltr'>trum</span> <span class='ocrx_word' id='word_1_189' title='bbox 257 2079 348 2123; x_wconf 85' lang='lat' dir='ltr'>XV,</span> <span class='ocrx_word' id='word_1_190' title='bbox 382 2081 552 2126; x_wconf 75' lang='lat' dir='ltr'>Thyestea·</span> <span class='ocrx_word' id='word_1_191' title='bbox 575 2091 719 2118; x_wconf 69' lang='lat' dir='ltr'>mensor,</span> <span class='ocrx_word' id='word_1_192' title='bbox 750 2091 826 2112; x_wconf 89' lang='lat' dir='ltr'>nou</span> 
     </span>
     <span class='ocr_line' id='line_1_35' title="bbox 146 2130 826 2179; baseline 0 -13"><span class='ocrx_word' id='word_1_193' title='bbox 146 2130 264 2166; x_wconf 86' lang='lat' dir='ltr'>minus</span> <span class='ocrx_word' id='word_1_194' title='bbox 275 2132 332 2166; x_wconf 87' lang='lat' dir='ltr'>illa</span> <span class='ocrx_word' id='word_1_195' title='bbox 344 2131 452 2176; x_wconf 80' lang='lat' dir='ltr'>soeda,</span> <span class='ocrx_word' id='word_1_196' title='bbox 471 2145 577 2178; x_wconf 87' lang='lat' dir='ltr'>quam</span> <span class='ocrx_word' id='word_1_197' title='bbox 587 2131 771 2179; x_wconf 83' lang='lat' dir='ltr'>Lycaonia.</span> <span class='ocrx_word' id='word_1_198' title='bbox 781 2150 826 2158; x_wconf 90' lang='lat'><em>-</em></span> 
     </span>
     <span class='ocr_line' id='line_1_36' title="bbox 144 2183 826 2230; baseline -0.001 -11"><span class='ocrx_word' id='word_1_199' title='bbox 144 2185 308 2230; x_wconf 81' lang='lat' dir='ltr'>Befercns</span> <span class='ocrx_word' id='word_1_200' title='bbox 319 2197 329 2218; x_wconf 93' lang='grc'>.·</span> <span class='ocrx_word' id='word_1_201' title='bbox 341 2183 465 2229; x_wconf 87' lang='lat' dir='ltr'>quibus</span> <span class='ocrx_word' id='word_1_202' title='bbox 477 2183 493 2218; x_wconf 77' lang='grc' dir='ltr'>ἐ’</span> <span class='ocrx_word' id='word_1_203' title='bbox 503 2184 599 2219; x_wconf 86' lang='lat' dir='ltr'>Deos</span> <span class='ocrx_word' id='word_1_204' title='bbox 612 2190 730 2230; x_wconf 90' lang='lat' dir='ltr'>postea</span> <span class='ocrx_word' id='word_1_205' title='bbox 741 2196 826 2219; x_wconf 93' lang='lat' dir='ltr'>con-</span> 
     </span>
     <span class='ocr_line' id='line_1_37' title="bbox 144 2235 822 2282; baseline -0.001 -12"><span class='ocrx_word' id='word_1_206' title='bbox 144 2242 255 2271; x_wconf 75' lang='lat' dir='ltr'>vocat.</span> <span class='ocrx_word' id='word_1_207' title='bbox 286 2236 385 2271; x_wconf 87' lang='lat' dir='ltr'>Num</span> <span class='ocrx_word' id='word_1_208' title='bbox 406 2242 508 2282; x_wconf 83' lang='lat' dir='ltr'>poeta</span> <span class='ocrx_word' id='word_1_209' title='bbox 530 2235 627 2271; x_wconf 88' lang='lat' dir='ltr'>dedit</span> <span class='ocrx_word' id='word_1_210' title='bbox 651 2241 800 2281; x_wconf 84' lang='lat' dir='ltr'>repetens</span> <span class='ocrx_word' id='word_1_211' title='bbox 813 2262 822 2280; x_wconf 94' lang='lat'>,</span> 
     </span>
     <span class='ocr_line' id='line_1_38' title="bbox 143 2288 822 2324; baseline 0 0"><span class='ocrx_word' id='word_1_212' title='bbox 143 2289 209 2324; x_wconf 73' lang='lat' dir='ltr'>sibi</span> <span class='ocrx_word' id='word_1_213' title='bbox 225 2289 264 2324; x_wconf 88' lang='lat' dir='ltr'>in</span> <span class='ocrx_word' id='word_1_214' title='bbox 282 2289 493 2324; x_wconf 85' lang='lat' dir='ltr'>memoriam</span> <span class='ocrx_word' id='word_1_215' title='bbox 511 2288 705 2324; x_wconf 85' lang='lat' dir='ltr'>revocans?</span> <span class='ocrx_word' id='word_1_216' title='bbox 732 2289 822 2324; x_wconf 89' lang='lat' dir='ltr'>Plin.</span> 
     </span>
     <span class='ocr_line' id='line_1_39' title="bbox 141 2341 824 2388; baseline -0.003 -10"><span class='ocrx_word' id='word_1_217' title='bbox 141 2342 220 2386; x_wconf 86' lang='lat' dir='ltr'>III,</span> <span class='ocrx_word' id='word_1_218' title='bbox 239 2342 304 2388; x_wconf 88' lang='lat' dir='ltr'>Ep.</span> <span class='ocrx_word' id='word_1_219' title='bbox 323 2343 358 2383; x_wconf 87' lang='lat'>5,</span> <span class='ocrx_word' id='word_1_220' title='bbox 383 2341 432 2376; x_wconf 75' lang='grc' dir='ltr'>ιθ.</span> <span class='ocrx_word' id='word_1_221' title='bbox 452 2341 543 2376; x_wconf 88' lang='lat' dir='ltr'>Rod.</span> <span class='ocrx_word' id='word_1_222' title='bbox 567 2341 682 2376; x_wconf 82' lang='lat' dir='ltr'>omisit</span> <span class='ocrx_word' id='word_1_223' title='bbox 698 2341 734 2376; x_wconf 91' lang='lat' dir='ltr'>in</span> <span class='ocrx_word' id='word_1_224' title='bbox 750 2354 824 2377; x_wconf 85' lang='lat' dir='ltr'>ver-</span> 
     </span>
     <span class='ocr_line' id='line_1_40' title="bbox 141 2392 826 2434; baseline -0.001 -6"><span class='ocrx_word' id='word_1_225' title='bbox 141 2394 305 2429; x_wconf 78' lang='lat' dir='ltr'>sione.-·</span> <span class='ocrx_word' id='word_1_226' title='bbox 314 2395 420 2429; x_wconf 79' lang='lat' dir='ltr'>Facto</span> <span class='ocrx_word' id='word_1_227' title='bbox 428 2396 561 2434; x_wconf 81' lang='lat' dir='ltr'>recenti,</span> <span class='ocrx_word' id='word_1_228' title='bbox 578 2401 617 2428; x_wconf 90' lang='lat' dir='ltr'>ut</span> <span class='ocrx_word' id='word_1_229' title='bbox 632 2392 710 2428; x_wconf 88' lang='lat' dir='ltr'>alibi</span> <span class='ocrx_word' id='word_1_230' title='bbox 722 2406 756 2427; x_wconf 82' lang='lat' dir='ltr'>re</span> <span class='ocrx_word' id='word_1_231' title='bbox 771 2406 826 2428; x_wconf 82' lang='lat' dir='ltr'>re-</span> 
     </span>
     <span class='ocr_line' id='line_1_41' title="bbox 141 2445 824 2492; baseline 0.001 -11"><span class='ocrx_word' id='word_1_232' title='bbox 141 2447 551 2492; x_wconf 74' lang='lat' dir='ltr'>centi.-—Conc1&#39;pianimo</span> <span class='ocrx_word' id='word_1_233' title='bbox 559 2445 737 2490; x_wconf 89' lang='lat' dir='ltr'>dicuntur,</span> <span class='ocrx_word' id='word_1_234' title='bbox 747 2458 824 2492; x_wconf 81' lang='lat' dir='ltr'>quae</span> 
     </span>
     <span class='ocr_line' id='line_1_42' title="bbox 142 2498 790 2543; baseline 0.002 -10"><span class='ocrx_word' id='word_1_235' title='bbox 142 2498 309 2534; x_wconf 82' lang='lat' dir='ltr'>oriuntur</span> <span class='ocrx_word' id='word_1_236' title='bbox 321 2498 359 2533; x_wconf 90' lang='lat' dir='ltr'>in</span> <span class='ocrx_word' id='word_1_237' title='bbox 377 2499 517 2542; x_wconf 88' lang='lat' dir='ltr'>animo,</span> <span class='ocrx_word' id='word_1_238' title='bbox 535 2506 574 2534; x_wconf 93' lang='lat' dir='ltr'>ut</span> <span class='ocrx_word' id='word_1_239' title='bbox 589 2499 640 2534; x_wconf 90' lang='lat' dir='ltr'>ira</span> <span class='ocrx_word' id='word_1_240' title='bbox 652 2525 662 2543; x_wconf 87' lang='lat'>,</span> <span class='ocrx_word' id='word_1_241' title='bbox 679 2499 790 2534; x_wconf 80' lang='lat' dir='ltr'>furor.</span> 
     </span>
     <span class='ocr_line' id='line_1_43' title="bbox 190 2550 825 2595; baseline 0.005 -11"><span class='ocrx_word' id='word_1_242' title='bbox 190 2550 262 2591; x_wconf 73' lang='lat'>166.</span> <span class='ocrx_word' id='word_1_243' title='bbox 289 2552 444 2595; x_wconf 71' lang='lat' dir='ltr'>Ingentes</span> <span class='ocrx_word' id='word_1_244' title='bbox 468 2554 590 2586; x_wconf 80' lang='lat' dir='ltr'>animo.</span> <span class='ocrx_word' id='word_1_245' title='bbox 613 2551 764 2587; x_wconf 83' lang='lat' dir='ltr'>Palatini</span> <span class='ocrx_word' id='word_1_246' title='bbox 787 2558 825 2588; x_wconf 88' lang='lat' dir='ltr'>et</span> 
     </span>
     <span class='ocr_line' id='line_1_44' title="bbox 143 2602 825 2647; baseline 0.001 -9"><span class='ocrx_word' id='word_1_247' title='bbox 143 2602 201 2638; x_wconf 83' lang='lat' dir='ltr'>alii</span> <span class='ocrx_word' id='word_1_248' title='bbox 215 2602 378 2639; x_wconf 86' lang='lat' dir='ltr'>nonnulli</span> <span class='ocrx_word' id='word_1_249' title='bbox 392 2628 402 2646; x_wconf 91' lang='lat'>‚</span> <span class='ocrx_word' id='word_1_250' title='bbox 419 2606 574 2647; x_wconf 75' lang='lat' dir='ltr'>Ingentes</span> <span class='ocrx_word' id='word_1_251' title='bbox 594 2607 727 2639; x_wconf 72' lang='lat' dir='ltr'>animos</span> <span class='ocrx_word' id='word_1_252' title='bbox 739 2631 748 2645; x_wconf 86' lang='lat'><em>‚</em></span> <span class='ocrx_word' id='word_1_253' title='bbox 775 2606 825 2639; x_wconf 87' lang='lat' dir='ltr'>di-</span> 
     </span>
     <span class='ocr_line' id='line_1_45' title="bbox 140 2655 826 2700; baseline 0 -10"><span class='ocrx_word' id='word_1_254' title='bbox 140 2668 231 2700; x_wconf 68' lang='lat' dir='ltr'>gnas</span> <span class='ocrx_word' id='word_1_255' title='bbox 259 2662 324 2691; x_wconf 87' lang='lat' dir='ltr'>etc.</span> <span class='ocrx_word' id='word_1_256' title='bbox 363 2655 482 2690; x_wconf 85' lang='lat' dir='ltr'>Placet</span> <span class='ocrx_word' id='word_1_257' title='bbox 510 2655 602 2691; x_wconf 86' lang='lat' dir='ltr'>Dan.</span> <span class='ocrx_word' id='word_1_258' title='bbox 635 2656 760 2691; x_wconf 78' lang='lat' dir='ltr'>Heins-</span> <span class='ocrx_word' id='word_1_259' title='bbox 789 2663 826 2691; x_wconf 85' lang='lat' dir='ltr'>et</span> 
     </span>
     <span class='ocr_line' id='line_1_46' title="bbox 144 2705 825 2752; baseline 0 -12"><span class='ocrx_word' id='word_1_260' title='bbox 144 2705 270 2741; x_wconf 84' lang='lat' dir='ltr'>Burm.</span> <span class='ocrx_word' id='word_1_261' title='bbox 282 2706 368 2751; x_wconf 60' lang='lat' dir='ltr'>&gt;quia</span> <span class='ocrx_word' id='word_1_262' title='bbox 388 2709 498 2740; x_wconf 82' lang='lat' dir='ltr'>animi</span> <span class='ocrx_word' id='word_1_263' title='bbox 510 2719 599 2752; x_wconf 84' lang='lat' dir='ltr'>saepe</span> <span class='ocrx_word' id='word_1_264' title='bbox 610 2706 653 2741; x_wconf 91' lang='lat' dir='ltr'>de</span> <span class='ocrx_word' id='word_1_265' title='bbox 665 2707 716 2740; x_wconf 90' lang='lat' dir='ltr'>ira</span> <span class='ocrx_word' id='word_1_266' title='bbox 731 2706 825 2741; x_wconf 90' lang='lat' dir='ltr'>dici—-</span> 
     </span>
     <span class='ocr_line' id='line_1_47' title="bbox 147 2758 825 2806; baseline -0.001 -11"><span class='ocrx_word' id='word_1_267' title='bbox 147 2765 219 2804; x_wconf 68' lang='lat' dir='ltr'>tur,</span> <span class='ocrx_word' id='word_1_268' title='bbox 235 2765 362 2796; x_wconf 86' lang='lat' dir='ltr'>etcum</span> <span class='ocrx_word' id='word_1_269' title='bbox 377 2763 430 2795; x_wconf 76' lang='lat' dir='ltr'>ira</span> <span class='ocrx_word' id='word_1_270' title='bbox 444 2759 681 2806; x_wconf 87' lang='lat' dir='ltr'>conjungitur.</span> <span class='ocrx_word' id='word_1_271' title='bbox 695 2758 825 2796; x_wconf 88' lang='lat' dir='ltr'>Melior</span> 
     </span>
    </p>
   </div>
   <div class='ocr_carea' id='block_1_9' title="bbox 1511 825 1573 861">
    <p class='ocr_par' dir='ltr' id='par_1_11' title="bbox 1511 825 1573 861">
     <span class='ocr_line' id='line_1_48' title="bbox 1511 825 1573 861; baseline 0 -13"><span class='ocrx_word' id='word_1_272' title='bbox 1511 825 1573 861; x_wconf 81' lang='lat'>¹7⁰</span> 
     </span>
    </p>
   </div>
   <div class='ocr_carea' id='block_1_10' title="bbox 886 922 1585 2816">
    <p class='ocr_par' dir='ltr' id='par_1_12' title="bbox 892 922 1575 1127">
     <span class='ocr_line' id='line_1_49' title="bbox 893 922 1575 970; baseline -0.004 -11"><span class='ocrx_word' id='word_1_273' title='bbox 893 930 945 959; x_wconf 87' lang='lat' dir='ltr'>est</span> <span class='ocrx_word' id='word_1_274' title='bbox 968 923 1127 970; x_wconf 86' lang='lat' dir='ltr'>vulgata;</span> <span class='ocrx_word' id='word_1_275' title='bbox 1154 922 1262 957; x_wconf 87' lang='lat' dir='ltr'>verbo</span> <span class='ocrx_word' id='word_1_276' title='bbox 1280 922 1378 958; x_wconf 88' lang='lat' dir='ltr'>enim</span> <span class='ocrx_word' id='word_1_277' title='bbox 1403 924 1575 966; x_wconf 72' lang='lat' dir='ltr'>concipere</span> 
     </span>
     <span class='ocr_line' id='line_1_50' title="bbox 892 970 1575 1023; baseline -0.003 -11"><span class='ocrx_word' id='word_1_278' title='bbox 892 978 965 1013; x_wconf 84' lang='lat' dir='ltr'>sere</span> <span class='ocrx_word' id='word_1_279' title='bbox 973 970 1112 1023; x_wconf 79' lang='lat' dir='ltr'>semper</span> <span class='ocrx_word' id='word_1_280' title='bbox 1120 976 1261 1011; x_wconf 88' lang='lat' dir='ltr'>additur</span> <span class='ocrx_word' id='word_1_281' title='bbox 1267 979 1380 1011; x_wconf 85' lang='lat' dir='ltr'>animo</span> <span class='ocrx_word' id='word_1_282' title='bbox 1390 983 1450 1010; x_wconf 85' lang='lat' dir='ltr'>aut</span> <span class='ocrx_word' id='word_1_283' title='bbox 1459 980 1575 1010; x_wconf 80' lang='lat' dir='ltr'>mente.</span> 
     </span>
     <span class='ocr_line' id='line_1_51' title="bbox 893 1029 1574 1077; baseline -0.001 -14"><span class='ocrx_word' id='word_1_284' title='bbox 893 1030 985 1066; x_wconf 83' lang='lat' dir='ltr'>Vide</span> <span class='ocrx_word' id='word_1_285' title='bbox 1000 1045 1075 1077; x_wconf 88' lang='lat'><strong>777,</strong></span> <span class='ocrx_word' id='word_1_286' title='bbox 1089 1030 1145 1073; x_wconf 92' lang='lat' dir='ltr'>II,</span> <span class='ocrx_word' id='word_1_287' title='bbox 1167 1044 1220 1076; x_wconf 85' lang='lat'>77,</span> <span class='ocrx_word' id='word_1_288' title='bbox 1231 1030 1311 1073; x_wconf 81' lang='grc'><strong>640,</strong></span> <span class='ocrx_word' id='word_1_289' title='bbox 1325 1029 1359 1063; x_wconf 88' lang='grc' dir='ltr'>Χ</span> <span class='ocrx_word' id='word_1_290' title='bbox 1372 1056 1381 1072; x_wconf 84' lang='grc'>,</span> <span class='ocrx_word' id='word_1_291' title='bbox 1400 1029 1475 1070; x_wconf 83' lang='lat'><strong>352,</strong></span> <span class='ocrx_word' id='word_1_292' title='bbox 1489 1029 1574 1072; x_wconf 90' lang='lat' dir='ltr'>XV,</span> 
     </span>
     <span class='ocr_line' id='line_1_52' title="bbox 893 1080 1435 1127; baseline 0 -11"><span class='ocrx_word' id='word_1_293' title='bbox 893 1082 924 1116; x_wconf 85' lang='grc'>6.</span> <span class='ocrx_word' id='word_1_294' title='bbox 942 1082 995 1117; x_wconf 86' lang='lat' dir='ltr'>Ita</span> <span class='ocrx_word' id='word_1_295' title='bbox 1012 1088 1048 1116; x_wconf 84' lang='lat' dir='ltr'>et</span> <span class='ocrx_word' id='word_1_296' title='bbox 1065 1081 1157 1127; x_wconf 86' lang='lat' dir='ltr'>apud</span> <span class='ocrx_word' id='word_1_297' title='bbox 1174 1081 1271 1127; x_wconf 86' lang='lat' dir='ltr'>Virg.</span> <span class='ocrx_word' id='word_1_298' title='bbox 1289 1087 1325 1115; x_wconf 86' lang='lat' dir='ltr'>et</span> <span class='ocrx_word' id='word_1_299' title='bbox 1341 1080 1435 1116; x_wconf 90' lang='lat' dir='ltr'>alios.</span> 
     </span>
    </p>

    <p class='ocr_par' dir='ltr' id='par_1_13' title="bbox 887 1131 1577 2072">
     <span class='ocr_line' id='line_1_53' title="bbox 940 1131 1575 1180; baseline -0.002 -12"><span class='ocrx_word' id='word_1_300' title='bbox 940 1134 1012 1180; x_wconf 83' lang='lat'>167.</span> <span class='ocrx_word' id='word_1_301' title='bbox 1031 1134 1287 1179; x_wconf 74' lang='lat' dir='ltr'>Conciliumque.</span> <span class='ocrx_word' id='word_1_302' title='bbox 1306 1131 1401 1167; x_wconf 87' lang='lat' dir='ltr'>Cum</span> <span class='ocrx_word' id='word_1_303' title='bbox 1415 1145 1472 1167; x_wconf 87' lang='lat' dir='ltr'>res</span> <span class='ocrx_word' id='word_1_304' title='bbox 1488 1145 1575 1179; x_wconf 86' lang='lat' dir='ltr'>gra-</span> 
     </span>
     <span class='ocr_line' id='line_1_54' title="bbox 893 1185 1575 1233; baseline -0.001 -13"><span class='ocrx_word' id='word_1_305' title='bbox 893 1186 943 1221; x_wconf 85' lang='lat' dir='ltr'>vis</span> <span class='ocrx_word' id='word_1_306' title='bbox 956 1185 1089 1233; x_wconf 83' lang='lat' dir='ltr'>agenda</span> <span class='ocrx_word' id='word_1_307' title='bbox 1100 1193 1190 1221; x_wconf 84' lang='lat' dir='ltr'>esset</span> <span class='ocrx_word' id='word_1_308' title='bbox 1203 1212 1212 1230; x_wconf 91' lang='lat'><strong>,</strong></span> <span class='ocrx_word' id='word_1_309' title='bbox 1232 1186 1374 1232; x_wconf 86' lang='lat' dir='ltr'>Jupiter</span> <span class='ocrx_word' id='word_1_310' title='bbox 1384 1186 1482 1221; x_wconf 88' lang='lat' dir='ltr'>Deos</span> <span class='ocrx_word' id='word_1_311' title='bbox 1493 1198 1575 1220; x_wconf 89' lang='lat' dir='ltr'>con-</span> 
     </span>
     <span class='ocr_line' id='line_1_55' title="bbox 892 1237 1575 1290; baseline -0.001 -17"><span class='ocrx_word' id='word_1_312' title='bbox 892 1252 1016 1274; x_wconf 83' lang='lat' dir='ltr'>vocare</span> <span class='ocrx_word' id='word_1_313' title='bbox 1042 1238 1177 1290; x_wconf 53' lang='grc' dir='ltr'>(ἀγορὴυ</span> <span class='ocrx_word' id='word_1_314' title='bbox 1198 1243 1230 1274; x_wconf 72' lang='grc' dir='ltr'>δὲ</span> <span class='ocrx_word' id='word_1_315' title='bbox 1255 1241 1381 1274; x_wconf 79' lang='grc' dir='ltr'>καλέσαι</span> <span class='ocrx_word' id='word_1_316' title='bbox 1400 1237 1416 1283; x_wconf 91' lang='grc'>)</span> <span class='ocrx_word' id='word_1_317' title='bbox 1442 1238 1575 1273; x_wconf 83' lang='lat' dir='ltr'>solebat</span> 
     </span>
     <span class='ocr_line' id='line_1_56' title="bbox 893 1290 1574 1337; baseline -0.001 -12"><span class='ocrx_word' id='word_1_318' title='bbox 893 1290 1060 1337; x_wconf 83' lang='lat' dir='ltr'>(Homer.</span> <span class='ocrx_word' id='word_1_319' title='bbox 1078 1291 1136 1335; x_wconf 90' lang='lat' dir='ltr'>II,</span> <span class='ocrx_word' id='word_1_320' title='bbox 1152 1296 1190 1334; x_wconf 69' lang='grc' dir='ltr'>δ’,</span> <span class='ocrx_word' id='word_1_321' title='bbox 1210 1304 1222 1324; x_wconf 90' lang='lat'><strong>1</strong></span> <span class='ocrx_word' id='word_1_322' title='bbox 1240 1317 1248 1334; x_wconf 96' lang='lat'><strong>‚</strong></span> <span class='ocrx_word' id='word_1_323' title='bbox 1264 1297 1308 1335; x_wconf 72' lang='grc'>,9,</span> <span class='ocrx_word' id='word_1_324' title='bbox 1327 1305 1345 1325; x_wconf 80' lang='lat'>2</span> <span class='ocrx_word' id='word_1_325' title='bbox 1360 1318 1369 1335; x_wconf 94' lang='lat'>,</span> <span class='ocrx_word' id='word_1_326' title='bbox 1389 1307 1426 1334; x_wconf 85' lang='grc' dir='ltr'>υ,</span> <span class='ocrx_word' id='word_1_327' title='bbox 1447 1292 1574 1336; x_wconf 76' lang='lat' dir='ltr'>4sqq.;</span> 
     </span>
     <span class='ocr_line' id='line_1_57' title="bbox 893 1341 1575 1389; baseline 0 -13"><span class='ocrx_word' id='word_1_328' title='bbox 893 1343 1015 1389; x_wconf 83' lang='lat' dir='ltr'>virgil.</span> <span class='ocrx_word' id='word_1_329' title='bbox 1041 1342 1183 1377; x_wconf 82' lang='lat' dir='ltr'>AEneid.</span> <span class='ocrx_word' id='word_1_330' title='bbox 1201 1342 1234 1377; x_wconf 93' lang='lat' dir='ltr'>X</span> <span class='ocrx_word' id='word_1_331' title='bbox 1246 1368 1255 1386; x_wconf 94' lang='lat'>,</span> <span class='ocrx_word' id='word_1_332' title='bbox 1287 1356 1300 1376; x_wconf 92' lang='lat'><strong>1</strong></span> <span class='ocrx_word' id='word_1_333' title='bbox 1318 1367 1328 1386; x_wconf 88' lang='lat'>,</span> <span class='ocrx_word' id='word_1_334' title='bbox 1351 1349 1387 1377; x_wconf 90' lang='lat' dir='ltr'>et</span> <span class='ocrx_word' id='word_1_335' title='bbox 1402 1341 1519 1388; x_wconf 83' lang='lat' dir='ltr'>saepe)</span> <span class='ocrx_word' id='word_1_336' title='bbox 1537 1343 1575 1376; x_wconf 88' lang='lat' dir='ltr'>in</span> 
     </span>
     <span class='ocr_line' id='line_1_58' title="bbox 891 1394 1577 1440; baseline 0 -12"><span class='ocrx_word' id='word_1_337' title='bbox 891 1394 1014 1440; x_wconf 83' lang='lat' dir='ltr'>primis</span> <span class='ocrx_word' id='word_1_338' title='bbox 1026 1394 1211 1429; x_wconf 86' lang='lat' dir='ltr'>duodecim</span> <span class='ocrx_word' id='word_1_339' title='bbox 1223 1406 1387 1440; x_wconf 86' lang='lat' dir='ltr'>magnos,</span> <span class='ocrx_word' id='word_1_340' title='bbox 1400 1395 1577 1439; x_wconf 85' lang='lat' dir='ltr'>quierant</span> 
     </span>
     <span class='ocr_line' id='line_1_59' title="bbox 895 1445 1574 1490; baseline 0 -10"><span class='ocrx_word' id='word_1_341' title='bbox 895 1445 1092 1481; x_wconf 86' lang='lat' dir='ltr'>Consiliarii</span> <span class='ocrx_word' id='word_1_342' title='bbox 1110 1446 1229 1490; x_wconf 85' lang='lat' dir='ltr'>Jovis,</span> <span class='ocrx_word' id='word_1_343' title='bbox 1257 1453 1291 1481; x_wconf 84' lang='lat' dir='ltr'>et</span> <span class='ocrx_word' id='word_1_344' title='bbox 1312 1448 1493 1481; x_wconf 79' lang='lat' dir='ltr'>Consentes</span> <span class='ocrx_word' id='word_1_345' title='bbox 1511 1446 1574 1480; x_wconf 89' lang='lat' dir='ltr'>di·-</span> 
     </span>
     <span class='ocr_line' id='line_1_60' title="bbox 890 1499 1574 1544; baseline -0.001 -10"><span class='ocrx_word' id='word_1_346' title='bbox 890 1500 1069 1534; x_wconf 84' lang='lat' dir='ltr'>cebantur.</span> <span class='ocrx_word' id='word_1_347' title='bbox 1081 1499 1206 1535; x_wconf 91' lang='lat' dir='ltr'>Senec.</span> <span class='ocrx_word' id='word_1_348' title='bbox 1218 1500 1298 1535; x_wconf 88' lang='lat' dir='ltr'>Nat.</span> <span class='ocrx_word' id='word_1_349' title='bbox 1309 1499 1443 1544; x_wconf 83' lang='lat' dir='ltr'>Quaest.</span> <span class='ocrx_word' id='word_1_350' title='bbox 1452 1499 1502 1543; x_wconf 88' lang='lat' dir='ltr'>II,</span> <span class='ocrx_word' id='word_1_351' title='bbox 1516 1500 1574 1542; x_wconf 72' lang='lat'>413</span> 
     </span>
     <span class='ocr_line' id='line_1_61' title="bbox 891 1552 1573 1598; baseline 0 -11"><span class='ocrx_word' id='word_1_352' title='bbox 891 1552 1026 1588; x_wconf 88' lang='lat' dir='ltr'>Arnob.</span> <span class='ocrx_word' id='word_1_353' title='bbox 1044 1566 1073 1587; x_wconf 94' lang='lat' dir='ltr'>c.</span> <span class='ocrx_word' id='word_1_354' title='bbox 1092 1552 1198 1588; x_wconf 88' lang='lat' dir='ltr'>Gent.</span> <span class='ocrx_word' id='word_1_355' title='bbox 1215 1553 1271 1587; x_wconf 92' lang='lat' dir='ltr'>III</span> <span class='ocrx_word' id='word_1_356' title='bbox 1285 1580 1295 1596; x_wconf 93' lang='lat'>‚</span> <span class='ocrx_word' id='word_1_357' title='bbox 1315 1566 1347 1598; x_wconf 89' lang='lat' dir='ltr'>p.</span> <span class='ocrx_word' id='word_1_358' title='bbox 1369 1552 1442 1587; x_wconf 82' lang='lat'>123.</span> <span class='ocrx_word' id='word_1_359' title='bbox 1467 1552 1573 1587; x_wconf 88' lang='lat' dir='ltr'>Nunc</span> 
     </span>
     <span class='ocr_line' id='line_1_62' title="bbox 892 1603 1574 1650; baseline -0.003 -10"><span class='ocrx_word' id='word_1_360' title='bbox 892 1612 1011 1640; x_wconf 86' lang='lat' dir='ltr'>autem</span> <span class='ocrx_word' id='word_1_361' title='bbox 1027 1605 1134 1640; x_wconf 89' lang='lat' dir='ltr'>etiam</span> <span class='ocrx_word' id='word_1_362' title='bbox 1153 1605 1280 1650; x_wconf 88' lang='lat' dir='ltr'>reliqui</span> <span class='ocrx_word' id='word_1_363' title='bbox 1301 1605 1384 1646; x_wconf 89' lang='lat' dir='ltr'>Dii,</span> <span class='ocrx_word' id='word_1_364' title='bbox 1405 1603 1574 1638; x_wconf 80' lang='lat' dir='ltr'>audiendi</span> 
     </span>
     <span class='ocr_line' id='line_1_63' title="bbox 890 1655 1572 1702; baseline -0.003 -11"><span class='ocrx_word' id='word_1_365' title='bbox 890 1670 991 1692; x_wconf 88' lang='lat' dir='ltr'>causa</span> <span class='ocrx_word' id='word_1_366' title='bbox 1002 1684 1011 1701; x_wconf 94' lang='lat'>,</span> <span class='ocrx_word' id='word_1_367' title='bbox 1031 1657 1227 1692; x_wconf 86' lang='lat' dir='ltr'>confluunt.</span> <span class='ocrx_word' id='word_1_368' title='bbox 1242 1658 1364 1702; x_wconf 87' lang='lat' dir='ltr'>Itaque</span> <span class='ocrx_word' id='word_1_369' title='bbox 1382 1669 1457 1691; x_wconf 90' lang='lat' dir='ltr'>non</span> <span class='ocrx_word' id='word_1_370' title='bbox 1474 1655 1572 1690; x_wconf 87' lang='lat' dir='ltr'>facile</span> 
     </span>
     <span class='ocr_line' id='line_1_64' title="bbox 892 1710 1573 1754; baseline -0.004 -9"><span class='ocrx_word' id='word_1_371' title='bbox 892 1710 1089 1746; x_wconf 90' lang='lat' dir='ltr'>discernere</span> <span class='ocrx_word' id='word_1_372' title='bbox 1099 1710 1177 1746; x_wconf 92' lang='lat' dir='ltr'>licet</span> <span class='ocrx_word' id='word_1_373' title='bbox 1188 1737 1197 1754; x_wconf 92' lang='lat'>,</span> <span class='ocrx_word' id='word_1_374' title='bbox 1210 1716 1331 1745; x_wconf 84' lang='lat' dir='ltr'>utrum</span> <span class='ocrx_word' id='word_1_375' title='bbox 1339 1711 1515 1745; x_wconf 79' lang='lat' dir='ltr'>consilium</span> <span class='ocrx_word' id='word_1_376' title='bbox 1526 1721 1573 1743; x_wconf 86' lang='lat' dir='ltr'>an</span> 
     </span>
     <span class='ocr_line' id='line_1_65' title="bbox 888 1760 1573 1810; baseline -0.003 -12"><span class='ocrx_word' id='word_1_377' title='bbox 888 1760 1065 1798; x_wconf 71' lang='lat' dir='ltr'>conciliam</span> <span class='ocrx_word' id='word_1_378' title='bbox 1083 1763 1275 1810; x_wconf 84' lang='lat' dir='ltr'>legendum</span> <span class='ocrx_word' id='word_1_379' title='bbox 1301 1763 1367 1804; x_wconf 81' lang='lat' dir='ltr'>sit3</span> <span class='ocrx_word' id='word_1_380' title='bbox 1388 1775 1472 1796; x_wconf 91' lang='lat' dir='ltr'>nam</span> <span class='ocrx_word' id='word_1_381' title='bbox 1489 1775 1573 1797; x_wconf 89' lang='lat' dir='ltr'>con-</span> 
     </span>
     <span class='ocr_line' id='line_1_66' title="bbox 888 1814 1571 1857; baseline -0.003 -7"><span class='ocrx_word' id='word_1_382' title='bbox 888 1818 1000 1852; x_wconf 81' lang='lat' dir='ltr'>silium</span> <span class='ocrx_word' id='word_1_383' title='bbox 1015 1823 1066 1852; x_wconf 84' lang='lat' dir='ltr'>est</span> <span class='ocrx_word' id='word_1_384' title='bbox 1082 1829 1260 1851; x_wconf 84' lang='lat' dir='ltr'>consessus</span> <span class='ocrx_word' id='word_1_385' title='bbox 1279 1814 1549 1850; x_wconf 81' lang='lat' dir='ltr'>deliberantium</span> <span class='ocrx_word' id='word_1_386' title='bbox 1561 1840 1571 1857; x_wconf 80' lang='grc'><strong>,</strong></span> 
     </span>
     <span class='ocr_line' id='line_1_67' title="bbox 887 1868 1574 1904; baseline -0.001 -1"><span class='ocrx_word' id='word_1_387' title='bbox 887 1872 1065 1904; x_wconf 83' lang='lat' dir='ltr'>concilium</span> <span class='ocrx_word' id='word_1_388' title='bbox 1078 1868 1308 1904; x_wconf 87' lang='lat' dir='ltr'>audientium.</span> <span class='ocrx_word' id='word_1_389' title='bbox 1323 1868 1415 1903; x_wconf 89' lang='lat' dir='ltr'>Vide</span> <span class='ocrx_word' id='word_1_390' title='bbox 1429 1868 1574 1903; x_wconf 87' lang='lat' dir='ltr'>Ernesti</span> 
     </span>
     <span class='ocr_line' id='line_1_68' title="bbox 891 1920 1574 1961; baseline -0.003 -6"><span class='ocrx_word' id='word_1_391' title='bbox 891 1920 988 1955; x_wconf 87' lang='lat' dir='ltr'>Clav.</span> <span class='ocrx_word' id='word_1_392' title='bbox 1009 1920 1082 1955; x_wconf 88' lang='lat' dir='ltr'>Cic.</span> <span class='ocrx_word' id='word_1_393' title='bbox 1099 1933 1173 1955; x_wconf 85' lang='lat' dir='ltr'>voc.</span> <span class='ocrx_word' id='word_1_394' title='bbox 1187 1923 1363 1955; x_wconf 81' lang='lat' dir='ltr'>consilium</span> <span class='ocrx_word' id='word_1_395' title='bbox 1375 1947 1383 1961; x_wconf 92' lang='lat'><em>‚</em></span> <span class='ocrx_word' id='word_1_396' title='bbox 1402 1927 1439 1955; x_wconf 78' lang='lat' dir='ltr'>et</span> <span class='ocrx_word' id='word_1_397' title='bbox 1448 1920 1574 1959; x_wconf 81' lang='lat' dir='ltr'>Burm-</span> 
     </span>
     <span class='ocr_line' id='line_1_69' title="bbox 888 1975 1575 2009; baseline -0.001 0"><span class='ocrx_word' id='word_1_398' title='bbox 888 1975 932 2009; x_wconf 90' lang='lat' dir='ltr'>ad</span> <span class='ocrx_word' id='word_1_399' title='bbox 946 1975 981 2009; x_wconf 89' lang='lat' dir='ltr'>h.</span> <span class='ocrx_word' id='word_1_400' title='bbox 997 1975 1071 2009; x_wconf 91' lang='lat' dir='ltr'>l.—</span> <span class='ocrx_word' id='word_1_401' title='bbox 1087 1976 1215 2009; x_wconf 82' lang='lat' dir='ltr'>Vocare</span> <span class='ocrx_word' id='word_1_402' title='bbox 1224 1976 1401 2009; x_wconf 68' lang='lat' dir='ltr'>consillum</span> <span class='ocrx_word' id='word_1_403' title='bbox 1414 1980 1475 2008; x_wconf 86' lang='lat' dir='ltr'>aut</span> <span class='ocrx_word' id='word_1_404' title='bbox 1490 1986 1575 2008; x_wconf 84' lang='lat' dir='ltr'>con-</span> 
     </span>
     <span class='ocr_line' id='line_1_70' title="bbox 889 2026 1365 2072; baseline -0.004 -10"><span class='ocrx_word' id='word_1_405' title='bbox 889 2029 1004 2062; x_wconf 76' lang='lat' dir='ltr'>cilium</span> <span class='ocrx_word' id='word_1_406' title='bbox 1016 2053 1023 2067; x_wconf 91' lang='lat'><strong><em>,</em></strong></span> <span class='ocrx_word' id='word_1_407' title='bbox 1043 2026 1175 2072; x_wconf 88' lang='lat' dir='ltr'>phrasis</span> <span class='ocrx_word' id='word_1_408' title='bbox 1190 2027 1365 2062; x_wconf 86' lang='lat' dir='ltr'>solemnis.</span> 
     </span>
    </p>

    <p class='ocr_par' dir='ltr' id='par_1_14' title="bbox 889 2079 1578 2438">
     <span class='ocr_line' id='line_1_71' title="bbox 938 2079 1575 2127; baseline 0.002 -14"><span class='ocrx_word' id='word_1_409' title='bbox 938 2079 1012 2127; x_wconf 76' lang='lat'>169.</span> <span class='ocrx_word' id='word_1_410' title='bbox 1027 2080 1158 2114; x_wconf 83' lang='lat' dir='ltr'>Lactea</span> <span class='ocrx_word' id='word_1_411' title='bbox 1172 2092 1290 2114; x_wconf 85' lang='lat' dir='ltr'>nomen</span> <span class='ocrx_word' id='word_1_412' title='bbox 1303 2081 1415 2114; x_wconf 81' lang='lat' dir='ltr'>babet.</span> <span class='ocrx_word' id='word_1_413' title='bbox 1430 2079 1486 2114; x_wconf 91' lang='lat' dir='ltr'>De</span> <span class='ocrx_word' id='word_1_414' title='bbox 1503 2079 1575 2115; x_wconf 89' lang='lat' dir='ltr'>cir-</span> 
     </span>
     <span class='ocr_line' id='line_1_72' title="bbox 890 2130 1573 2177; baseline 0.001 -12"><span class='ocrx_word' id='word_1_415' title='bbox 890 2130 969 2166; x_wconf 89' lang='lat' dir='ltr'>culo</span> <span class='ocrx_word' id='word_1_416' title='bbox 998 2131 1057 2166; x_wconf 88' lang='lat' dir='ltr'>illo</span> <span class='ocrx_word' id='word_1_417' title='bbox 1081 2130 1231 2166; x_wconf 88' lang='lat' dir='ltr'>candido</span> <span class='ocrx_word' id='word_1_418' title='bbox 1257 2132 1293 2165; x_wconf 89' lang='lat' dir='ltr'>in</span> <span class='ocrx_word' id='word_1_419' title='bbox 1320 2131 1404 2166; x_wconf 86' lang='lat' dir='ltr'>caelo</span> <span class='ocrx_word' id='word_1_420' title='bbox 1421 2158 1430 2175; x_wconf 88' lang='lat'>,</span> <span class='ocrx_word' id='word_1_421' title='bbox 1465 2145 1573 2177; x_wconf 88' lang='lat' dir='ltr'>quem</span> 
     </span>
     <span class='ocr_line' id='line_1_73' title="bbox 889 2182 1575 2228; baseline 0 -10"><span class='ocrx_word' id='word_1_422' title='bbox 889 2187 1039 2228; x_wconf 69' lang='grc' dir='ltr'>γαλαξίαν</span> <span class='ocrx_word' id='word_1_423' title='bbox 1064 2190 1235 2218; x_wconf 89' lang='lat' dir='ltr'>vocarunt</span> <span class='ocrx_word' id='word_1_424' title='bbox 1259 2182 1373 2218; x_wconf 85' lang='lat' dir='ltr'>Graeci</span> <span class='ocrx_word' id='word_1_425' title='bbox 1388 2210 1398 2228; x_wconf 83' lang='lat'><em>,</em></span> <span class='ocrx_word' id='word_1_426' title='bbox 1428 2186 1575 2219; x_wconf 79' lang='lat' dir='ltr'>lacteam</span> 
     </span>
     <span class='ocr_line' id='line_1_74' title="bbox 889 2234 1575 2282; baseline 0.003 -13"><span class='ocrx_word' id='word_1_427' title='bbox 889 2234 1006 2270; x_wconf 88' lang='lat' dir='ltr'>Latini</span> <span class='ocrx_word' id='word_1_428' title='bbox 1018 2260 1028 2278; x_wconf 88' lang='lat'><strong><em>‚</em></strong></span> <span class='ocrx_word' id='word_1_429' title='bbox 1043 2235 1132 2269; x_wconf 91' lang='lat' dir='ltr'>mira</span> <span class='ocrx_word' id='word_1_430' title='bbox 1143 2234 1323 2270; x_wconf 83' lang='lat' dir='ltr'>finxerunt</span> <span class='ocrx_word' id='word_1_431' title='bbox 1334 2235 1495 2279; x_wconf 86' lang='lat' dir='ltr'>Veteres,</span> <span class='ocrx_word' id='word_1_432' title='bbox 1508 2248 1575 2282; x_wconf 86' lang='lat' dir='ltr'>ope</span> 
     </span>
     <span class='ocr_line' id='line_1_75' title="bbox 889 2287 1574 2332; baseline 0.001 -11"><span class='ocrx_word' id='word_1_433' title='bbox 889 2287 1058 2322; x_wconf 83' lang='lat' dir='ltr'>tuborum</span> <span class='ocrx_word' id='word_1_434' title='bbox 1077 2287 1274 2332; x_wconf 84' lang='lat' dir='ltr'>opticorum</span> <span class='ocrx_word' id='word_1_435' title='bbox 1289 2287 1455 2322; x_wconf 86' lang='lat' dir='ltr'>destituti.</span> <span class='ocrx_word' id='word_1_436' title='bbox 1480 2287 1574 2322; x_wconf 87' lang='lat' dir='ltr'>Vide</span> 
     </span>
     <span class='ocr_line' id='line_1_76' title="bbox 889 2340 1578 2386; baseline 0 -10"><span class='ocrx_word' id='word_1_437' title='bbox 889 2340 1047 2377; x_wconf 89' lang='lat' dir='ltr'>Macrob.</span> <span class='ocrx_word' id='word_1_438' title='bbox 1058 2340 1095 2374; x_wconf 91' lang='lat' dir='ltr'>in</span> <span class='ocrx_word' id='word_1_439' title='bbox 1111 2340 1235 2375; x_wconf 90' lang='lat' dir='ltr'>Somn.</span> <span class='ocrx_word' id='word_1_440' title='bbox 1254 2340 1346 2386; x_wconf 86' lang='lat' dir='ltr'>Scip.</span> <span class='ocrx_word' id='word_1_441' title='bbox 1365 2341 1383 2375; x_wconf 95' lang='lat' dir='ltr'>I</span> <span class='ocrx_word' id='word_1_442' title='bbox 1397 2366 1406 2384; x_wconf 91' lang='lat'>,</span> <span class='ocrx_word' id='word_1_443' title='bbox 1427 2354 1463 2375; x_wconf 76' lang='grc' dir='ltr'>υ</span> <span class='ocrx_word' id='word_1_444' title='bbox 1477 2366 1487 2383; x_wconf 94' lang='grc'><em>,</em></span> <span class='ocrx_word' id='word_1_445' title='bbox 1510 2344 1548 2376; x_wconf 85' lang='lat'>15</span> <span class='ocrx_word' id='word_1_446' title='bbox 1568 2354 1578 2383; x_wconf 72' lang='grc' dir='ltr'><strong><em>ς</em></strong></span> 
     </span>
     <span class='ocr_line' id='line_1_77' title="bbox 889 2392 1324 2438; baseline -0.002 -11"><span class='ocrx_word' id='word_1_447' title='bbox 889 2392 1014 2427; x_wconf 90' lang='lat' dir='ltr'>Manil.</span> <span class='ocrx_word' id='word_1_448' title='bbox 1030 2392 1172 2427; x_wconf 83' lang='lat' dir='ltr'>Astron.</span> <span class='ocrx_word' id='word_1_449' title='bbox 1192 2393 1209 2427; x_wconf 92' lang='lat'>1</span> <span class='ocrx_word' id='word_1_450' title='bbox 1223 2418 1233 2436; x_wconf 91' lang='lat'>,</span> <span class='ocrx_word' id='word_1_451' title='bbox 1252 2393 1324 2438; x_wconf 78' lang='lat'>748.</span> 
     </span>
    </p>

    <p class='ocr_par' dir='ltr' id='par_1_15' title="bbox 886 2443 1585 2816">
     <span class='ocr_line' id='line_1_78' title="bbox 937 2443 1577 2491; baseline 0 -12"><span class='ocrx_word' id='word_1_452' title='bbox 937 2458 1010 2490; x_wconf 88' lang='lat'>170.</span> <span class='ocrx_word' id='word_1_453' title='bbox 1032 2446 1206 2479; x_wconf 81' lang='lat' dir='ltr'>Tonantis.</span> <span class='ocrx_word' id='word_1_454' title='bbox 1224 2443 1384 2489; x_wconf 89' lang='lat' dir='ltr'>Quidam</span> <span class='ocrx_word' id='word_1_455' title='bbox 1397 2448 1486 2479; x_wconf 84' lang='lat' dir='ltr'>tecta</span> <span class='ocrx_word' id='word_1_456' title='bbox 1509 2446 1577 2491; x_wconf 78' lang='lat' dir='ltr'>Ty-</span> 
     </span>
     <span class='ocr_line' id='line_1_79' title="bbox 888 2496 1577 2532; baseline 0.001 -1"><span class='ocrx_word' id='word_1_457' title='bbox 888 2500 997 2532; x_wconf 76' lang='lat' dir='ltr'>ranni.</span> <span class='ocrx_word' id='word_1_458' title='bbox 1020 2497 1093 2532; x_wconf 89' lang='lat' dir='ltr'>Sed</span> <span class='ocrx_word' id='word_1_459' title='bbox 1113 2496 1191 2531; x_wconf 88' lang='lat' dir='ltr'>vide</span> <span class='ocrx_word' id='word_1_460' title='bbox 1208 2497 1407 2531; x_wconf 86' lang='lat' dir='ltr'>Burmann.</span> <span class='ocrx_word' id='word_1_461' title='bbox 1434 2515 1478 2523; x_wconf 95' lang='lat'><strong>—</strong></span> <span class='ocrx_word' id='word_1_462' title='bbox 1502 2496 1577 2532; x_wconf 88' lang='lat' dir='ltr'>Se—</span> 
     </span>
     <span class='ocr_line' id='line_1_80' title="bbox 889 2548 1579 2596; baseline -0.003 -11"><span class='ocrx_word' id='word_1_463' title='bbox 889 2550 1009 2596; x_wconf 89' lang='lat' dir='ltr'>quitur</span> <span class='ocrx_word' id='word_1_464' title='bbox 1019 2548 1244 2595; x_wconf 89' lang='lat' dir='ltr'>topographia</span> <span class='ocrx_word' id='word_1_465' title='bbox 1256 2549 1340 2584; x_wconf 85' lang='lat' dir='ltr'>caeli.</span> <span class='ocrx_word' id='word_1_466' title='bbox 1349 2550 1500 2594; x_wconf 73' lang='lat' dir='ltr'>Magnus</span> <span class='ocrx_word' id='word_1_467' title='bbox 1515 2551 1579 2584; x_wconf 84' lang='lat' dir='ltr'>To-</span> 
     </span>
     <span class='ocr_line' id='line_1_81' title="bbox 888 2601 1575 2649; baseline -0.001 -11"><span class='ocrx_word' id='word_1_468' title='bbox 888 2615 977 2638; x_wconf 84' lang='lat' dir='ltr'>nans</span> <span class='ocrx_word' id='word_1_469' title='bbox 987 2603 1091 2637; x_wconf 88' lang='lat' dir='ltr'>etiam</span> <span class='ocrx_word' id='word_1_470' title='bbox 1106 2602 1161 2646; x_wconf 91' lang='lat'>11,</span> <span class='ocrx_word' id='word_1_471' title='bbox 1176 2601 1250 2645; x_wconf 79' lang='lat'>466.</span> <span class='ocrx_word' id='word_1_472' title='bbox 1269 2601 1362 2637; x_wconf 88' lang='lat' dir='ltr'>Alibi</span> <span class='ocrx_word' id='word_1_473' title='bbox 1374 2606 1575 2649; x_wconf 79' lang='lat' dir='ltr'>altitonans.</span> 
     </span>
     <span class='ocr_line' id='line_1_82' title="bbox 888 2655 1579 2699; baseline 0.004 -11"><span class='ocrx_word' id='word_1_474' title='bbox 888 2674 933 2682; x_wconf 93' lang='lat'>—-</span> <span class='ocrx_word' id='word_1_475' title='bbox 944 2656 1077 2689; x_wconf 69' lang='lat' dir='ltr'>Dextra</span> <span class='ocrx_word' id='word_1_476' title='bbox 1090 2657 1235 2699; x_wconf 67' lang='lat' dir='ltr'>levaque</span> <span class='ocrx_word' id='word_1_477' title='bbox 1248 2656 1356 2699; x_wconf 78' lang='lat' dir='ltr'>refer,</span> <span class='ocrx_word' id='word_1_478' title='bbox 1369 2668 1443 2690; x_wconf 92' lang='lat' dir='ltr'>non</span> <span class='ocrx_word' id='word_1_479' title='bbox 1464 2655 1506 2690; x_wconf 90' lang='lat' dir='ltr'>ad</span> <span class='ocrx_word' id='word_1_480' title='bbox 1524 2662 1579 2691; x_wconf 69' lang='lat' dir='ltr'>fc-</span> 
     </span>
     <span class='ocr_line' id='line_1_83' title="bbox 886 2705 1580 2751; baseline 0 -10"><span class='ocrx_word' id='word_1_481' title='bbox 886 2709 996 2751; x_wconf 76' lang='lat' dir='ltr'>galem</span> <span class='ocrx_word' id='word_1_482' title='bbox 1004 2708 1135 2740; x_wconf 83' lang='lat' dir='ltr'>domum</span> <span class='ocrx_word' id='word_1_483' title='bbox 1146 2733 1154 2746; x_wconf 89' lang='lat'><strong><em>‚</em></strong></span> <span class='ocrx_word' id='word_1_484' title='bbox 1170 2705 1231 2741; x_wconf 85' lang='lat' dir='ltr'>sed</span> <span class='ocrx_word' id='word_1_485' title='bbox 1249 2706 1294 2741; x_wconf 90' lang='lat' dir='ltr'>ad</span> <span class='ocrx_word' id='word_1_486' title='bbox 1309 2706 1467 2741; x_wconf 87' lang='lat' dir='ltr'>lacteam.</span> <span class='ocrx_word' id='word_1_487' title='bbox 1484 2707 1556 2742; x_wconf 77' lang='lat' dir='ltr'>Pro</span> <span class='ocrx_word' id='word_1_488' title='bbox 1569 2733 1580 2750; x_wconf 88' lang='lat'>,</span> 
     </span>
     <span class='ocr_line' id='line_1_84' title="bbox 890 2758 1585 2816; baseline 0 -22"><span class='ocrx_word' id='word_1_489' title='bbox 890 2758 1022 2795; x_wconf 85' lang='lat' dir='ltr'>nobiles</span> <span class='ocrx_word' id='word_1_490' title='bbox 1033 2758 1196 2796; x_wconf 86' lang='lat' dir='ltr'>habitant</span> <span class='ocrx_word' id='word_1_491' title='bbox 1208 2785 1217 2803; x_wconf 85' lang='lat'><em>‚</em></span> <span class='ocrx_word' id='word_1_492' title='bbox 1230 2771 1278 2794; x_wconf 91' lang='lat' dir='ltr'>no</span> <span class='ocrx_word' id='word_1_493' title='bbox 1287 2759 1383 2795; x_wconf 86' lang='lat' dir='ltr'>tione</span> <span class='ocrx_word' id='word_1_494' title='bbox 1398 2758 1534 2805; x_wconf 86' lang='lat' dir='ltr'>speciali</span> <span class='ocrx_word' id='word_1_495' title='bbox 1546 2772 1585 2816; x_wconf 74' lang='lat' dir='ltr'>et</span> 
     </span>
    </p>
   </div>
  </div>
 </body>
</html>
