1832 3100
293 244 381 300 524

653 247 705 291 P.
750 228 1332 294 0v1n11NAsoms

290 338 376 385 Hic
391 375 402 394 ‚
428 336 517 386 illic
541 337 619 386 ubi
636 358 754 387 mors
777 341 1083 406 deprenderat,
1108 341 1368 390 exhalantes.

292 415 414 478 Quid
440 416 546 463 mihi
570 428 673 464 tunc
700 417 832 475 animi
855 418 973 465 fuit?
995 437 1049 465 an
1073 418 1193 483 quod
1218 419 1370 467 debuit
1393 438 1486 468 esse
1499 432 1515 477 ,’

292 493 355 539 Ut
373 493 504 541 vitam
527 493 714 542 odissem
731 532 742 552 ,
766 506 809 542 et
831 513 1032 560 cuperem
1055 514 1156 561 pars
1180 515 1272 544 esse
1293 498 1525 545 meorum?

294 567 398 630 Quo
422 588 466 616 se
491 588 675 637 eumque
701 571 812 620 acies
836 570 1063 619 oculorum
1086 570 1287 628 flexerat,
1312 571 1402 619 illic

291 644 464 707 Vulgus
488 658 580 695 erat
603 659 813 705 stratum3
837 647 973 695 veluti
998 667 1133 713 quum
1157 648 1305 714 putria
1325 649 1456 696 motis

1630 659 1696 697 585

293 722 429 770 Poma
452 723 613 771 cadunt
634 725 790 781 ramis;
815 725 1062 791 agitataque
1086 723 1183 772 ilice
1208 723 1398 786 glandes.

360 821 383 841 »
412 801 596 866 Templa
618 801 738 849 vides
763 813 939 859 contra,
967 796 1175 864 gradibus
1199 802 1406 851 sublimia
1428 801 1601 865 longis;

292 877 321 923 J
326 876 501 942 uppiter
524 877 598 925 illa
621 890 767 926 tenet:
796 879 893 945 quis
915 899 1007 927 non
1028 879 1239 928 altaribus
1261 879 1349 929 illis
1413 887 1415 889 ’

294 958 423 1005 Irrita
447 970 544 1006 tura
569 959 703 1007 tulit?
728 960 900 1026 quoties
922 980 1005 1027 pro
1034 961 1220 1026 conjuge
1245 961 1430 1026 conjux,

296 1039 383 1086 Pro
404 1051 538 1101 gnato
560 1041 757 1102 genitor,
785 1042 890 1090 dum
912 1043 1043 1090 verba
1065 1043 1285 1108 precantia
1310 1042 1439 1101 dicit,

1635 1055 1701 1101 59⁰

294 1120 400 1167 Non
421 1121 608 1169 exoratis
627 1122 813 1170 animam
834 1122 976 1171 finivit
997 1123 1045 1171 in
1067 1123 1179 1182 aris3

297 1203 436 1268 Inque
459 1223 590 1252 manu
611 1205 721 1253 turis
745 1224 846 1272 pars
871 1206 1152 1255 inconsumta
1173 1218 1343 1273 reperta
1366 1207 1462 1255 est!

299 1341 410 1375 Hunc
419 1355 558 1377 versum
572 1368 581 1386 ,
603 1356 708 1388 quem
721 1357 800 1379 cum
812 1345 972 1390 sequenti

297 1394 424 1428 scutica
437 1393 583 1440 dignum
599 1396 773 1441 judicabat
784 1397 949 1432 Heinsius
960 1423 970 1440 ,

298 1445 455 1482 defendit
473 1448 700 1483 Burmannus
712 1475 721 1492 ‚
743 1450 801 1494 qui
815 1453 972 1493 penden-

297 1500 343 1531 tis
366 1502 444 1532 coeli
461 1499 604 1545 explicat
631 1514 649 1535 e
674 1514 777 1535 versu
802 1502 889 1544 528,
913 1500 973 1535 ubi

298 1552 412 1583 coelum
444 1554 557 1593 spissa
585 1555 728 1595 calzgrine
754 1557 860 1586 terras
885 1565 973 1597 pre-

300 1602 375 1637 mit.
400 1603 580 1638 Lucretius
595 1630 604 1647 ‚
634 1605 716 1639 1125
744 1617 752 1638 ε
778 1606 852 1638 Aut
874 1608 974 1638 eliam

297 1666 461 1698 suspensa
468 1661 580 1689 mane!
587 1659 638 1689 vis
649 1669 724 1690 aere
732 1659 768 1689 in
776 1658 858 1699 ljoso.
870 1656 974 1690 Posse

302 1712 441 1749 tamen,
465 1706 561 1741 addit
580 1708 805 1742 Burmannus
818 1733 827 1750 ,
848 1714 883 1742 et
897 1720 977 1751 perh-

303 1760 412 1791 denlis
423 1758 500 1804 legi.
515 1758 621 1793 Certe
634 1759 767 1794 Seneca
779 1786 788 1802 ,
809 1759 893 1793 OEd.
910 1760 952 1793 36
965 1785 974 1803 ,

304 1809 399 1853 dixit,
413 1813 526 1844 coelum
540 1824 670 1845 nocens.
683 1811 753 1846 Sed
760 1812 901 1855 pendere
912 1811 978 1845 ele-

305 1867 439 1906 ganter,
456 1868 496 1895 ut
509 1863 525 1896 I
535 1888 544 1905 ‚
563 1862 626 1897 268
635 1888 644 1906 ,
656 1865 836 1906 pendentia
848 1865 972 1902 nubila,

307 1919 344 1947 et
368 1925 462 1948 nunc
483 1913 633 1949 nubibus
649 1914 760 1959 spissis
779 1914 900 1949 caelum
915 1914 980 1948 ob-

307 1963 462 1999 ductum.
473 1984 517 1991 —-
528 1967 612 2006 Hic,
632 1969 705 2000 illic
718 1969 851 2001 ubietc.
864 1966 981 2001 Hein-

306 2017 375 2052 sius
395 2018 603 2053 emendabat
619 2021 705 2059 Hic,
724 2022 786 2053 ubi
797 2031 883 2053 mors
897 2023 980 2053 ani-

308 2081 397 2102 mam
412 2071 632 2113 deprenderat.
651 2071 763 2104 Porro
777 2072 862 2110 Hic,
887 2073 959 2104 illic
970 2097 978 2111 ‚

311 2120 403 2165 quod
422 2127 456 2154 et
478 2121 591 2166 ipsum
609 2122 794 2156 Heinsium
815 2121 981 2156 offende-

308 2172 380 2215 bat„
391 2172 595 2217 frequenter
605 2172 730 2207 dicitur
743 2186 819 2218 pro,
838 2173 980 2218 ubique,

311 2224 447 2269 passim.
469 2243 513 2250 -—
533 2226 705 2259 Exhalare
733 2225 883 2270 denique
909 2237 983 2259 non

310 2287 392 2310 raro
406 2275 558 2310 absolute
577 2275 729 2321 ponitur.

356 2328 429 2362 582.
458 2330 550 2371 Quid
575 2331 661 2362 mihi
685 2333 763 2363 lunc
788 2331 897 2362 animi
920 2334 983 2363 etc.

313 2378 462 2415 Lenzius
473 2379 567 2415 hunc
580 2387 615 2414 et
628 2387 833 2425 sequentem
846 2392 984 2414 versum

312 2432 490 2477 transponi
501 2432 574 2466 vult
585 2440 664 2467 ante
672 2433 692 2465 6
699 2434 745 2475 ι4.
755 2451 800 2457 -
811 2434 901 2475 Quid
909 2435 987 2466 ani-

315 2486 377 2524 mi,
397 2489 436 2516 ut
460 2484 497 2526 l,
519 2485 591 2518 358.
607 2502 652 2509 ·-
664 2484 723 2518 An
740 2483 900 2517 adfirmat
913 2509 922 2526 ,
948 2489 987 2516 ut

316 2535 371 2579 V,
394 2536 469 2570 626.
495 2556 539 2562 —
561 2538 661 2582 Regii
688 2537 834 2572 Codices
858 2537 987 2571 habent

316 2593 396 2630 aut;
413 2601 486 2622 non
502 2589 635 2634 ingrata
645 2590 755 2623 lectin.
770 2591 833 2624 Ed.
852 2590 987 2623 ——Pars

316 2652 406 2682 esse‚·
427 2640 520 2673 idem
538 2654 672 2685 passum
687 2654 768 2675 esse.

362 2692 435 2726 585.
454 2694 580 2726 Putria.
601 2693 765 2727 Heinsius
782 2693 847 2735 ait,
867 2705 903 2726 se
919 2691 988 2726 ali-

319 2743 458 2787 quando
473 2745 656 2789 conjecisse
667 2748 772 2787 milia,
785 2745 820 2779 id
835 2751 904 2788 est,
915 2757 990 2779 ma-

1036 1353 1114 1380 tura
1124 1372 1133 1389 ,
1151 1345 1210 1380 sed
1222 1352 1299 1391 post
1311 1358 1346 1380 se
1359 1344 1561 1380 intellexisse
1570 1370 1579 1387 ,
1591 1348 1707 1389 putria

1036 1411 1071 1432 se
1087 1398 1175 1432 bene
1191 1397 1339 1438 habere;
1363 1395 1594 1442 putrescentia
1609 1396 1706 1431 enim

1036 1449 1193 1484 facillime
1211 1462 1251 1484 ex
1267 1450 1388 1484 arbore
1405 1448 1570 1484 defluere.
1583 1448 1684 1484 Adde
1696 1474 1706 1492 ,

1038 1500 1131 1545 quod
1147 1513 1228 1535 cum
1239 1500 1513 1546 putrescentibus
1525 1499 1636 1545 pomis
1645 1499 1709 1534 be—

1038 1565 1084 1586 ne
1100 1560 1346 1597 comparantur
1365 1552 1453 1587 soeda
1475 1551 1533 1586 illa
1553 1564 1708 1597 corpora.

1040 1603 1255 1648 Quanquam
1275 1607 1389 1647 putria
1404 1603 1510 1638 etiarn
1530 1603 1603 1638 ¹esse
1623 1616 1709 1649 pos-

1037 1660 1119 1686 sunt
1128 1679 1137 1696 ,
1154 1666 1303 1698 quorum
1316 1654 1462 1699 petiolus
1470 1655 1639 1699 est-putris
1649 1667 1709 1689 seu

1038 1704 1218 1738 resolutus.

1083 1755 1155 1799 587.
1174 1758 1340 1800 Templum
1349 1757 1429 1791 ,Iovi
1444 1757 1479 1791 in
1492 1762 1612 1791 monte
1622 1756 1711 1790 Pan-

1040 1807 1319 1844 hellenioAEacus
1327 1808 1552 1845 dedicaverat.
1563 1809 1711 1858 Pausan.

1043 1860 1079 1893 11
1090 1886 1098 1899 ,
1117 1860 1225 1893 3o.—--
1241 1860 1295 1894 De
1309 1863 1479 1904 gradibus,
1502 1861 1546 1896 ad
1560 1859 1688 1906 templa
1701 1885 1710 1903 ,

1041 1911 1119 1946 vide
1142 1911 1185 1946 ad
1210 1913 1267 1956 ΙΙ,
1298 1927 1324 1948 1.
1339 1930 1383 1940 -
1403 1914 1549 1957 Longis,
1572 1912 1713 1958 longam

1043 1963 1168 1998 scalam
1185 1964 1422 1999 efficientibus.
1442 1965 1545 1999 Unus
1558 1963 1688 1998 Mox-eti
1702 1988 1711 2006 ,

1044 2019 1143 2051 celsis
1157 2030 1167 2050 :
1182 2020 1268 2051 celsi
1281 2020 1406 2062 gradus
1416 2045 1425 2059 ‚
1452 2018 1556 2053 Trist.
1579 2017 1635 2053 III
1647 2042 1657 2060 ‚
1674 2027 1688 2050 1
1699 2042 1711 2064 ,

1046 2071 1097 2116 59.
1116 2069 1215 2114 Regii
1236 2070 1365 2113 nostri,
1383 2073 1503 2114 longis.

1089 2122 1163 2166 590·
1173 2122 1498 2166 Prognalogen17075
1512 2120 1714 2156 Basileensis

1045 2178 1081 2206 et
1093 2172 1236 2215 Mureti,
1254 2174 1320 2207 Pro
1329 2178 1433 2216 gnato
1440 2176 1589 2217 genetrix
1598 2200 1606 2212 ‚
1621 2172 1714 2217 quod

1045 2224 1168 2269 probat
1193 2225 1418 2259 Burmannus
1437 2251 1447 2268 ‚
1482 2224 1561 2270 quia
1587 2231 1716 2259 matres

1046 2276 1155 2321 magis
1165 2276 1200 2309 in
1212 2282 1290 2310 vota
1301 2288 1487 2321 precesque
1499 2287 1562 2320 pro
1573 2274 1650 2309 filiis
1662 2287 1717 2308 ar·-

1047 2328 1259 2363 dent.--Pro
1265 2331 1350 2363 dicit
1356 2341 1446 2362 unus
1456 2327 1718 2371 Ciosaui,fud1'l‚·

1049 2379 1213 2415 Cantabr.
1227 2387 1262 2414 et
1276 2379 1440 2414 Menardi
1453 2405 1462 2422 ,
1471 2378 1607 2422 fundit.
1623 2377 1718 2423 quod

1048 2432 1172 2466 melius
1187 2439 1229 2479 τῷ
1242 2435 1336 2465 irrita
1345 2431 1530 2466 convenire
1547 2430 1641 2465 idem
1652 2443 1720 2475 pu-

1049 2491 1098 2518 tat
1107 2483 1403 2527 ;fundcreenimin
1412 2483 1535 2517 talibus
1544 2483 1624 2517 locis
1632 2495 1717 2525 esse,

1050 2535 1205 2580 perdere.
1223 2535 1339 2569 Etiam
1355 2547 1457 2569 versu
1472 2534 1631 2579 sequenti
1646 2558 1655 2576 ,
1680 2541 1720 2567 e‘x

1049 2587 1156 2621 altero
1174 2586 1284 2632 Regio
1303 2593 1462 2631 praestare
1477 2589 1622 2619 animam
1632 2597 1720 2628 pm·-

1038 2640 1138 2684 sudtt
1152 2666 1160 2679 ‚
1188 2651 1259 2672 non
1292 2638 1472 2672 invenusta
1501 2636 1719 2681 repetitione.

1051 2690 1152 2736 Regii
1163 2691 1271 2725 nostri
1285 2690 1372 2724 nihil
1385 2689 1626 2724 mutant—In
1635 2689 1714 2726 aris,

1051 2743 1094 2778 ad
1112 2755 1193 2777 aras.
1215 2761 1259 2769 -
1279 2744 1436 2776 Exorata·
1458 2754 1544 2782 ατο,
1574 2738 1616 2773 ad
1638 2751 1724 2783 quas
