1832 3100
292 218 378 261 308

653 217 704 258 P.
750 216 988 261 OVIDII
1032 216 1332 262 NASONIS

286 309 521 373 Tempore.
548 307 795 357 Leucothee
816 308 1051 378 multarum
1076 307 1236 356 oblivia
1256 308 1360 357 fe'cit
1375 322 1391 366 ,“

295 385 449 433 Gentis
477 383 706 432 odoriferae
734 403 863 450 quam
886 384 1200 434 formosissima
1222 397 1354 451 partu

236 473 239 475 ’
289 460 443 509 Edidit
465 462 743 527 Eurynome;
768 460 844 509 sed
859 498 871 519 ‚
895 473 1131 527 postquam
1153 461 1243 509 filia
1265 461 1398 509 crevit
1412 498 1424 519 ‚

1637 486 1701 509 210

294 541 441 604 Quam
464 552 603 587 mater
625 550 822 596 cunctas,
849 550 936 586 tam
959 550 1140 586 matrem
1161 538 1251 586 filia
1271 539 1388 586 vicit.

292 617 426 666 Rexit
447 616 744 665 Achaemenias
763 616 896 663 urbes
919 627 1044 681 pater
1069 615 1338 673 Orchamus3
1361 615 1485 682 isque

295 690 520 760 Septimus
545 713 568 740 a
590 693 724 759 prisci
747 703 1000 740 numeratur
1024 691 1192 754 origine
1215 691 1325 740 Beli.

293 770 388 818 Axe
413 770 496 817 sub
521 769 737 835 Hesperio
762 781 867 816 sunt
888 786 1047 834 pascua
1073 767 1189 815 Solis
1212 786 1425 834 equorum
1445 787 1456 815 ε

290 845 571 895 Ambrosiam
593 864 676 910 pro
702 845 894 906 gramine
912 844 1102 901 habent;
1130 863 1178 891 ea
1200 844 1313 892 fessa
1336 843 1506 892 diurnis
1637 858 1701 892 215

295 922 501 971 Membra
517 921 772 969 ministeriis
795 921 936 968 nutrit
951 957 963 978 ‚
983 932 1240 986 reparatque
1263 920 1406 969 labori
1426 940 1436 968 :

293 999 500 1064 Dumque
524 998 589 1045 ibi
618 996 921 1062 quadrupedes
945 996 1128 1044 caelestia
1149 996 1313 1062 pabula
1336 1009 1544 1063 carpunt,

292 1077 483 1141 Noxque
504 1074 641 1122 vicem
665 1073 861 1140 peragit3
883 1072 1098 1120 thalamos
1121 1073 1242 1120 Deus
1264 1073 1398 1120 intrat
1419 1085 1584 1121 amatos
1603 1109 1615 1131 ‚

291 1153 457 1199 Versus
479 1151 526 1198 in
547 1151 822 1215 Eurynomes
843 1147 996 1196 faciem
1021 1147 1250 1209 genetricis
1269 1167 1279 1205 3
1303 1160 1346 1196 et
1369 1149 1485 1197 inter

293 1229 372 1276 Bis
397 1247 471 1276 sex
490 1224 773 1275 Leucotheen
796 1223 979 1271 famulas
1001 1223 1054 1271 ad
1078 1223 1244 1272 lumina
1265 1224 1408 1272 cernit

1637 1247 1701 1270 220

292 1305 423 1354 Levia
443 1315 614 1352 versato
636 1302 867 1351 ducentem
889 1299 1071 1349 staffiina
1091 1300 1206 1349 fuso.

289 1423 392 1456 batur
409 1420 567 1455 Heinsio.
591 1419 818 1453 Burmannus
837 1430 966 1453 cense—

295 1474 353 1507 bat
367 1471 556 1517 legendum
568 1483 700 1515 queque
712 1472 786 1504 illo.
796 1488 841 1496 --
853 1468 971 1504 Nostri

299 1524 448 1559 Codices
473 1522 535 1557 hos
560 1534 677 1556 versus
701 1521 862 1555 exhibent
884 1533 972 1565 quos

292 1576 477 1619 dedimus,
509 1574 575 1609 nisi
604 1572 698 1617 quod
728 1573 765 1606 in
790 1584 851 1617 ²⁰7
884 1572 969 1606 dant

295 1629 445 1662 habebas
457 1653 466 1668 ‚
489 1638 553 1671 pro
572 1626 724 1658 habebat.
742 1622 808 1657 Ed.
823 1640 867 1650 --·
879 1624 970 1666 Ipso-

285 1692 356 1725 ‘que
379 1682 438 1713 illo
464 1685 528 1713 etc.
568 1677 701 1710 Locum
725 1687 797 1709 esse
823 1686 968 1717 sanum,

297 1743 364 1765 nec
384 1729 579 1764 desiderare
606 1737 754 1760 manum
773 1724 945 1759 medicam
959 1749 968 1767 ,

299 1787 440 1827 apparet
456 1793 474 1814 e
488 1791 575 1813 vers.
593 1778 657 1820 234
671 1789 744 1821 sqq.

340 1847 361 1867 2
367 1846 379 1867 1
385 1844 416 1866 ο.
424 1833 621 1877 Eurynome.
630 1827 764 1862 Oceani
774 1833 809 1861 et
816 1826 971 1874 Tethyos

295 1884 365 1919 filia
385 1881 546 1930 (Hesiod.
558 1880 692 1924 Theog.
707 1891 811 1922 versu
826 1877 918 1923 358).
929 1897 972 1905 -

300 1939 395 1973 Vicit
403 1935 517 1969 verius
531 1932 619 1967 mihi
628 1932 809 1966 videbatur
820 1957 830 1975 ,
845 1943 950 1975 quam
960 1957 970 1974 ,

298 1987 391 2033 quod
409 1986 574 2021 Heinsius
586 1984 717 2029 recepit
730 2010 739 2027 ,
756 1986 870 2017 vincit.
885 1983 973 2017 Nos-

297 2040 342 2073 tri
362 2038 510 2073 Codices
532 2036 633 2081 Regii
653 2035 784 2069 habent
802 2037 915 2069 vincit.
930 2052 974 2059 —

300 2090 513 2125 Achaemnes
531 2088 664 2133 primus
680 2087 867 2121 Persarum
889 2098 947 2119 rex
963 2099 971 2127 ;

299 2141 377 2175 vide
400 2140 625 2175 Herodotum
638 2165 647 2182 ,
666 2139 761 2182 VII,
779 2150 819 2173 11.
843 2155 888 2164 —-·
909 2138 975 2171 Or-

298 2196 451 2233 chamus,
466 2193 595 2236 conjux
605 2193 807 2237 Eurynomes
816 2217 824 2231 ‚
837 2198 873 2225 et
886 2191 975 2225 Per-

298 2257 415 2280 sarum
429 2257 498 2278 rex.
518 2261 562 2268 —-
578 2245 692 2276 Prisci
710 2244 797 2276 Beli.
829 2240 975 2276 Codices

301 2296 403 2341 Regii
421 2295 529 2330 nostri
542 2294 672 2328 habent
687 2307 709 2327 a
719 2296 862 2337 prisco...
877 2294 974 2327 Belo.

301 2350 417 2383 Prisci
438 2346 534 2381 enim
559 2352 594 2380 et
617 2347 750 2389 antiqui
765 2371 775 2384 ‚
805 2351 974 2378 monente
994 2368 996 2382 2

299 2401 519 2443 Burmann,
527 2399 636 2444 poetis
646 2397 810 2432 dicuntur
819 2404 974 2431 auctores

303 2460 340 2488 et
358 2452 554 2488 conditores
580 2451 737 2496 gentium
758 2461 974 2495 regnorum-

302 2517 381 2549 que.
400 2505 480 2538 Hoc
497 2502 734 2537 additamento
753 2500 974 2534 Leucotheen

303 2570 323 2591 a
343 2557 479 2602 generis
504 2555 705 2600 antiquitate
728 2552 974 2588 commendare

302 2609 423 2643 voluit.
455 2627 499 2635 —
522 2609 644 2643 Plures
667 2609 770 2641 Belos
793 2606 975 2651 antiquitas

303 2660 408 2695 habet
430 2686 440 2703 ,
482 2660 525 2694 de
555 2659 677 2704 quibus
706 2658 784 2692 vide
815 2658 975 2692 Perizon.

306 2711 427 2758 Origg.
438 2711 600 2757 Baby1.1s
614 2737 623 2754 ,
635 2709 694 2755 qui
707 2709 883 2756 Babylona
896 2721 975 2744 con—

1035 1417 1160 1452 didisse
1175 1417 1381 1452 credebatur
1392 1442 1402 1460 ,
1421 1422 1456 1450 et
1471 1428 1488 1450 a
1506 1415 1703 1463 Babyloniis

1034 1483 1171 1504 summa
1192 1469 1359 1515 religione
1380 1467 1577 1510 colebatur,
1604 1469 1617 1502 ὁ
1641 1468 1702 1516 ἆρ-

1035 1531 1124 1567 χαῑος
1135 1549 1144 1566 ,
1159 1530 1194 1557 et
1203 1525 1358 1567 antiquus
1367 1521 1553 1556 dicebatur.
1563 1539 1607 1546 —
1618 1520 1704 1554 Ver-

1033 1575 1085 1609 bis
1107 1576 1215 1617 Quam
1237 1578 1343 1608 mater
1363 1580 1427 1608 etc.
1459 1571 1636 1607 exornavit
1656 1571 1706 1605 il—

1033 1625 1094 1659 lud
1111 1626 1235 1659 Horat.
1250 1626 1285 1667 1,
1306 1623 1376 1659 Od.
1391 1632 1475 1666 xvt,
1494 1637 1507 1657 1
1529 1624 1590 1667 :0
1603 1627 1707 1657 matre

1028 1678 1172 1721 pulchra
1173 1679 1257 1721 filia
1265 1677 1444 1719 pulchrior.
1465 1674 1594 1709 Similis
1607 1685 1707 1708 corn-

1034 1728 1185 1773 parati0‚
1205 1728 1241 1762 II
1255 1753 1264 1770 ,
1285 1740 1344 1771 722
1362 1739 1436 1770 sqq.

1078 1793 1097 1813 2
1105 1780 1153 1822 ¹4-
1161 1778 1253 1812 Λτιὶτ
1260 1777 1340 1811 alias
1348 1776 1471 1811 caelum
1480 1802 1490 1818 ,
1502 1786 1598 1810 nunc
1604 1780 1706 1808 terra.

1035 1848 1079 1857 ·--
1093 1829 1149 1864 De
1163 1831 1332 1863 ambrosia
1347 1828 1493 1862 istorum
1511 1838 1683 1872 equorum
1695 1851 1706 1868 ,

1035 1882 1113 1917 vide
1131 1882 1174 1916 ad
1190 1882 1250 1925 11,
1280 1893 1351 1915 120.
1374 1880 1426 1915 lbi
1449 1886 1541 1915 stant
1556 1877 1598 1913 ad
1615 1889 1706 1923 prae-

1036 1934 1130 1979 sepia
1141 1960 1150 1977 ,
1167 1933 1223 1968 hic
1236 1939 1356 1967 errant
1369 1932 1406 1965 in
1419 1930 1560 1976 pascuis.
1574 1948 1619 1956 -·
1634 1931 1707 1964 Ha-

1037 1989 1123 2020 bent.
1141 1983 1262 2019 Codex
1274 1983 1404 2028 Regius
1418 1982 1451 2017 A
1462 2008 1472 2026 ,
1489 1984 1654 2016 habentia.
1664 1997 1707 2005 ·-·

1037 2039 1188 2081 Bepara!
1197 2063 1205 2077 ‚
1229 2034 1350 2070 reficit.
1359 2053 1403 2061 -—
1416 2035 1554 2077 Carpere
1561 2034 1687 2077 pabula
1697 2058 1706 2070 ‚

1037 2090 1078 2124 iis
1099 2088 1206 2130 vesci,
1230 2088 1335 2123 etiam
1352 2088 1442 2122 Fast.
1468 2087 1522 2122 IV
1534 2112 1544 2129 ,
1569 2088 1641 2131 750.
1665 2103 1709 2112 ·-

1045 2144 1157 2177 Vt'cem
1166 2143 1299 2185 peragit
1312 2152 1330 2174 e
1347 2151 1384 2173 re
1401 2137 1542 2172 militari
1554 2136 1709 2171 ductum.

1083 2195 1157 2228 218.
1188 2192 1243 2226 De
1268 2193 1429 2226 thalamis·
1439 2217 1448 2231 ‚
1474 2189 1554 2224 vide
1576 2188 1619 2223 ad
1647 2188 1683 2224 ΙΙ
1698 2214 1707 2231 ,

1042 2245 1114 2291 737.
1130 2244 1186 2278 De
1199 2243 1392 2278 mutatione
1403 2242 1468 2277 hac
1481 2240 1559 2276 vide
1575 2239 1618 2275 ad
1632 2239 1708 2283 111,

1040 2299 1114 2342 273.
1139 2316 1184 2322 —
1198 2298 1358 2336 Amatos‚
1382 2295 1420 2329 in
1437 2294 1561 2339 quibus
1576 2292 1710 2327 habita-

1040 2349 1099 2383 bat
1117 2356 1240 2383 amata.
1261 2366 1305 2373 —
1325 2347 1388 2381 Ad
1403 2347 1540 2379 Iumina.
1563 2343 1708 2378 sueton.

1043 2401 1129 2437 Caes.
1154 2403 1216 2447 37:
1233 2400 1422 2435 Adscendit
1444 2399 1641 2442 Capitolium
1664 2398 1714 2430 ad

1039 2455 1177 2486 Iumina.
1193 2450 1362 2486 Similiter
1377 2461 1484 2494 graece
1501 2451 1570 2498 πρὸς
1583 2454 1652 2494 φῶς.
1667 2465 1711 2472 -

1040 2505 1158 2544 ,lenias
1172 2503 1218 2537 sic
1227 2500 1381 2547 plerique
1390 2515 1408 2536 e
1421 2499 1688 2546 castigatioribus
1699 2513 1710 2540 ;

1041 2554 1208 2588 Heinsius
1225 2553 1439 2597 conjecturat
1455 2555 1591 2592 lenuia‚·
1608 2548 1711 2583 Gro-

1039 2606 1175 2649 novius,
1187 2608 1311 2644 ηιοΙΙία,
1323 2603 1414 2649 quod
1426 2603 1648 2638 Burmannus
1658 2599 1710 2633 in·

1041 2657 1163 2702 telligit
1177 2657 1220 2691 de
1233 2656 1383 2691 vestibus
1391 2654 1549 2689 mollibus
1560 2678 1571 2695 ,
1583 2651 1626 2686 de
1637 2650 1709 2696 qui-

1039 2709 1103 2744 bus
1117 2708 1199 2743 Luc.
1216 2708 1309 2752 vll,
1332 2710 1384 2744 25.
1402 2704 1520 2741 Nostri
1537 2703 1635 2749 Regii
1652 2701 1707 2736 ha-
