1832 3100
249 240 329 282 180

612 243 661 284 P.
705 241 943 287 OVIDII
975 243 1276 292 NASONIS

240 332 388 399 Atque
409 333 492 392 ait,
523 355 546 377 «
574 336 616 384 O
642 337 877 395 comitum,
901 338 1026 402 virgo
1042 378 1054 397 ‚
1078 359 1178 407 pars
1199 361 1287 390 una
1308 360 1524 403 mearum,

242 433 264 452 n
291 412 344 458 In
371 411 532 477 quibus
556 429 602 460 es
625 425 780 462 venata
800 415 953 479 jugis?
976 438 999 459 >2
1027 418 1094 465 De
1117 419 1277 484 cespite
1299 420 1425 483 virgo

235 486 291 537 Se
312 488 449 547 levat;
473 500 537 547 et,
568 511 589 532 «
619 489 743 539 Salve
766 508 929 539 numen
945 529 956 550 ‚
979 511 1047 541 me
1068 493 1232 557 judice,
1257 494 1391 554 dixit,

237 588 260 608 »
289 565 455 614 Audiat
478 566 570 631 ipse
595 565 716 624 licet,
740 567 880 631 majus
901 569 1025 615 Jove.
1055 590 1078 611 »
1107 569 1267 627 Ridet,
1291 583 1336 619 et
1355 571 1505 630 audit;

233 644 294 690 Et
318 641 402 690 sihi
426 642 620 708 praeferri
643 662 687 691 se
713 644 896 706 gaudet,
920 655 964 693 et
987 643 1137 691 oscula
1157 645 1333 709 jungit,

1582 661 1649 708 430

231 721 324 769 Nec
345 719 570 768 moderata
594 720 723 777 satis,
750 740 829 768 nee
854 721 916 768 sic
942 741 967 769 a
989 722 1158 784 virgine
1183 722 1336 772 danda.

235 797 338 860 Qua
362 808 516 845 venata
536 796 653 853 foret
677 797 785 845 silva
808 817 983 846 narrare
1004 810 1231 863 parantem

231 873 424 940 Impedit
449 872 677 939 amplexu3
702 894 784 923 nec
805 894 851 923 se
876 875 969 923 sine
998 875 1177 923 erimine
1201 876 1365 941 prodit.

225 951 309 1000 Illa
334 951 512 1017 quidem
538 962 691 999 contra
706 989 717 1009 ‚
749 964 963 1017 quantum
986 953 1119 1000 modo
1143 952 1303 1001 femina
1328 955 1498 1021 possit,

229 1028 494 1095 Adspiceres
518 1029 708 1086 utinam,
736 1029 961 1087 Saturnia,
987 1030 1137 1077 mitior
1159 1033 1302 1078 esses!

1577 1047 1645 1093 435

226 1106 308 1155 Illa
330 1106 508 1173 quidem
532 1117 703 1171 pugnat
725 1125 734 1153 :
756 1106 833 1154 sed
859 1126 955 1172 quae
977 1125 1181 1173 superare
1204 1107 1376 1173 puella,

230 1185 397 1248 Quisve
419 1185 448 1231 J
451 1202 576 1231 ovem
600 1184 808 1249 poterat?
831 1202 1040 1249 superum
1064 1184 1177 1249 petit
1203 1184 1364 1233 aethera
1384 1184 1527 1234 victor

223 1262 402 1328 Jupiter
425 1282 435 1308 ε
461 1261 566 1308 huie
593 1261 697 1308 odio
719 1279 876 1309 nemus
900 1272 966 1309 est
981 1298 993 1319 ‚
1020 1272 1063 1308 et
1085 1261 1259 1309 conscia
1280 1259 1413 1318 silva3

227 1339 358 1387 Unde
372 1376 384 1396 ,
410 1338 567 1405 pedem
589 1338 779 1386 referens
793 1375 805 1395 ‚
831 1357 954 1404 paene
977 1349 1045 1386 est
1069 1336 1210 1386 oblita
1230 1337 1478 1403 pharetram

227 1415 401 1465 Tollere
426 1434 524 1463 cum
548 1414 669 1472 telis,
696 1426 765 1472 et,
790 1434 920 1480 quem
943 1414 1251 1481 suspenderat,
1276 1434 1436 1464 arcum.

1575 1430 1641 1476 440

290 1496 427 1551 Ecce,
454 1511 534 1540 suo
558 1491 763 1540 comitata
788 1491 925 1539 choro
949 1492 1170 1558 Dictynna
1193 1511 1272 1558 per
1294 1491 1431 1541 altum

222 1610 289 1651 illa,
301 1610 331 1654 I,
340 1609 450 1657 596,s.
464 1608 559 1642 Male
571 1608 693 1642 Burm.
705 1606 900 1650 dubitabat,

225 1674 343 1696 annon
362 1674 403 1696 ex
419 1659 526 1694 MSS.
545 1658 750 1704 quibusdam
763 1658 902 1703 praeser-

222 1721 278 1748 ret
292 1714 478 1757 vultumque
489 1739 497 1752 ‚
516 1724 557 1745 ex
568 1711 738 1744 levissima
749 1710 805 1744 illa
819 1722 902 1744 cau-

223 1778 260 1801 sa
275 1792 284 1809 ,
312 1765 392 1809 quia
408 1763 588 1798 interdum
605 1765 716 1796 vultus
739 1769 772 1796 et
784 1761 901 1804 facies

224 1819 500 1863 conjunguntur.
538 1815 655 1850 Etiam
680 1815 836 1849 Lactant.
862 1814 899 1848 in

224 1872 310 1917 Arg.
322 1872 506 1914 cultumque
515 1868 597 1913 legit
608 1880 616 1902 :
628 1869 792 1911 Fuligalae
808 1879 901 1900 oma-

222 1929 277 1958 tus
279 1925 437 1969 pharetra
443 1923 637 1965 sagittisque
644 1946 652 1960 ‚
663 1921 756 1953 velut
761 1920 879 1953 Diana
886 1946 895 1960 ,

223 1978 374 2010 occurrit.
391 1993 435 2000 --
450 1975 537 2007 Pars
552 1985 619 2006 una
636 1983 699 2016 pro
715 1984 799 2010 una,
817 1971 903 2004 sim-

224 2027 385 2073 pliciter:
408 2025 444 2059 11
472 2025 564 2059 Fast.
591 2023 652 2057 156
670 2049 680 2068 ,
711 2026 806 2057 sacri
819 2035 903 2066 pars

228 2091 297 2113 una
315 2079 416 2112 chori.

271 2132 476 2178 429.Numen
483 2130 594 2173 majus
600 2130 692 2163 Jove.
703 2127 900 2172 Ingeniose‚

228 2192 268 2219 ut
283 2183 433 2226 indicet,
452 2195 493 2216 ex
510 2181 619 2216 aliena
637 2193 774 2224 quoque
790 2181 901 2214 forma

228 2236 326 2281 Jovis
351 2235 568 2277 maiestatem
593 2232 744 2266 eluxisse.
765 2249 810 2257 ——-
831 2232 907 2266 Sibi

223 2284 492 2332 praefi·rri.Talia,
503 2291 540 2318 ut
550 2289 682 2328 arguta,
694 2289 785 2316 amat
797 2281 901 2316 ovid.

229 2358 274 2366 ·—
296 2340 422 2374 Oscula
437 2343 500 2371 etc.
523 2335 612 2369 XIV
624 2360 634 2377 ‚
658 2335 722 2367 658
739 2346 746 2367 :
763 2336 898 2374 oscula,

224 2394 340 2437 qualia
354 2401 519 2434 nunquam
539 2388 625 2422 Vera
637 2387 783 2420 dedisset
794 2398 879 2419 anus
886 2396 901 2427 ‚-

227 2445 282 2479 IX
293 2470 303 2487 ,
321 2444 385 2478 538
405 2452 414 2474 ε
432 2443 547 2476 oscula
561 2452 626 2475 non
642 2441 779 2472 sororia.

280 2495 355 2539 433.
386 2495 531 2537 Impedit
559 2493 723 2535 amplexu.
752 2490 901 2534 Propter

225 2559 360 2581 narrare
365 2549 538 2590 parantem
549 2542 653 2589 possis
664 2543 818 2585 impedire
825 2554 900 2575 sen-

225 2613 267 2635 su
277 2598 408 2644 vulgari
418 2610 555 2632 sumere
569 2622 579 2639 ‚
596 2602 636 2629 ut
653 2594 743 2629 Rod.
755 2620 764 2635 ‚
783 2607 820 2627 er
828 2607 901 2627 ver-

228 2654 358 2688 binderl
366 2654 416 2685 sie
426 2651 528 2685 durch
546 2650 755 2690 Umarmung.
769 2646 901 2691 Exqui-

225 2705 323 2740 sitius
338 2710 456 2738 tamen
467 2702 600 2735 dictum
615 2706 666 2734 est
679 2725 688 2742 ,
708 2699 734 2733 si
744 2699 900 2742 impedire

226 2759 380 2802 amplexu
399 2754 542 2799 explicas
563 2766 627 2798 per
649 2751 828 2796 amplecti,
859 2757 899 2785 ut

968 1614 1088 1653 tropus
1104 1620 1123 1641 a
1138 1608 1262 1643 vitibus
1279 1608 1406 1653 petitus
1421 1608 1480 1652 sit,
1496 1621 1572 1655 quae
1582 1621 1640 1644 re-

967 1660 1117 1694 tinacula
1141 1662 1325 1704 1'mpediunl
1331 1687 1340 1702 ,
1368 1660 1533 1707 cingunt3
1559 1661 1615 1695 111
1627 1687 1638 1704 ‚

966 1711 1042 1754 664.
1070 1711 1121 1745 Ita
1146 1713 1302 1755 impedire
1325 1712 1430 1746 etiam
1447 1725 1550 1752 versu
1565 1713 1643 1748 868.

968 1764 1200 1808 Complexibus
1213 1767 1353 1806 ambire,
1371 1765 1443 1799 XII
1456 1791 1465 1808 ,
1484 1766 1557 1801 328.

1011 1815 1084 1858 434.
1101 1817 1170 1849 Illa
1188 1818 1326 1860 quidem.
1350 1815 1508 1862 Apollod.
1525 1817 1637 1867 ἀκούσῃ

967 1866 1186 1906 συνευνάζεται.
1201 1866 1290 1900 Illud
1303 1867 1414 1914 ἀκούσῃ
1428 1867 1557 1902 Noster
1567 1868 1640 1913 plu·

966 1916 1062 1951 ribus
1078 1918 1308 1963 persequitur.
1319 1937 1363 1945 —
1374 1921 1508 1961 Possim·
1530 1918 1637 1955 Codi-

965 1981 1020 2002 ces
1035 1969 1145 2004 nostri
1155 1975 1281 2014 posset.

1010 2022 1050 2064 43
1056 2036 1082 2067 7.
1106 2023 1262 2066 Superum
1276 2025 1384 2059 lumen
1398 2024 1520 2060 caelum
1535 2037 1639 2060 voca-

966 2081 1050 2108 runt
1068 2074 1221 2119 Ennius,
1240 2076 1420 2112 Lucretius
1433 2104 1442 2121 ,
1460 2085 1495 2113 et
1510 2078 1637 2124 Virgi—

966 2126 1039 2161 lius.
1055 2146 1100 2153 —
1119 2130 1253 2163 Nemus.
1269 2129 1352 2164 Duo
1366 2157 1375 2174 ,
1400 2132 1510 2165 Venus
1520 2144 1533 2174 ,·
1545 2132 1637 2168 sorte

966 2191 1011 2212 ne
1028 2187 1129 2223 poeta
1143 2180 1193 2214 bis
1210 2180 1303 2215 idem
1321 2181 1434 2217 dicere
1448 2182 1636 2220 videretur.

965 2249 1009 2256 —
1024 2231 1158 2275 Nostri,
1176 2245 1298 2267 nemus.
1313 2252 1358 2259 —-
1369 2235 1492 2268 Nemus
1502 2241 1537 2268 et
1549 2237 1637 2268 silva

966 2284 1089 2328 passim
1109 2285 1392 2330 coniunguntur,
1418 2293 1458 2320 ut
1479 2287 1517 2329 1,
1546 2285 1608 2321 568
1623 2291 1651 2328 ;'

965 2335 1042 2370 vide
1062 2337 1317 2371 Burmannum.
1334 2355 1378 2364 -—-
1396 2339 1539 2372 Conscia
1549 2350 1634 2383 poe-—

965 2386 1008 2420 tis
1030 2386 1195 2421 dicuntur
1214 2388 1287 2421 loca
1307 2388 1343 2421 in
1369 2387 1490 2432 quibus
1506 2388 1636 2433 aliquid

963 2439 1083 2482 stupri.
1102 2441 1246 2473 Conscia
1263 2442 1349 2473 silua
1363 2440 1471 2484 stupri
1488 2440 1530 2473 ab
1544 2440 1635 2475 Jove

964 2490 1057 2525 illati.
1066 2493 1130 2524 Ed.
1141 2493 1290 2525 —Paene
1297 2496 1349 2525 est
1357 2499 1420 2532 etc.
1436 2493 1522 2527 Haec
1530 2493 1635 2527 verba

964 2540 1053 2574 bene
1067 2548 1189 2576 notant
1200 2555 1374 2576 summam
1386 2542 1545 2578 Callistus
1553 2556 1634 2590 per—

963 2592 1209 2626 turbationem.
1365 2614 1366 2617 =

1007 2646 1080 2689 441.
1097 2647 1292 2692 Diclynna,
1320 2646 1453 2690 Diana,
1474 2646 1521 2681 sic
1542 2646 1633 2682 dicta

964 2711 983 2732 a
997 2700 1126 2737 &malm
1135 2724 1146 2742 ,
1163 2711 1182 2732 a
1194 2700 1334 2738 retibus,
1354 2712 1373 2733 e
1387 2698 1508 2743 quibu‘s
1522 2710 1632 2732 unam

963 2750 1131 2786 comitum
1152 2763 1294 2786 suarum
1314 2756 1507 2787 servaverat
1527 2749 1630 2786 :vide
