1832 3100
310 219 398 276 456

665 218 718 263 Ρ.
760 220 1002 264 ov1D11
1044 195 1348 263 NASONIS

309 314 420 360 Esse
445 330 601 378 parens
622 312 751 361 vellet
771 332 780 360 :
800 331 941 378 neque
966 312 1081 360 enim
1102 312 1248 360 minus
1269 311 1430 377 impius
1452 319 1579 363 esset.

309 391 515 438 Vincitur
536 391 759 439 ambarum
784 391 960 453 genitor
981 407 1108 455 prece
1135 408 1146 436 ε
1172 388 1353 451 gaudet,
1378 389 1554 455 agitque

307 466 389 515 Illa
411 468 525 534 patri
549 479 713 531 grates;
740 479 784 516 et
804 466 1062 515 successisse
1088 465 1258 513 duabus

307 544 360 591 Id
381 556 509 610 putat
529 545 704 603 infelix,
732 543 849 611 quod
879 544 962 591 erit
983 542 1170 604 lugubre
1196 541 1380 590 duabus.

1649 552 1715 602 485

306 621 404 669 Jam
429 620 556 669 labor
577 622 758 683 exiguus
780 620 952 668 Phoebo
978 618 1191 676 restabat3
1211 619 1401 685 equique

305 697 549 746 Pulsabant
572 698 762 765 pedibus
784 697 976 763 spatium
997 695 1175 744 declivis
1200 694 1394 763 Olympi.

305 774 493 837 Regales
517 775 655 841 epulae
679 774 840 822 mensis
864 786 907 822 et
930 773 1131 822 Bacchus
1153 773 1199 820 in
1222 792 1330 821 auro

305 851 522 900 Ponitur:
546 853 648 900 hinc
672 851 845 918 placido
868 851 1027 900 dantur
1048 869 1125 899 sua
1147 869 1332 917 corpora
1352 869 1521 899 somno.
1586 875 1588 878 >

302 928 365 975 At
388 947 463 976 rex
488 929 705 995 Odrysius
720 965 731 986 ‚
757 928 952 995 quamvis
975 929 1174 986 secessit,
1201 928 1248 975 in
1268 927 1344 976 illa

1648 939 1715 988 49⁰

305 1002 482 1053 AEstuat
503 1025 513 1053 :
533 1018 576 1053 et
596 1017 800 1072 repetens
821 1005 972 1054 faciem
986 1043 998 1063 ,
1025 1017 1260 1070 motusque
1274 1042 1286 1062 ‚
1310 1023 1551 1071 manusque
1564 1041 1576 1063 ,

306 1081 467 1144 Qualia
490 1083 586 1130 vult
606 1082 755 1146 fingit,
787 1102 881 1149 quae
903 1082 1101 1131 nondum
1125 1082 1235 1130 vidit
1254 1102 1263 1130 :
1284 1093 1327 1130 et
1347 1081 1472 1144 ignes

307 1164 407 1228 Ipse
432 1183 535 1212 suos
558 1165 723 1222 nutrit,
748 1184 851 1213 cura
873 1176 1121 1212 removente
1145 1182 1363 1230 soporem.

303 1248 399 1293 Lux
424 1258 540 1304 erat;
566 1259 634 1304 et,
659 1247 806 1310 generi
829 1247 1024 1295 dextram
1049 1245 1304 1312 complexus
1328 1244 1496 1303 euntis,

304 1326 507 1377 Pandion
531 1328 737 1376 comitem
759 1327 957 1394 lacrymis
982 1327 1260 1375 commendat
1282 1324 1477 1374 obortis:

1648 1331 1714 1383 495

308 1433 330 1451 «
360 1411 485 1458 Hanc
510 1431 591 1474 ego
607 1430 739 1468 ,care
763 1430 918 1473 gener,
946 1410 1152 1477 quoniam
1175 1409 1248 1475 pia
1269 1427 1398 1456 causa
1418 1406 1588 1469 coegit,

305 1513 328 1533 ,u
359 1494 419 1539 Et
439 1491 613 1540 voluere
637 1493 773 1540 ambae
788 1529 799 1549 ‚
826 1491 1006 1539 voluisti
1031 1503 1079 1538 tu
1103 1508 1304 1556 quoque,
1323 1490 1490 1545 Tereu,

300 1659 344 1666 -
360 1640 499 1683 Accipit
508 1653 571 1684 pro
590 1642 754 1679 stimula,
773 1638 904 1673 habent
919 1638 975 1671 illa

299 1694 336 1727 in
366 1705 408 1726 eo
439 1692 511 1726 vim
539 1691 771 1727 stimulorum.
799 1707 842 1715 ——
864 1686 976 1734 Ne'que

299 1747 384 1779 enim
395 1746 504 1777 minus
512 1745 634 1786 impius
644 1745 749 1774 esset.¹
759 1740 902 1774 Etiamsi
914 1753 976 1784 pa-

300 1809 382 1830 rens
398 1800 486 1829 esset
497 1819 506 1837 ,
517 1798 646 1828 'tamen
660 1791 767 1826 filiam
784 1804 882 1826 suam
897 1803 976 1826 cor-

299 1852 492 1892 rumperet.
930 1843 931 1846 ’

344 1899 419 1942 483.
429 1898 735 1939 Ambantmprece;
751 1895 890 1938 scilicet,
902 1908 975 1941 pre-

300 1950 395 1986 cibus
411 1950 565 1984 Procnes
581 1948 729 1982 absentis
744 1954 779 1982 et
796 1947 977 1981 Philome-

299 2002 363 2042 lae;
392 2008 426 2035 at
441 2001 576 2034 Tereus
599 2012 747 2045 praesens
765 2011 837 2033 non
861 1999 977 2033 minus

303 2052 468 2087 ardenter
480 2058 638 2097 precatus
653 2051 767 2085 suerat
780 2064 787 2086 :
802 2063 976 2096 quaprop-

302 2112 357 2139 ter
372 2099 498 2139 rectius
511 2129 520 2145 ,
538 2110 658 2137 nostro
674 2103 803 2147 judicio
819 2128 830 2146 ‚
857 2102 976 2137 Codex

302 2155 433 2200 Regius
450 2154 483 2188 A
501 2154 605 2188 habet
619 2158 787 2188 amborum
801 2181 809 2194 ,
827 2154 954 2189 scilicet
965 2179 974 2197 ,

305 2206 411 2241 Terei
425 2213 460 2240 et
476 2205 687 2241 Philomelae.
702 2207 767 2239 Ed.
782 2222 827 2232 —-·
841 2207 890 2239 Et
898 2218 976 2239 suc-

301 2261 444 2294 cessisse
452 2263 515 2291 etc.
525 2255 707 2300 Quoniam
717 2255 895 2300 aliquoties
905 2255 976 2299 jam

300 2311 468 2346 lectorem
492 2307 535 2342 de
552 2307 644 2342 exitu
669 2308 720 2341 rei
742 2307 974 2351 praemonuit,

302 2362 376 2396 haec
392 2366 553 2406 poterant
569 2359 693 2393 omitti.
709 2377 753 2385 —-
765 2359 977 2402 Equipulsa-

302 2416 386 2447 bant
395 2419 460 2446 etc.
473 2438 482 2456 ‚
498 2425 516 2446 e
531 2411 696 2456 Virgilio,
717 2409 799 2444 AEn.
817 2410 850 2443 X
862 2435 871 2452 ,
888 2409 952 2443 216
963 2434 973 2452 ,

302 2479 397 2500 curru
407 2466 592 2509 Nocmago
608 2466 732 2499 Pha-bc
742 2465 883 2497 medium
889 2465 975 2506 pul—

303 2519 406 2550 sabat
434 2518 618 2562 Olympum.
647 2532 691 2542 ·-·
710 2517 799 2550 Pom'
816 2527 879 2560 pro
904 2528 974 2558 ap—

297 2572 398 2612 poni,
421 2568 464 2602 de
480 2569 572 2603 vino.
592 2567 682 2603 Vide
701 2567 889 2601 Heinsium
901 2592 910 2610 ,
932 2565 975 2600 ad

303 2620 381 2655 Art.
405 2621 523 2655 Amat.
540 2621 556 2655 I
570 2646 580 2664 ,
607 2621 681 2654 231.
700 2638 746 2646 —-
759 2621 896 2654 Danlur
912 2632 976 2653 sua

303 2686 440 2717 corpora
466 2686 581 2707 somno
591 2700 598 2713 ,
630 2672 735 2717 possis
761 2672 807 2706 ita
832 2684 973 2716 capere:

302 2737 428 2759 somno
445 2724 573 2759 dantur
587 2737 732 2770 corpora
743 2738 782 2760 ea
796 2750 804 2767 ,
819 2736 899 2770 quae
912 2724 974 2769 ipsi

1039 1636 1214 1670 debentur
1225 1649 1232 1676 ;
1247 1647 1398 1679 namque
1409 1647 1490 1668 suus
1500 1646 1588 1679 saepe
1598 1659 1610 1677 ,
1622 1633 1713 1679 apud

1039 1695 1156 1734 poetas
1185 1688 1221 1722 in
1248 1688 1367 1733 primis
1385 1713 1395 1731 ,
1422 1688 1470 1722 sic
1495 1695 1531 1722 et
1556 1687 1714 1722 similiter

1041 1739 1232 1774 adhibetur.

1084 1793 1158 1838 490.
1174 1791 1311 1837 Odrysae
1320 1817 1328 1832 ‚
1346 1803 1430 1836 gens
1441 1789 1607 1824 Thraciae.
1618 1790 1713 1824 Pau—

1041 1842 1151 1886 sanias
1161 1867 1170 1884 ,
1189 1841 1291 1877 Attio.
1307 1855 1338 1887 p.
1353 1855 1392 1875 aa
1408 1855 1417 1883 ;
1434 1841 1556 1876 Senec.
1569 1840 1712 1888 Thyest.

1041 1894 1104 1939 273
1123 1906 1130 1927 :
1153 1895 1246 1928 Vidit
1259 1894 1421 1938 infandas
1436 1896 1551 1928 domus
1568 1895 1713 1940 Odrys1'a

1040 1958 1183 1979 mensas.
1205 1964 1248 1971 —
1263 1947 1402 1980 AErtuat
1421 1947 1457 1979 in
1477 1947 1560 1986 illa,
1587 1944 1713 1979 misere

1041 2010 1119 2031 eam
1134 2004 1236 2032 amat.
1252 2015 1296 2022 —
1314 1998 1420 2036 Cura,
1443 2009 1551 2030 amor.

1084 2050 1158 2097 496.
1173 2051 1274 2083 Hanc
1287 2062 1346 2093 ego
1356 2076 1365 2089 ‚
1387 2055 1451 2084 etc.
1468 2047 1661 2083 Valedictio
1677 2055 1712 2083 et

1040 2115 1159 2148 preces
1174 2103 1278 2148 patris
1289 2102 1332 2136 ad
1347 2100 1642 2136 commovendum
1656 2113 1713 2146 ap-

1040 2155 1187 2191 tissimae.
1199 2156 1333 2191 Invitus
1343 2181 1352 2199 ,
1366 2162 1507 2200 propter
1522 2154 1615 2200 piam
1629 2167 1713 2189 cau-

1040 2220 1113 2242 sam
1128 2234 1138 2251 ,
1158 2207 1195 2242 in
1210 2208 1314 2242 breve
1328 2214 1464 2253 tempus
1475 2231 1485 2250 ,
1503 2205 1645 2240 dimittit
1660 2206 1712 2240 fi-

1039 2258 1121 2293 liam
1129 2285 1138 2302 ‚
1152 2271 1256 2303 quam
1267 2271 1373 2293 unam
1381 2270 1500 2293 secum
1510 2257 1613 2291 hahet
1621 2281 1631 2301 ,
1644 2269 1712 2301 qua

1040 2309 1225 2344 senectutis
1256 2308 1467 2343 imbecillitas
1506 2307 1565 2341 diu
1592 2320 1710 2341 carere

1040 2375 1112 2397 non
1129 2370 1262 2408 potest,
1290 2374 1436 2406 eamque
1453 2373 1534 2395 cum
1552 2360 1710 2406 gravibus

1041 2414 1324 2449 obtestationibus
1356 2412 1463 2447 Terei
1493 2411 1575 2446 fidei
1603 2424 1709 2446 com-

1040 2466 1183 2500 mendat
1195 2491 1204 2509 ‚
1223 2472 1260 2499 ut
1276 2464 1381 2510 patris
1399 2464 1488 2498 vices
1504 2469 1652 2508 praestet.
1668 2480 1711 2489 —

1039 2518 1106 2550 Pia
1131 2529 1235 2550 causa
1252 2542 1260 2556 ‚
1282 2528 1380 2550 amor
1401 2515 1490 2550 filiae.
1515 2532 1560 2540 ——
1588 2515 1711 2558 Coegit.

1040 2568 1140 2603 Alter
1165 2567 1440 2613 Hamburgensis
1461 2573 1497 2601 et
1514 2578 1606 2601 unus
1622 2566 1709 2600 Me-

1040 2619 1156 2654 diceus
1165 2646 1174 2664 ,
1185 2623 1321 2664 subegit.
1337 2618 1437 2664 Regii
1449 2618 1558 2653 nostri
1567 2643 1577 2661 ‚
1593 2619 1709 2660 coegit.

1083 2673 1157 2718 497.
1175 2673 1224 2706 Et
1235 2674 1367 2706 voluere
1382 2672 1503 2711 ambae,
1521 2676 1584 2704 etc.
1606 2667 1708 2712 Qui-

1038 2723 1119 2758 dam
1134 2723 1228 2758 hunc
1250 2735 1390 2758 versum
1404 2720 1595 2767 superiori,
1618 2719 1704 2765 496,
