1832 3100
271 266 274 269 ,
322 226 411 268 306

687 227 738 269 Ρ.
785 227 1018 273 OVIDII
1062 228 1363 274 NASONIS

322 317 498 375 Efficit;
523 329 566 367 et
584 315 698 366 lecto
721 318 985 369 circumdata
1009 320 1196 370 collocat
1217 334 1329 389 apte.

322 398 386 444 Ut
408 415 559 444 venere
577 407 723 445 torum
745 397 903 463 conjux
927 409 970 447 et
991 398 1161 447 adulter
1181 400 1228 447 in
1251 420 1388 449 unum
1406 438 1419 459 ,

320 474 428 521 Arte
451 473 558 532 viri,
582 473 823 541 vinclisque
843 494 958 523 nova
979 476 1150 524 ratione
1171 477 1334 542 paratis
1353 515 1366 535 ,

317 553 371 598 In
389 550 544 599 mediis
566 551 696 599 ambo
722 551 924 618 deprensi
949 551 1223 618 amplexibus
1243 554 1422 603 haerent.

316 628 522 693 Lemnius
545 628 763 695 extemplo
789 628 931 677 valvas
954 630 1160 695 patefecit
1183 630 1369 680 eburnas
1383 669 1395 689 ,

1664 649 1726 685 185

318 704 596 770 Admisitque
622 705 743 753 Deos
764 725 774 752 ε
797 704 862 752 illi
882 706 1052 769 jacuere
1074 706 1197 769 ligati

317 782 548 847 Turpiter,
571 793 703 847 atque
731 781 892 847 aliquis
916 782 968 831 de
993 783 1075 832 Dis
1099 803 1192 831 non
1215 784 1416 833 tristibus
1441 797 1568 851 optat

318 858 389 906 Sic
411 858 505 906 fieri
528 859 682 924 turpis.
709 859 871 924 Superi
894 859 1051 918 risere;
1078 859 1240 926 diuque

316 936 420 983 Haec
442 934 528 981 fuit
545 934 593 981 in
620 946 716 982 toto
742 935 973 984 notissima
996 936 1147 985 fabula
1170 936 1288 986 caelo.

379 1010 531 1075 Exigit
552 1009 702 1057 indicii
723 1029 960 1059 memorem
986 1012 1216 1079 Cythereia
1237 1031 1410 1079 poenam
1430 1032 1441 1071 ;

1664 1041 1724 1076 190

313 1089 452 1153 Inque
475 1087 589 1135 vices
612 1085 760 1145 illum,
785 1099 922 1136 tectos
947 1089 1024 1154 qui
1047 1089 1159 1137 laesit
1183 1108 1373 1147 amores,

314 1218 365 1252 Ut
376 1218 506 1252 levibus
514 1217 659 1252 tactibus
668 1223 704 1252 et
712 1218 900 1253 momentis
910 1231 983 1264 par-

311 1270 360 1304 vis
376 1276 593 1304 moveantur.

359 1322 429 1356 181.
448 1323 601 1355 Collocat
613 1326 699 1365 apte.
719 1320 840 1355 Codex
855 1321 984 1366 Regius

310 1375 341 1408 Β
355 1400 364 1417 ,
383 1378 475 1415 arte-3
494 1374 627 1418 ingrata
643 1381 732 1409 esset
743 1373 904 1419 repetitio
920 1373 986 1408 hu-

310 1426 364 1470 jus
377 1425 468 1460 vocis
485 1425 522 1459 in
538 1438 639 1460 versu
659 1425 729 1460 183.
759 1427 824 1459 Ed.
842 1443 885 1452 --·
901 1426 985 1461 Arte

309 1481 393 1517 viri,
419 1477 499 1512 dolo
516 1478 632 1511 mariti
655 1477 814 1512 Veneris.
835 1478 983 1512 Homer.

310 1535 376 1577 περὶ
389 1531 525 1564 δολόεντα
541 1531 660 1564 τέτυκτο
673 1554 683 1572 ,
703 1536 739 1564 et
752 1541 896 1563 omnem
912 1529 984 1563 do-

309 1583 384 1616 lum
400 1587 465 1631 περὶ
488 1584 595 1625 δέμνια
613 1587 709 1625 χεῦεν,
737 1582 908 1615 Lemnium
923 1581 983 1615 Vi-

309 1640 447 1679 tuperat
465 1632 655 1675 Lucianus,
679 1631 773 1677 quod
790 1633 859 1677 ipse
876 1632 983 1667 adul-

310 1686 439 1720 terium
463 1684 700 1719 manisestarit.
725 1702 769 1710 --
795 1685 953 1719 Lemnius
970 1697 983 1729 ‚²

311 1737 489 1772 Vulcanus
505 1762 515 1779 ,
544 1736 603 1781 qui
618 1735 705 1770 dum
724 1736 844 1771 matris
860 1736 982 1771 auxilio

313 1797 511 1826 occurreret
527 1789 689 1824 adversus
702 1789 726 1823 J
728 1802 829 1824 ovem
842 1816 851 1833 ,
873 1793 985 1840 s‘nqtoclg

309 1846 414 1885 ποδὲς,
431 1848 472 1875 ut
481 1841 553 1886 ipse
564 1846 700 1884 narrat,
719 1841 816 1875 Iliad.
831 1841 884 1885 Α,
900 1854 984 1887 prae-

310 1894 468 1939 cipitatus
486 1906 506 1927 a
521 1892 610 1926 Jove
627 1891 670 1926 de
684 1891 788 1935 caelo,
809 1892 846 1926 in
870 1893 983 1926 Lem—

311 1957 399 1979 num
414 1943 564 1979 insulam
575 1942 719 1987 decidit,
735 1943 794 1977 ubi
804 1956 890 1978 ‘eum
903 1943 984 1979 Sin-

310 1996 374 2030 ties
388 2001 605 2040 receperunt.
622 1996 689 2030 Ed.
703 2013 747 2020 ·—
761 1994 927 2034 Admisit,
945 2003 984 2029 ut

311 2048 402 2093 apud
419 2048 625 2090 Horatium,
650 2047 728 2082 Art.
745 2048 843 2083 Poct.
862 2048 961 2083 initio
972 2073 982 2091 ‚

309 2101 455 2132 admissi
461 2103 561 2132 risum
576 2101 716 2133 teneatis
726 2102 747 2135 Ρ

357 2154 427 2196 187.
443 2152 626 2196 Aliquisde
641 2154 778 2186 Disetc.
792 2150 894 2186 cons.
908 2151 983 2186 Art.

311 2197 427 2238 Amat.
445 2203 503 2246 11,
524 2204 586 2237 285
606 2216 614 2237 :
635 2206 836 2248 ffi'cal131u12e
850 2206 961 2238 ridens
973 2230 981 2244 ,

310 2259 351 2292 In
375 2270 426 2290 me
436 2284 445 2298 ,
468 2257 656 2300 sorttlrsime
680 2257 816 2290 Mavors
829 2283 837 2296 ‚
865 2258 906 2290 Si
923 2259 990 2290 tibi

311 2311 390 2341 sunt
399 2310 507 2347 oneri,
520 2309 655 2340 vincula
670 2306 829 2350 transfer,
842 2310 902 2340 ait.
913 2306 983 2341 Sed

310 2358 366 2393 ille
373 2360 496 2402 aliquis
503 2357 545 2392 de
552 2357 626 2392 Diis
631 2371 696 2392 non
702 2360 853 2392 tr1‘st1‘bus
861 2357 967 2402 (quod
973 2384 982 2401 ,

312 2422 408 2444 nunc
422 2410 502 2443 satis
517 2415 665 2443 venuste
675 2435 684 2452 ,
707 2421 769 2454 per
781 2411 923 2448 >uz-Arma:
933 2416 984 2443 est

312 2461 504 2506 jocantibus
520 2467 555 2495 et
573 2460 781 2503 ridentibus)
795 2460 861 2494 suit
876 2460 984 2494 Mer—

311 2513 446 2555 curius,
463 2520 502 2546 ut
517 2512 641 2547 diserte
659 2511 766 2547 tradit
780 2512 957 2547 Homerus
973 2537 982 2555 ,

311 2577 412 2598 versu
424 2565 498 2598 338.
510 2564 556 2598 Et
560 2563 659 2621 apud
675 2564 867 2598 Lucianum
884 2563 985 2597 Mer·

313 2617 428 2651 curius
442 2617 535 2661 ipse,
547 2609 617 2660 Εγὼ
633 2633 670 2660 με
660 2621 687 2650 ἒν
705 2618 835 2662 ε’ᾳθυνουν
852 2622 893 2663 τῷ
904 2621 960 2664 Aps
964 2631 985 2650 ι.

314 2666 411 2700 Hinc
443 2674 565 2711 sponte
598 2674 761 2712 apparet,
790 2680 863 2701 non
895 2667 985 2701 bene

313 2717 500 2752 Heinsium
515 2725 664 2754 mutasse
673 2719 789 2761 optat
779 2731 817 2753 m
827 2723 924 2762 optet.
942 2736 986 2743 --

1049 1220 1186 1259 Βίην-ε,
1218 1221 1359 1259 &aecum
1384 1219 1413 1254 δ’
1435 1219 1483 1270 ἄρ’
1509 1220 1616 1264 ἐνῶρτο
1633 1223 1724 1266 γέλως

1048 1273 1218 1321 μακάρεσσι
1233 1279 1360 1307 θεοῖσιν.

1099 1325 1171 1370 189.
1191 1322 1391 1366 Haecsutlin
1403 1329 1472 1358 tolo
1485 1324 1604 1360 Nostri
1623 1324 1723 1370 Regii

1050 1374 1145 1409 dant.
1172 1374 1390 1409 Vocabulum
1414 1380 1505 1417 tuto,
1531 1376 1594 1411 etsi
1616 1376 1723 1422 inge—

1049 1426 1188 1461 niosum
1206 1452 1216 1469 ,
1235 1438 1308 1460 non
1327 1426 1414 1461 mihi
1440 1426 1577 1462 videtur
1601 1434 1721 1473 poetae.

1052 1478 1151 1523 Quid
1167 1486 1332 1524 praeterea
1343 1480 1524 1515 sententiae
1538 1479 1632 1515 addit
1648 1481 1723 1526 epi—

1049 1529 1173 1564 theton
1189 1535 1261 1565 tuto
1272 1533 1292 1567 ?
1313 1530 1379 1565 Ed.

1097 1593 1169 1627 19⁰·
1182 1582 1304 1625 Exigit
1315 1583 1438 1616 indicii
1446 1588 1510 1616 etc.
1527 1583 1650 1617 Venus
1661 1582 1723 1616 ul-

1047 1633 1184 1668 ciscitur
1205 1634 1294 1668 Solis
1314 1634 1550 1678 proditionem
1562 1660 1572 1678 ,
1590 1635 1676 1669 dum
1684 1636 1722 1682 ‘ei

1048 1684 1158 1729 injicit
1182 1685 1396 1720 Leucothees
1422 1684 1579 1720 amorem
1598 1712 1608 1728 ,
1645 1699 1722 1732 qua!

1047 1736 1164 1770 vitiata
1176 1762 1185 1779 ,
1207 1743 1308 1771 terrae
1325 1735 1502 1770 defoditur
1517 1749 1537 1771 3
1552 1744 1696 1782 parente
1710 1765 1719 1780 ,

1048 1788 1108 1823 sed
1129 1801 1147 1822 3
1167 1787 1248 1823 Sole
1265 1788 1303 1822 in
1324 1788 1457 1833 virgam
1475 1795 1613 1823 tuream
1634 1801 1722 1823 mu-

1048 1845 1152 1873 tatur.
1178 1838 1270 1884 Quae
1291 1839 1398 1874 suerit
1419 1838 1476 1873 illa
1498 1838 1696 1874 Leucothea
1710 1866 1719 1882 ,

1049 1891 1193 1926 docetur
1212 1905 1298 1928 vers.
1322 1905 1387 1940 ²¹9
1411 1905 1485 1937 sqq.
1507 1892 1641 1928 Auctor
1661 1893 1721 1927 sa·-

1048 1943 1137 1977 buloe
1151 1942 1325 1978 Hesiodus
1337 1969 1346 1987 ,
1365 1950 1406 1978 ut
1418 1956 1461 1978 ex
1470 1943 1639 1979 Lactantii
1650 1944 1722 1978 Ar-

1049 2007 1144 2039 gum.
1169 2001 1320 2040 apparet.
1344 1994 1418 2030 Nec
1432 1994 1470 2029 in
1491 2007 1527 2030 se
1543 2006 1720 2031 memora-

1050 2046 1125 2080 bilis
1140 2053 1191 2081 est
1201 2071 1211 2090 ‚
1229 2059 1295 2082 nec
1311 2046 1522 2081 tractationis
1533 2046 1724 2082 luminibus

1049 2097 1722 2136 commendata.-—]m·m0rreserendum

1049 2158 1123 2186 erat
1138 2151 1181 2185 ad
1207 2152 1434 2199 Cythereiam5
1457 2150 1517 2186 sed
1537 2158 1572 2186 et
1599 2151 1722 2198 Virgil.

1048 2202 1290 2246 AEneid.1‚4
1302 2228 1311 2246 ,
1329 2215 1499 2238 memorem
1516 2203 1661 2237 Junom's
1679 2205 1721 2236 ob

1048 2259 1141 2290 iram.
1150 2255 1260 2291 Poena
1268 2262 1432 2298 testatur,
1444 2267 1639 2290 memorem
1649 2267 1720 2290 esse

1050 2307 1199 2366 aliquem
1217 2306 1341 2342 delicti.
1360 2325 1404 2333 —
1419 2307 1539 2352 Quam
1550 2306 1642 2341 varie
1660 2308 1720 2342 loe-

1048 2358 1144 2393 dere’
1135 2371 1172 2392 m
1187 2371 1225 2393 re
1242 2358 1408 2393 amatoria
1424 2358 1557 2392 dicatur
1567 2383 1577 2400 ,
1597 2356 1721 2392 admo—

1049 2409 1163 2444 nitum
1183 2415 1233 2443 est
1249 2408 1293 2442 ad
1314 2409 1332 2443 1
1345 2435 1355 2452 ,
1379 2408 1455 2443 608.
1480 2408 1610 2443 Sensus
1631 2419 1639 2442 ε
1660 2409 1720 2453 qui

1049 2462 1200 2497 occultos
1219 2473 1353 2496 amores
1368 2460 1547 2501 indicavit,
1571 2473 1653 2495 eum
1670 2461 1720 2495 vi-

1048 2513 1160 2549 cissim
1175 2524 1292 2546 amore
1308 2513 1438 2558 injecto
1453 2512 1592 2547 cruciat.
1613 2511 1719 2546 Ludit

1050 2565 1198 2601 Ovidius
1212 2565 1334 2599 verbis.
1351 2565 1518 2600 Similiter
1527 2577 1608 2600 mox
1617 2577 1717 2599 versu

1052 2619 1113 2663 ¹95
1126 2642 1135 2659 ‚
1158 2619 1219 2661 qui
1236 2621 1341 2650 terras
1358 2619 1490 2661 ignibus
1508 2619 1595 2656 unit,
1627 2616 1718 2649 Ure·-

1049 2671 1096 2701 ris
1111 2674 1174 2701 etc.
1198 2685 1242 2694 ·-
1259 2669 1447 2713 Hyperione
1466 2665 1658 2711 recepimus
1676 2677 1717 2699 ex

1047 2718 1175 2752 nostris
1199 2718 1315 2763 Regiis
1339 2730 1401 2762 pro
1417 2719 1604 2763 &per-tone
1624 2715 1719 2760 quod
