1832 3100
339 210 1032 259 METAMORPHOSEON
1069 214 1197 258 LIB.
1233 215 1358 259 VII.

1470 213 1559 276 499

139 307 433 374 Membraque
457 304 694 354 luxuriant.
716 304 858 352 AEsou
878 304 1063 354 miratur
1077 343 1089 364 ‚
1116 319 1160 355 et
1181 307 1287 357 olim

139 387 258 435 Ante
279 396 434 458 quater
458 384 594 432 denos
616 382 735 431 hunc
759 401 804 431 se
822 383 1120 432 reminiscitur
1141 404 1294 434 annos.

206 464 287 512 III.
312 461 495 510 Viderat
517 479 568 509 ex
587 459 678 508 alto
703 460 814 508 tanti
838 459 1044 508 miracula
1066 462 1255 510 monstri

140 539 276 590 Liber
294 560 304 588 z
326 551 370 588 et
389 539 640 588 admonitus
662 539 842 604 juvenes
864 538 1116 587 nutricibus
1138 558 1279 588 annos

1495 557 1561 603 295

144 617 399 667 Possesuis
419 616 571 674 reddi,
594 616 709 683 petit
730 616 817 664 hoc
835 615 1011 665 AEetida
1033 635 1209 665 munus.

207 700 286 748 IV.
307 701 428 748 Neve
448 697 543 747 doli
567 710 762 756 cessent,
789 698 938 746 odium
960 712 1063 746 cum
1089 698 1275 764 conjuge
1298 699 1458 748 falsum

142 781 325 830 Phasias
349 779 583 830 adsimulat
603 800 613 839 ;
638 780 857 847 Peliaeque
879 780 935 829 ad
959 781 1108 828 limina
1130 780 1319 848 supplex

146 863 363 927 Confugit
382 883 390 911 :
416 875 547 929 atque
568 862 714 921 illam,
739 863 950 929 quoniam
979 863 1121 926 gravis
1143 863 1238 929 ipse
1261 874 1456 922 senecta,

139 1019 222 1052 pore
235 1017 346 1051 rugoe,·
363 1018 517 1054 namque
534 1018 654 1050 corpus
670 1017 761 1051 saepe
778 1004 822 1039 de

145 1071 250 1094 carne
261 1057 518 1104 etpinguedine
537 1057 665 1091 dicitur
680 1070 688 1091 :
703 1057 823 1091 conser

146 1124 250 1158 supra
262 1110 280 1146 I
290 1137 299 1155 ,
310 1112 375 1155 408
387 1125 396 1152 ;
411 1109 596 1144 claudian.
606 1110 641 1143 ll
652 1136 661 1152 ‚
677 1109 824 1154 Eutrop.

147 1164 233 1207 380,
257 1163 436 1197 abundans
452 1164 608 1205 corporis.
626 1161 736 1206 Quod
753 1174 824 1195 au—

146 1223 222 1252 tem
240 1216 467 1251 Burmannus
491 1220 589 1259 putat
605 1239 614 1256 ,
641 1213 826 1248 cavitatem

148 1268 273 1304 melius
288 1267 476 1302 convenire
491 1265 589 1300 venis
602 1291 612 1309 ,
638 1277 750 1311 quam
767 1279 828 1300 ru-

150 1321 218 1368 gis,
229 1319 265 1355 id
275 1319 374 1355 nihili
386 1324 456 1360 est3
474 1318 551 1364 quis
561 1317 659 1353 enim
671 1317 824 1361 dubitet,

148 1371 256 1407 etiam
266 1383 368 1416 rugas
377 1370 492 1405 dicere
504 1382 607 1404 cavas
621 1372 641 1406 ?
654 1386 699 1396 —-·
708 1370 827 1403 Luxu-

147 1428 236 1460 riute
246 1424 425 1470 eleganter
434 1421 478 1456 de
490 1421 697 1457 succulentis
715 1428 750 1455 et
764 1434 825 1455 ve-

152 1477 238 1524 getis
253 1475 431 1511 membris.
457 1474 579 1520 Virgil.
597 1473 726 1519 Georg.
748 1472 826 1516 111,

149 1532 188 1565 81
203 1555 214 1572 ,
230 1531 383 1564 luxunlat
396 1529 480 1561 toris
489 1530 616 1570 pectas.
631 1543 677 1552 —-
691 1526 740 1558 Et
747 1526 828 1558 olim

149 1583 244 1618 Ante
256 1586 376 1627 quater
387 1582 492 1615 denos
503 1606 511 1620 ,
529 1578 699 1625 significat
716 1578 829 1612 AEso-

150 1646 236 1669 nem
251 1659 262 1678 ‚
289 1646 330 1668 ex
352 1631 532 1677 decrepito
552 1643 636 1665 sene
656 1630 692 1663 in
713 1629 828 1663 virum

152 1685 379 1733 quadraginta
406 1695 516 1718 annos
542 1689 665 1716 natum
684 1707 694 1725 ,
724 1681 828 1715 fuisse

147 1745 358 1774 convenam
369 1734 442 1771 :vel
456 1746 564 1780 quem
575 1734 732 1780 vigorem
745 1738 826 1766 ante

149 1803 260 1827 annos
280 1788 510 1836 quadraginta
526 1787 695 1822 habuerat
712 1812 720 1829 ‚
745 1797 829 1820 eum

149 1857 245 1881 nune
255 1870 266 1888 ‚
282 1841 457 1879 beneficio
466 1840 606 1875 Medeae
620 1862 631 1883 5
647 1838 829 1884 recepisse.

149 1897 364 1933 Eat—Hunc
372 1905 453 1930 cum
462 1891 620 1928 Planude
631 1890 727 1925 dedit
739 1890 830 1925 Nau—

152 1949 284 1996 gerius3
310 1953 414 1992 atque
435 1945 484 1979 ita
509 1949 544 1978 et
566 1943 699 1989 primus
726 1941 831 1975 nasi-

152 2001 295 2044 leensis;
312 1999 429 2036 caeteri
441 2017 452 2042 ,-
466 2009 563 2032 uunc.
581 1994 681 2041 Regii
697 1993 831 2038 nostri,

152 2064 252 2089 nunc.
266 2071 311 2078 —
324 2052 451 2094 Hune-3
467 2048 573 2084 talem
588 2074 597 2091 ,
623 2054 696 2081 tam
711 2045 834 2080 robus-

153 2113 242 2141 tum.
260 2104 344 2140 Post
359 2102 455 2137 himo
470 2111 611 2135 versum
629 2098 745 2144 plures
762 2095 833 2130 ha·-

153 2156 374 2194 bantinum:
391 2154 666 2197 Dissimilemque
685 2152 834 2184 animum

154 2213 261 2247 sumt
274 2214 373 2245 atate
387 2211 506 2244 relicta
518 2234 526 2248 ,
546 2217 654 2251 quem
670 2204 742 2248 jam
759 2203 834 2237 im·-

155 2264 314 2311 probavit
332 2261 517 2298 Constant.
534 2254 668 2294 Fauen.
688 2256 770 2292 Huc
785 2256 836 2290 vi-

155 2317 261 2352 detur
274 2315 460 2352 translatus
470 2327 488 2349 e
500 2325 601 2348 versu
620 2325 632 2345 1
641 2324 691 2358 7⁰-
703 2329 746 2336 ·-
759 2309 836 2355 Qui

154 2382 273 2405 versus
283 2369 558 2412 Delesinu‘lemque
574 2371 639 2400 etc.
653 2376 671 2398 a
683 2362 837 2399 secunda

155 2432 264 2455 manu
276 2420 313 2454 in
326 2419 487 2466 margine
501 2417 642 2453 Codicis
660 2415 760 2460 Regii
781 2414 811 2449 A
826 2440 835 2458 ,

155 2473 194 2506 in
207 2471 339 2507 Codice
352 2477 472 2507 autem
482 2471 512 2505 B
524 2496 534 2514 ,
549 2483 568 2504 a
582 2469 694 2515 prima
705 2478 814 2502 mann
826 2492 836 2511 ,

157 2523 304 2570 scriptus
318 2524 394 2559 suit.
419 2525 486 2558 Ed.

206 2577 372 2625 294-296.
403 2577 544 2611 Viderat
551 2587 594 2609 ez·
607 2577 678 2609 alto
696 2581 760 2609 etc.
778 2573 840 2608 Li-

159 2630 234 2665 beri
265 2627 458 2663 nutricibus
483 2627 647 2672 juventus
671 2625 840 2660 redditur.

162 2682 340 2718 Tractavit
352 2680 503 2716 fabulam
521 2679 673 2726 AEschyl.
690 2679 726 2713 in
743 2679 839 2712 Bac·-

163 2735 219 2770 ehi
235 2735 451 2771 nutricibus:
471 2734 593 2769 confer
619 2733 751 2779 Hygin.
774 2732 839 2767 sab.

892 1005 963 1039 182.
980 1005 1041 1040 Eae
1058 1004 1175 1040 relatae
1188 1004 1331 1051 posthac
1347 1006 1441 1042 inter
1457 1007 1571 1043 sidera

891 1058 1033 1104 Hyades
1059 1059 1236 1104 appellatae
1263 1067 1355 1094 sunt.
1381 1077 1425 1087 -·
1442 1063 1571 1102 Mons*-

889 1115 973 1144 trum
984 1137 992 1149 ‚
1013 1110 1273 1145 transformatio
1285 1137 1294 1154 ‚
1313 1118 1350 1146 ut
1365 1112 1401 1146 II
1416 1138 1425 1155 ,
1444 1112 1518 1157 357.
1529 1130 1573 1138 —-

892 1163 1113 1203 M'raculum,
1139 1164 1254 1198 omnis
1271 1177 1327 1198 res
1342 1164 1431 1198 mira
1457 1178 1465 1198 :
1493 1164 1574 1209 ΙΙΙ,

891 1214 979 1259 673,
1007 1217 1042 1248 in
1064 1227 1135 1259 qua·
1155 1218 1319 1249 miracula
1334 1215 1502 1250 vertet-125?
1520 1216 1575 1250 De

891 1269 1076 1301 nutricibus
1093 1265 1219 1301 Bacchi
1236 1292 1245 1309 ,
1263 1266 1331 1300 vid.
1349 1267 1425 1310 ΙΙΙ,
1445 1268 1519 1311 314.
1532 1285 1576 1295 --

892 1319 984 1352 Petit
993 1319 1058 1351 hoc
1067 1319 1224 1360 AEet1'da;
1236 1318 1340 1364 vulgo
1350 1332 1374 1352 a
1391 1319 1575 1361 Cala-bede,-

892 1369 951 1404 sed
979 1369 1145 1405 Heinsius
1173 1370 1271 1414 dedit
1297 1373 1435 1406 AEetida
1468 1371 1577 1407 ductu

894 1421 1002 1456 MSS.
1021 1421 1056 1455 in
1074 1422 1198 1466 quibus
1214 1424 1352 1456 AEthide
1367 1429 1426 1457 aut
1442 1436 1466 1457 a
1490 1422 1579 1458 Tho-

893 1474 970 1507 tide.
984 1473 1111 1508 Verbis
1121 1474 1218 1508 enim
1231 1474 1377 1520 rogandi
1391 1475 1578 1509 interdum

895 1526 1054 1572 geminus
1070 1527 1282 1561 accusativus
1302 1525 1453 1562 additur.
1473 1529 1577 1562 Prie-

894 1584 989 1612 terea
1002 1578 1329 1622 Heinsiusoeonjicit
1343 1580 1406 1612 bos
1418 1605 1426 1618 ‚
1449 1579 1578 1613 scilicet

895 1643 1015 1666 anuos.
1030 1632 1223 1667 -Nostris
1234 1643 1374 1677 quoque
1392 1631 1511 1677 Regiis
1524 1658 1533 1676 ‚
1554 1645 1577 1666 a

898 1683 1066 1718 Colchide.
1086 1683 1152 1718 Ed.

939 1737 1107 1784 297-349·
1134 1738 1223 1771 Neve
1247 1739 1323 1771 doli
1342 1743 1406 1771 etc.
1432 1738 1550 1771 Pelias
1565 1763 1574 1778 ,

894 1800 955 1823 rex
980 1789 1085 1832 Iolci,
1113 1788 1251 1822 Jasonis
1280 1795 1449 1833 patruus,
1475 1789 1575 1833 cujus

895 1841 991 1886 jussu
1002 1840 1026 1875 J
1029 1853 1110 1875 ason
1122 1839 1164 1874 ad
1174 1840 1282 1874 vellus
1290 1853 1439 1875 aureum
1453 1853 1575 1886 appor-

897 1893 1046 1928 tandum
1072 1893 1246 1939 profectus
1266 1898 1351 1927 erat.
1378 1893 1481 1928 Filias
1503 1894 1580 1937 ejus

898 1945 1029 1980 Medea
1055 1945 1220 1991 impulit,
1254 1952 1293 1978 ut
1312 1950 1448 1990 patrem
1465 1957 1579 1980 neca-

897 2003 978 2030 rent
990 2022 1000 2039 ,
1026 2007 1138 2041 quum
1154 1995 1367 2041 promisisset
1379 2021 1388 2038 ,
1411 2008 1447 2029 se
1465 1996 1496 2029 ei
1514 1996 1578 2040 ju-

897 2055 1082 2085 ventutem
1102 2049 1318 2084 reddituram
1329 2075 1338 2092 ,
1364 2051 1530 2093 arieteque
1544 2053 1581 2083 t’n

896 2115 1019 2147 agnum
1040 2106 1165 2136 mutato
1183 2101 1292 2136 fidem
1316 2100 1494 2146 promissis
1519 2101 1579 2134 se-

901 2156 1012 2190 cisset.
1026 2155 1122 2190 Cum
1138 2154 1305 2189 varietate
1326 2153 1439 2199 aliqua
1457 2160 1492 2187 et
1508 2152 1582 2186 haec

900 2206 1028 2242 tradita
1052 2213 1144 2242 sunt.
1181 2206 1278 2242 Alios
1301 2206 1399 2240 enim
1425 2212 1582 2240 auctores

901 2261 1080 2296 Diodorus
1104 2261 1259 2303 Siculus,
1287 2260 1362 2303 IV,
1383 2261 1487 2294 50-52
1502 2284 1512 2301 ,
1547 2263 1584 2293 et

903 2315 1034 2362 Hygin.
1047 2316 1088 2358 24
1102 2341 1111 2357 ,
1123 2307 1376 2360 sequuti⁴sunt·‚
1390 2312 1473 2347 alios
1484 2313 1579 2347 Pau-

903 2366 1035 2410 sanias,
1061 2366 1177 2409 vul,
1199 2379 1233 2400 u
1248 2392 1257 2406 ‚
1277 2371 1312 2399 et
1328 2363 1582 2410 Apollodorus,

904 2419 943 2463 1,
968 2429 1005 2453 tx
1020 2445 1029 2462 ‚
1049 2432 1088 2465 ²7
1107 2432 1115 2460 ;
1134 2414 1312 2452 exstabant
1334 2417 1418 2450 olim
1444 2422 1479 2450 et
1499 2415 1582 2449 Eu-

902 2471 1024 2516 ripidis
1039 2469 1208 2505 Peliades.
1218 2486 1263 2495 —
1274 2469 1302 2503 E
1315 2468 1447 2503 caeteris
1461 2474 1583 2504 aucto-

904 2523 998 2557 ribus
1030 2528 1198 2568 apparet,
1225 2521 1439 2562 simultatem
1461 2520 1582 2554 inter-

905 2575 1041 2609 cessisse
1062 2574 1185 2608 Jasoni
1207 2585 1289 2608 cum
1310 2571 1426 2615 Pelia,
1444 2570 1504 2606 sed
1526 2583 1582 2605 res

905 2627 999 2661 varie
1011 2626 1169 2660 traditur.
1178 2634 1222 2650 —·
1232 2626 1386 2665 Cessent,
1407 2623 1528 2658 absint.
1540 2640 1583 2649 —-

912 2681 1032 2713 Odium
1055 2704 1141 2713 .....
1165 2677 1327 2723 confugit.
1353 2675 1587 2722 Apollodorus

907 2730 974 2766 hoc
989 2742 1100 2764 unum
1117 2729 1243 2774 habet,
1271 2732 1312 2768 εἰς
1326 2730 1365 2764 τὸ
1380 2732 1524 2771 βασίλεια
1535 2731 1586 2759 raa*
