1858 3120
410 119 421 126 ι.

392 198 418 209 ,-

173 271 1600 306 mm

335 390 809 463 LECTORI
856 389 1429 463 BENEVOLO

802 553 839 589 S.
862 552 904 589 P.
927 553 973 589 D.
1020 584 1023 588 .

252 687 689 746 NICOLAUS
734 687 870 744 ELI
889 687 1094 745 GIUS
1147 687 1551 746 LEMAIRE.

183 1060 282 1130 Ex
304 1098 356 1130 eo
383 1079 506 1147 qued
527 1080 737 1129 NASONIS
761 1079 948 1129 Carmen
970 1079 1058 1128 hoc
1087 1077 1139 1127 de
1161 1097 1292 1128 rerum
1323 1078 1371 1127 T
1368 1078 1611 1143 rany‘orma-

181 1169 355 1219 tionibus
374 1210 386 1228 ,
431 1190 523 1221 non
558 1170 713 1220 eodem
743 1170 1010 1236 inscriptum
1039 1170 1219 1218 nomine
1254 1169 1339 1217 tibi
1370 1169 1609 1227 obveniat,

184 1278 275 1326 quo
295 1259 446 1326 priora
467 1259 556 1307 duo
572 1258 815 1316 volumina,
834 1277 890 1307 ne
909 1258 1145 1306 credideris
1160 1295 1172 1316 ,
1193 1259 1382 1306 LECTOR
1401 1270 1582 1306 OPTIME
1600 1294 1612 1315 ,

184 1345 458 1409 transfugam
479 1366 504 1396 a
528 1346 661 1395 nobis
685 1345 894 1395 defecisse
929 1345 1072 1393 virum
1107 1343 1282 1393 consilii
1308 1344 1452 1393 nostri
1475 1345 1614 1411 parti-

184 1435 327 1503 cipem
340 1473 352 1495 ,
372 1437 624 1486 studiorum
642 1436 939 1494 hortatorem,
958 1434 1346 1501 aemulatoremque
1367 1434 1614 1497 diligentis-

185 1525 345 1574 simum
363 1526 406 1574 J.
427 1526 483 1574 A.
503 1525 652 1575 AMAR
665 1563 678 1584 ,
701 1525 803 1592 qui,
827 1524 1060 1591 siquando
1077 1544 1101 1573 a
1116 1523 1271 1573 labore
1289 1523 1485 1591 incoepto
1506 1522 1616 1572 desi-

185 1625 300 1663 stere
318 1613 375 1662 ad
395 1626 570 1681 tempus
586 1625 772 1681 propter
785 1613 1082 1662 valetudinem
1101 1625 1307 1677 cogatur,
1330 1632 1414 1661 nos
1436 1631 1616 1680 quoque

186 1716 315 1768 cogat
324 1723 459 1772 opera
471 1704 721 1771 interrupta
736 1716 780 1753 et
796 1704 1037 1770 pendentia
1047 1703 1310 1770 relinquere.
1331 1703 1469 1768 Quod
1486 1722 1617 1751 omen

185 1792 264 1841 Dii
281 1804 502 1852 avertant,
523 1812 714 1860 quorum
739 1792 948 1859 auspiciis
972 1793 1182 1841 inchoata
1201 1812 1271 1843 res
1288 1805 1442 1842 nostra
1457 1831 1469 1852 ,
1499 1804 1544 1842 et
1562 1792 1616 1841 ad

185 1881 307 1930 hunc
327 1880 442 1930 diem
456 1881 644 1930 feliciter
657 1882 767 1931 adeo
788 1894 997 1948 provecta
1011 1920 1023 1940 ,
1048 1893 1118 1930 tot
1131 1882 1221 1931 fere
1237 1882 1326 1930 sibi
1345 1881 1593 1930 laudatores
1604 1919 1615 1939 ‚

188 1981 302 2036 quot
315 1970 434 2018 viros
443 1969 756 2018 Universitatis
768 1969 947 2020 Gallicae
963 1969 1122 2018 studiis
1137 1968 1332 2018 faventes
1351 1968 1616 2032 gratulatum

189 2069 323 2125 atque
337 2057 392 2106 iis
409 2058 520 2125 ipsis
521 2058 706 2124 fruitur,
734 2057 803 2106 vel
815 2058 949 2114 ἱναίὶε,
975 2058 1052 2124 qui
1069 2076 1151 2106 nec
1163 2057 1424 2106 movendam
1439 2057 1618 2124 quidem

188 2144 321 2193 nobis
345 2145 458 2193 tanti
477 2145 647 2194 laboris
672 2145 833 2194 molem
848 2183 859 2204 ‚
885 2145 1131 2194 Dictatoria
1152 2145 1436 2204 auctoritate,
1464 2165 1519 2194 ne
1553 2145 1619 2193 di-

104 2294 110 2297 *
171 2239 363 2291 camus,
387 2233 623 2282 subinvida
645 2246 790 2307 mente
806 2272 818 2293 ‚
850 2220 1275 2302 pronuntiaverant!

256 2323 404 2388 Hujus
435 2323 573 2386 igitur
603 2322 774 2383 laudis,
809 2344 906 2392 quae
938 2345 1062 2392 spem
1093 2337 1352 2392 conceptam
1379 2325 1541 2374 mirum
1572 2325 1619 2373 in

189 2409 373 2459 modum
395 2412 694 2478 exsuperavit,
720 2425 887 2480 partem
910 2412 1149 2476 legitimam
1172 2413 1330 2462 referre
1360 2425 1402 2461 et
1427 2413 1550 2478 juvat
1578 2425 1621 2461 et

192 2498 318 2548 decet
341 2499 563 2548 Ovidiano
590 2500 849 2568 interpreti,
883 2502 987 2568 qui,
1019 2513 1259 2568 postquam
1287 2501 1334 2548 in
1360 2500 1621 2550 Praefatione

192 2587 326 2654 primi
355 2586 593 2637 voluminis
622 2600 708 2638 tam
746 2589 853 2638 scite
879 2608 1011 2656 quam
1043 2587 1263 2652 eleganter
1291 2587 1476 2637 modum
1507 2608 1621 2656 prae-

193 2674 291 2724 vius
314 2675 556 2742 aperuerit,
594 2696 684 2743 quo
710 2677 959 2740 corrigendi
992 2689 1158 2726 veteres
1187 2696 1238 2726 ac
1271 2676 1620 2744 interpretandi,

198 2761 260 2812 sic
278 2763 595 2831 interpretatus
611 2777 702 2824 est,
722 2777 774 2814 ut
791 2785 838 2815 re
854 2766 951 2834 ipsa
964 2766 1176 2829 vinceret,
1196 2786 1327 2835 quem
1341 2766 1432 2834 jam
1445 2764 1622 2832 eloquio
