1832 3100
316 187 403 244 430

678 190 729 232 Ρ.
775 189 1013 242 OVIDII
1057 189 1359 234 NASONIS

320 303 344 323 2»
368 283 544 329 Numen
557 279 698 331 adhuc
713 281 806 330 sine
824 293 919 330 ture
937 301 1083 330 meum
1100 283 1196 330 est?
1209 282 1317 330 mihi
1329 281 1542 331 Tantalus
1554 293 1726 341 auctor,

319 380 341 399 »
371 359 455 407 Cui
474 358 598 407 licuit
618 358 703 407 soli
725 359 994 426 Superorum
1013 371 1189 421 tangere
1206 378 1405 419 mensas3

319 457 343 476 >›
369 435 596 484 Pleiadum
619 454 749 484 soror
767 447 835 484 est
857 434 1052 498 genetrix
1072 432 1207 493 mihi3
1232 437 1447 485 maximus
1469 436 1594 487 Atlas

318 533 342 554 »
366 513 451 560 Est
473 531 602 570 avus,
623 512 848 561 aetherium
873 511 948 577 qui
971 510 1056 559 fert
1077 512 1316 562 cervicibus
1338 533 1461 563 axem
1480 535 1490 563 ε
1668 529 1729 576 ¹75

318 611 342 632 »
366 589 543 656 Jupiter
565 589 674 639 alter
697 608 829 647 avus;
855 608 1006 637 socero
1034 608 1210 655 quoque
1235 589 1404 652 glorior
1422 590 1515 640 illo.

319 690 342 711 2›
368 669 444 717 Me
470 679 619 731 gentes
643 678 847 716 metuunt
870 665 1093 732 Phrygiae;
1117 685 1187 715 me
1208 667 1327 730 regia
1350 668 1504 717 Cadmi

317 768 340 788 >›
368 746 468 794 Sub
488 745 665 793 (lomina
687 755 777 801 est;
800 742 1052 810 fidibusque
1076 744 1162 792 mei
1185 745 1417 794 commissa
1440 747 1586 795 mariti

318 844 340 865 n
367 823 534 871 Moenia
557 840 656 869 cum
677 818 858 886 populis
882 839 908 868 a
926 839 1083 887 meque
1107 821 1289 888 viroque
1313 835 1542 886 reguntur.
1620 823 1621 827 ¹

319 926 341 946 »
370 906 422 952 In
447 920 766 969 quamcumque
789 901 947 950 domus
971 902 1148 950 adverto
1172 902 1337 951 lumina
1357 916 1526 970 partem
1543 942 1555 964 ,

1669 922 1732 956 180

318 1009 340 1028 2,
367 988 593 1033 Immensae
615 994 872 1049 'spectantur
895 1002 1001 1049 opes
1023 1003 1033 1031 :
1058 984 1225 1032 accedit
1246 984 1398 1033 eodem

319 1089 341 1109 »
366 1066 514 1128 Digna
533 1066 638 1113 Deae
661 1064 792 1112 facies
812 1084 822 1112 ;
845 1064 934 1113 huc
957 1076 1082 1113 natas
1105 1065 1241 1131 adjice
1267 1077 1433 1132 septem
1448 1103 1461 1124 ,

318 1172 339 1191 »
365 1151 424 1197 Et
446 1147 631 1196 totidem
651 1148 832 1214 juvenes
848 1185 860 1206 ,
885 1159 929 1196 et
948 1167 1051 1196 mox
1075 1167 1348 1215 generosque
1370 1168 1612 1219 nurusque.

314 1295 379 1330 aris
403 1294 603 1337 exstructis,
636 1293 696 1329 sed
721 1293 758 1328 in
785 1294 850 1328 aris
870 1293 988 1339 pluri-

313 1348 376 1383 mis
393 1374 403 1391 ,
431 1354 472 1382 ut
504 1359 582 1394 quae
600 1359 662 1390 per
680 1348 801 1386 urbes,
831 1345 987 1391 plurimis

312 1401 349 1435 in
369 1399 510 1434 urbibus
523 1425 532 1443 ‚
560 1397 637 1433 fieri
657 1398 833 1434 dicuntur.
848 1417 893 1424 -·
906 1399 987 1433 Nu-

311 1466 384 1487 men
392 1465 497 1486 meum
509 1478 518 1492 ,
540 1458 581 1485 ut
590 1463 691 1485 versu
708 1452 739 1494 4.
748 1468 791 1477 --
805 1451 985 1490 Tantalus,

312 1517 372 1538 rex
387 1503 506 1550 Lydiae
517 1501 798 1548 opulentissimus
810 1527 819 1545 ,
837 1514 925 1546 saepe
935 1500 985 1534 ⁴ad

312 1556 472 1590 Deorum
485 1554 684 1591 convivium
692 1553 860 1588 admissus
872 1579 881 1596 ,
892 1553 986 1587 unde

310 1610 447 1643 conviva
463 1608 619 1646 Deorum,
631 1607 721 1640 Hor.
732 1606 761 1648 Ι,
775 1605 984 1647 Οᾶ.Χ11ν111,

314 1660 531 1707 7.—Auclor
540 1685 548 1699 ,
562 1658 690 1693 scilicet
705 1657 982 1703 generis—Sole}

310 1712 406 1746 licuit
432 1710 574 1755 quidem
591 1716 626 1743 et
644 1708 754 1743 lxioni
780 1715 816 1743 et
839 1707 984 1752 Pelopi,

310 1763 369 1798 sed
386 1763 434 1797 illi
450 1762 655 1808 posteriores
672 1761 795 1796 Nioba.
815 1762 987 1795 Heinsius.
1014 1773 1021 1782 ·

312 1815 487 1851 Maximus
501 1821 619 1849 autem
635 1813 747 1847 honos
756 1817 889 1856 langere
899 1826 985 1846 men-

310 1883 369 1904 sas
386 1897 395 1910 ‚
417 1869 583 1904 interesse
609 1866 775 1902 conviviis
804 1867 949 1900 Deorum
970 1892 979 1907 ,

312 1922 408 1966 isque
423 1919 507 1954 olim
524 1932 597 1954 non
613 1918 678 1954 nisi
694 1917 770 1952 Diis
787 1930 966 1951 concessus
976 1942 985 1959 ,

311 1981 414 2019 atque
430 1972 517 2007 adeo
531 1971 718 2007 divinitatis
730 1971 879 2017 signum.
902 1970 986 2004 AEn.

311 2026 348 2069 I,
368 2039 428 2072 79,
449 2024 572 2059 AEolus
588 2023 631 2058 ad
647 2024 831 2076 Junonem
846 2035 854 2057 2
872 2027 908 2056 tu
923 2024 988 2056 das

314 2079 422 2122 epulis
437 2079 629 2112 accu‘mbere
641 2078 776 2110 Divum.

357 2130 428 2173 174.
439 2130 611 2162 Pleiadum
626 2140 754 2162 sorores
769 2134 870 2161 erant
886 2127 987 2172 Hya-

312 2180 372 2215 des
382 2180 530 2227 (Hygin.
549 2181 590 2214 P.
602 2180 644 2214 A.
655 2181 692 2214 II
705 2206 714 2223 ,
730 2179 808 2225 21),
827 2193 846 2213 e
863 2180 987 2224 quibus

311 2245 383 2267 una
407 2231 478 2271 Dio
506 2231 652 2278 (Schol.
680 2232 789 2266 Hom.
811 2231 853 2265 ad
871 2231 912 2266 ΙΙ.
935 2238 960 2265 Ε
975 2257 984 2273 ,

311 2282 422 2329 486),
441 2296 546 2328 quam
565 2283 726 2317 nonnulli
742 2283 873 2318 faciunt
891 2283 986 2318 Nio—

309 2337 371 2371 bes
389 2336 603 2382 genitricem.
623 2335 754 2383 Hygin.
778 2335 844 2369 sab.
861 2348 899 2382 9,
920 2336 960 2368 82
974 2360 983 2377 ,

311 2389 364 2426 83.
382 2389 439 2424 Sic
452 2390 557 2423 Atlas
573 2389 648 2433 ejus
667 2401 768 2432 avus,
786 2394 820 2421 et
835 2389 980 2431 Jupiter,

311 2441 449 2476 Tantali
460 2448 571 2486 pater,
581 2444 770 2481 alleraous,
786 2447 887 2485 atque
900 2439 987 2474 adeo

310 2505 407 2527 socer
439 2506 577 2538 quoque
595 2519 604 2536 ,
639 2493 719 2538 quia
748 2499 784 2527 et
807 2491 985 2537 Amphion

310 2543 408 2578 Jovis
440 2557 481 2578 ex
514 2545 668 2590 Antiopa
704 2543 804 2578 filius.
840 2543 987 2578 Pausan.

312 2595 424 2630 Boeot.
441 2609 472 2640 p.
499 2609 573 2641 72⁰·
588 2615 633 2622 —
653 2597 812 2630 Genetrix
839 2597 928 2628 mihi
945 2607 987 2628 ex

311 2646 541 2690 Neapolitano
589 2647 719 2692 recepit
760 2646 986 2680 Burmannus

312 2710 376 2743 pro
399 2702 547 2741 genetrix
573 2711 657 2732 mea.
688 2698 914 2733 Praestantior
946 2710 987 2731 ea

1053 1295 1155 1330 lectio
1163 1295 1360 1330 Burmanni
1369 1308 1473 1341 quam
1479 1296 1616 1342 vulgata
1624 1309 1729 1342 quam

1054 1347 1196 1392 quidem
1212 1347 1343 1382 habent
1358 1348 1459 1394 Regii
1474 1348 1596 1383 nostri.
1612 1349 1729 1384 Ed.—

1053 1401 1238 1434 AElbert'um
1259 1404 1320 1444 qui
1335 1399 1411 1444 fer!
1438 1406 1503 1435 etc.
1532 1398 1666 1435 Confer
1691 1401 1728 1435 in

1052 1450 1140 1486 libro
1159 1452 1226 1494 IV,
1242 1464 1360 1487 versus
1374 1451 1440 1486 656
1454 1458 1489 1487 et
1504 1465 1578 1498 sqq.

1101 1517 1172 1549 ¹77·
1191 1505 1358 1546 Meluunt,
1384 1510 1600 1539 venerantur
1618 1511 1654 1539 et
1669 1517 1730 1540 co-

1051 1556 1142 1600 lunt,
1154 1565 1192 1591 ut
1202 1557 1338 1592 felicem
1348 1557 1490 1592 maximi
1500 1552 1590 1604 regis
1598 1557 1706 1592 filiam
1718 1573 1728 1600 ;

1052 1609 1130 1643 vide
1153 1609 1195 1643 ad
1223 1611 1240 1644 I
1257 1636 1266 1653 ,
1286 1611 1361 1644 322.
1382 1629 1426 1636 ·—
1450 1612 1612 1656 Phrygia.
1636 1611 1729 1645 Vide

1052 1660 1094 1694 ad
1113 1661 1159 1703 V,
1182 1663 1242 1707 149
1254 1686 1263 1703 ,
1281 1662 1517 1704 Amphionem,
1534 1661 1595 1706 qui
1609 1674 1730 1706 regna-

1052 1712 1101 1745 vit
1116 1723 1211 1745 anno
1233 1711 1316 1757 ¹390
1333 1717 1414 1745 ante
1427 1710 1609 1746 Christum
1621 1737 1630 1755 ,
1638 1713 1729 1757 fidi—

1051 1766 1113 1797 bus
1134 1762 1327 1797 excelluisse
1346 1761 1527 1806 (Plinius,
1546 1762 1618 1798 Vll
1630 1788 1639 1806 ‚
1658 1763 1701 1797 56
1719 1776 1728 1804 ;

1053 1814 1198 1857 Noster,
1215 1813 1297 1848 ibid.
1309 1814 1371 1848 585
1383 1814 1396 1856 )
1407 1840 1417 1857 ,
1436 1827 1626 1860 earumque
1641 1827 1729 1850 sono

1057 1865 1196 1900 Thebas
1211 1865 1479 1901 circumdedisse
1493 1866 1604 1901 muris
1622 1866 1638 1912 (
1651 1867 1731 1901 Ho—

1052 1925 1115 1952 rat.
1132 1917 1175 1952 A.
1190 1918 1229 1952 P.
1245 1916 1336 1964 394)
1347 1943 1357 1960 ,
1369 1916 1404 1951 id
1417 1924 1484 1957 est,
1495 1918 1729 1956 musicesesua-

1052 1969 1157 2004 vitate
1183 1969 1231 2004 ita
1249 1968 1435 2004 oblectasse
1456 1969 1665 2013 Thebanos,
1690 1977 1730 2004 ut

1051 2022 1160 2057 muris
1184 2021 1405 2056 exstruendis
1432 2034 1576 2068 operam
1601 2035 1730 2057 navare

1051 2087 1126 2109 non
1156 2081 1386 2119 gravarentur
1408 2073 1616 2120 (Maximus
1641 2074 1727 2121 Tyr.

1052 2126 1197 2160 Dissert.
1218 2138 1256 2159 21
1274 2150 1284 2168 ,
1311 2124 1463 2170 Palaeph.
1480 2126 1520 2168 4²
1531 2123 1548 2170 )
1559 2151 1569 2168 ,
1585 2132 1729 2160 constat.

1053 2178 1148 2213 Hinc
1159 2177 1265 2223 igitur
1276 2178 1527 2222 moem'afidt'bus
1541 2180 1660 2211 mariti
1667 2181 1735 2212 mei

1052 2234 1249 2271 commissa,
1275 2236 1483 2264 constructa.
1508 2229 1613 2274 Apud
1640 2230 1732 2264 Pro-

1052 2290 1137 2329 pert.
1165 2283 1204 2324 I,
1229 2294 1320 2329 9—10
1336 2307 1345 2324 ,
1374 2283 1585 2325 Amphionio!
1607 2284 1730 2315 mama

1051 2338 1139 2380 lyroe.
1156 2334 1263 2368 Plura
1280 2332 1323 2366 de
1339 2332 1414 2378 ejus
1431 2339 1506 2367 arte
1517 2332 1648 2367 musica
1665 2332 1730 2366 ha·-

1050 2387 1109 2421 bet
1124 2387 1270 2420 Pausan.
1285 2384 1396 2418 Boeot.
1412 2397 1446 2429 p.
1467 2395 1541 2429 7²⁰·
1552 2383 1607 2418 De
1619 2383 1730 2418 muris

1051 2438 1126 2482 ejus
1152 2437 1222 2471 vid.
1252 2436 1399 2470 Homer.
1428 2434 1499 2470 od.
1516 2441 1546 2471 A
1558 2460 1568 2478 ,
1599 2435 1672 2470 261.
1686 2452 1730 2460 —

1050 2492 1174 2534 Populi
1190 2516 1199 2529 ,
1230 2489 1329 2523 cives.
1352 2507 1395 2516 —
1423 2489 1572 2524 Adae-rto
1589 2491 1727 2522 lumina.

1053 2540 1219 2574 Heinsius
1229 2540 1346 2574 mallet
1359 2566 1369 2584 ,
1389 2552 1497 2586 graeca
1510 2539 1623 2573 sonna
1635 2564 1645 2581 ,
1662 2540 1728 2572 ad-

1050 2597 1156 2626 uerlor
1168 2594 1304 2626 Iamitza.

1099 2647 1168 2680 182.
1185 2647 1301 2689 Digna
1324 2646 1415 2679 Dee.
1433 2643 1566 2679 Confer
1586 2642 1632 2684 V,
1650 2641 1720 2675 182.

1050 2715 1093 2723 —-
1112 2697 1168 2731 De
1196 2710 1346 2731 numero
1380 2697 1571 2731 liberorum
1594 2693 1723 2730 Niobes
