1832 3100
253 272 333 303 ³00

623 260 676 302 Ρ.
715 259 951 309 OVIDII
987 259 1295 309 NASONIS

246 352 363 400 Neve
389 349 534 417 operis
555 350 714 399 famam
734 352 880 418 possit
904 352 1046 402 delere
1073 365 1293 414 vetustas,

1549 348 1553 351 .
1597 359 1669 428 '44⁵

246 427 449 476 Instituit
474 445 621 476 sacros
645 427 807 477 celebri
831 430 1065 480 certamine
1088 430 1220 481 ludos
1237 470 1249 491 ‚

245 503 404 570 Pythia
429 503 482 552 de
508 503 684 552 domitae
708 506 923 571 serpentis
944 507 1122 555 nomine
1142 507 1298 557 dictos.

244 581 330 629 His
349 582 558 646 juvenum
584 581 850 648 quicumque
873 602 1026 641 manu,
1050 584 1311 650 pedibusve,
1337 598 1485 637 rotave

243 658 444 715 Vicerat,
470 657 661 706 aesculeae
683 658 885 724 capiebat
906 659 1078 712 frondis
1097 661 1323 712 honorem.

242 735 454 784 Nondum
470 734 625 786 ,laurus
649 746 767 794 erat;
793 734 1021 803 longoque
1043 737 1242 787 decentia
1265 739 1384 788 crine

239 871 350 918 poetis
372 873 463 915 nigri
481 869 664 915 dicuntur,
680 871 735 905 vel
749 871 829 916 quia
841 871 923 907 inde

243 926 387 971 nigrum
417 936 596 959 venenum
628 923 833 969 profluebat.
871 925 924 959 Ita

244 979 345 1024 Virg.
359 977 443 1011 AEn.
459 977 511 1011 IX
526 1002 535 1020 ‚
557 989 620 1022 700
631 1003 639 1017 ,
658 981 766 1010 altum
781 978 921 1019 vulnus5

241 1037 277 1065 et
296 1029 387 1075 apud
403 1029 590 1072 Nostrum,
608 1029 755 1066 calidum
773 1034 808 1062 et
815 1028 924 1072 seroi-

245 1085 323 1118 dum
339 1085 471 1116 vulnus.

280 1127 422 1178 ’445-46.
434 1133 523 1167 Neve
536 1135 643 1176 opert's
659 1138 724 1166 etc.
742 1131 798 1166 An
804 1131 923 1177 tiquis-

239 1187 334 1223 simis
345 1185 559 1231 temporibus
577 1197 698 1219 rerum
717 1185 923 1219 memorabi-

238 1243 327 1277 lium
350 1241 521 1276 memoria
543 1240 632 1275 ludis
654 1240 821 1275 institutis
841 1254 922 1276 ser—

242 1294 315 1328 vari
340 1294 480 1328 solebat.
507 1293 583 1326 Hos
608 1292 708 1327 ludos
729 1292 922 1327 Diomedes

245 1347 378 1393 primus
390 1346 575 1380 instituisse
587 1345 622 1379 in
636 1345 810 1379 honorem
819 1344 923 1390 Apol-

241 1400 320 1435 linis
337 1398 543 1433 credebatur
561 1409 568 1430 :
587 1396 656 1430 vid.
673 1398 822 1431 Pausan.
841 1395 921 1430 Co-

243 1453 350 1488 rinth.
363 1466 395 1498 p.
406 1451 477 1486 185.
486 1451 556 1485 Per
562 1451 666 1484 breve
678 1456 815 1494 tempus
824 1462 921 1484 nono

243 1517 382 1551 quoque
415 1514 509 1536 anno
538 1500 702 1535 celebrati
720 1527 729 1544 ,
764 1500 922 1535 renovati

242 1565 325 1594 sunt
342 1557 383 1592 ab
401 1554 651 1601 Amphictyon.
670 1566 699 1587 a.
722 1553 752 1586 3.
777 1552 921 1600 Olymp.

243 1610 306 1653 48,
334 1615 369 1643 et
387 1613 511 1653 quarto
528 1617 667 1650 quoque
686 1617 780 1638 anno
797 1603 921 1638 habiti:

243 1663 393 1697 Pausan.
409 1659 516 1694 Phoc.
532 1671 565 1703 p.
583 1657 656 1691 813.
677 1655 921 1694 Celebraban-

242 1724 301 1752 tur
319 1722 435 1750 autem
450 1725 523 1747 non
541 1710 662 1757 procul
673 1710 714 1744 ab
728 1709 812 1743 urbe
829 1708 922 1743 Cris-

244 1783 281 1804 sa
292 1795 301 1813 ‚
324 1780 400 1814 quae
412 1765 494 1801 inde
506 1764 622 1812 Pytho
633 1790 642 1807 ,
661 1770 779 1809 postea
792 1761 922 1808 Delphi

242 1820 334 1856 dicta
344 1826 404 1854 est.
415 1817 572 1856 —Sacri,
590 1815 757 1860 quoniam
766 1814 803 1847 in
813 1813 922 1847 hono-

243 1887 321 1909 rem
336 1871 405 1907 Dei
419 1870 648 1905 celebrantur.
659 1885 703 1893 —-
717 1868 847 1902 Celebri
853 1879 922 1900 cer-

243 1928 366 1961 iamine
377 1951 384 1965 ,
399 1923 437 1957 in
450 1922 573 1967 quibus
582 1920 688 1955 totius
699 1920 771 1954 sere
781 1918 925 1954 Graeciae

246 1977 438 2014 confluxus.
454 1974 504 2009 Hi
515 1973 587 2007 ludi
604 1986 623 2007 a
637 1974 763 2007 domito
775 1972 926 2018 Pythone

246 2029 374 2078 Pythia
393 2027 608 2062 dicebantur.
626 2024 730 2070 Apud
749 2022 925 2058 clement.

248 2082 346 2117 Alex.
363 2078 453 2113 Coh.
469 2076 511 2110 ad
529 2076 640 2110 Graec.
656 2089 689 2120 p.
706 2077 744 2119 4ι
761 2101 769 2116 ,
789 2087 924 2109 vocan-

247 2142 306 2169 tur
321 2136 484 2179 πανήγυρις
496 2132 596 2174 ὄφεως.
607 2146 650 2152 -
665 2125 856 2160 Sciendum
873 2133 924 2160 est

251 2184 342 2231 apud
360 2179 500 2217 'Graecos
518 2178 698 2213 nobilitata
713 2177 814 2211 fuisse
831 2190 925 2222 qua-—

249 2245 331 2272 tuor
340 2234 504 2269 ludorum
519 2243 663 2277 genera,
680 2228 904 2275 Olympiacos
914 2254 924 2272 ‚

246 2288 392 2336 Pythios
406 2312 415 2329 ,
440 2283 610 2327 {Isthmius
623 2308 632 2325 ‚
654 2282 834 2318 Nemeaeos
848 2306 857 2321 ‚
880 2280 924 2315 de

250 2341 375 2388 quibus
394 2334 581 2373 Pausanias
594 2361 603 2378 ,
620 2333 677 2367 lib.
692 2333 751 2375 11,
768 2344 840 2377 cap.
857 2342 923 2374 111;

250 2392 363 2429 Natal.
375 2401 464 2425 com.
474 2387 530 2421 lib.
546 2387 593 2430 V,
603 2398 674 2430 cap.
691 2394 744 2417 xn
754 2389 790 2418 et
799 2394 924 2424 xxxn'3

252 2445 376 2489 Scalig.
394 2443 493 2477 Poet.
510 2439 566 2473 lib.
585 2438 601 2471 I
614 2463 623 2480 ,
644 2449 715 2481 cap.
734 2446 837 2469 xxnl.
859 2436 925 2470 Ed.

293 2498 369 2539 447.
386 2496 439 2528 De
453 2493 593 2526 domiloe.
612 2487 756 2523 Obrecti
770 2485 926 2530 Cod.pro

248 2550 379 2583 domiloe
390 2573 397 2586 ,
419 2544 504 2578 alter
520 2554 603 2576 vero
614 2542 815 2585 perdomilae.

297 2599 372 2642 448.
388 2597 495 2630 Manu
507 2621 516 2637 ,
540 2592 694 2638 pugilatu
707 2617 716 2634 ,
739 2598 841 2641 πυγμῇ
855 2616 864 2634 ,
891 2596 927 2624 et

249 2645 353 2692 lucta,
366 2649 455 2694 πάλῃ.
465 2665 508 2672 ·-
517 2647 671 2682 Pedibus,
684 2655 800 2685 cursu,
816 2644 926 2688 δρᾶμῳ,

252 2703 392 2735 -Bola
405 2727 411 2739 ,
432 2697 605 2743 quadrigis
615 2703 648 2730 et
658 2695 743 2740 bigis
753 2693 839 2728 adde
852 2707 928 2727 car-

249 2754 392 2789 minibus
402 2758 436 2785 et
444 2751 670 2785 instrumentis
676 2748 821 2781 musicis.
835 2744 925 2779 Vide

1596 753 1664 801 450

988 873 1136 909 Pausan.
1154 888 1185 920 p.
1198 875 1360 922 813seq.,
1378 882 1414 911 et
1429 874 1516 912 adde
1530 877 1666 914 Potteri

988 925 1159 961 Arcbaeol.
1178 939 1276 972 graec.
1298 934 1321 962 t.
1340 928 1378 972 I,
1395 941 1428 973 p.
1445 928 1510 976 985
1525 941 1591 964 sec.
1609 929 1664 964 ed.

988 977 1114 1012 Ramb.
1139 977 1330 1013 saltatione
1355 979 1506 1024 quadam
1522 981 1665 1026 Apolli—

986 1030 1041 1065 nis
1058 1043 1174 1076 pugna
1188 1044 1270 1065 cum
1285 1031 1447 1079 Pythone
1460 1059 1469 1076 ,
1486 1040 1522 1068 et
1536 1033 1666 1068 instru-

987 1084 1114 1118 mentis
1130 1084 1268 1119 musicis
1286 1084 1390 1130 hujus
1411 1085 1527 1121 sibilus
1543 1087 1665 1132 expri-

988 1134 1150 1168 mebatur
1168 1148 1177 1169 ι
1196 1135 1342 1179 Strabo,
1362 1136 1414 1170 IX
1426 1162 1435 1180 ,
1453 1149 1486 1182 p.
1508 1137 1572 1181 645
1591 1149 1664 1182 seq.

986 1203 1031 1212 ·-
1045 1188 1190 1221 Juvencs
1200 1214 1207 1227 ,
1232 1187 1383 1222 athletae.
1399 1206 1443 1214 -
1457 1190 1582 1224 Pedum
1598 1202 1664 1224 cer-

987 1242 1097 1273 tamen
1113 1238 1219 1273 etiam
1241 1239 1336 1282 XII,
1363 1239 1440 1283 304.

1032 1291 1107 1338 449.
1125 1291 1260 1331 Honor,
1291 1297 1331 1325 ut
1353 1296 1451 1335 τιμὴ,
1467 1290 1663 1336 praemium.

987 1342 1059 1377 Sed
1070 1343 1127 1377 illa
1139 1343 1281 1388 praemia
1292 1355 1461 1388 perquam
1474 1351 1575 1379 erant
1589 1343 1663 1378 ho-

986 1394 1142 1429 norifica.
1159 1414 1204 1420 —
1219 1396 1378 1430 AEsculea
1386 1395 1490 1440 frons
1505 1422 1514 1437 ‚
1533 1408 1664 1430 corona

986 1450 1139 1481 esculea.
1163 1449 1322 1481 AEsculus
1341 1447 1423 1481 Jovi
1439 1459 1552 1491 sacra,
1570 1447 1663 1482 Plin.

987 1499 1035 1533 H.
1063 1499 1106 1533 N.
1131 1498 1223 1541 XII,
1245 1512 1256 1532 1
1272 1524 1281 1541 ,
1308 1505 1366 1542 et,
1392 1506 1432 1533 ut
1447 1498 1637 1544 glandifera
1651 1525 1660 1542 ,

986 1549 1136 1595 antiquis
1152 1550 1352 1584 hominibus
1366 1550 1664 1586 memorabilis.—

986 1604 1156 1636 AEsculeoe.
1179 1601 1345 1646 Quatuor
1365 1603 1551 1644 Herculeae,
1569 1602 1664 1647 quod

990 1652 1132 1699 Cupero
1148 1653 1285 1698 placuit.
1300 1652 1371 1688 Sed
1387 1652 1464 1688 vide
1482 1653 1606 1688 Burm.

1030 1706 1106 1748 450.
1124 1705 1259 1738 Laurus
1271 1731 1280 1746 ‚
1300 1716 1367 1750 qua
1381 1710 1501 1749 postea
1516 1703 1666 1739 corona-

987 1757 1117 1791 bantur
1127 1756 1274 1791 victores
1287 1756 1424 1803 Pythici
1435 1756 1552 1801 (Pind.
1561 1755 1666 1804 Pyth.

988 1807 1058 1843 Od.
1075 1819 1165 1852 v111,
1185 1810 1247 1851 28;
1266 1808 1395 1842 AElian.
1409 1809 1456 1842 V.
1467 1808 1515 1842 H.
1532 1808 1587 1844 ΙΙΙ
1600 1835 1610 1853 ,
1629 1820 1664 1853 1,

987 1873 1021 1905 p.
1041 1858 1124 1905 200)
1138 1886 1147 1903 ‚
1171 1862 1315 1895 nondum
1338 1860 1376 1893 in
1398 1871 1520 1894 rerum
1541 1866 1668 1895 natura

987 1917 1070 1946 cml.
1087 1912 1145 1946 Sic
1157 1911 1274 1946 munit
1282 1912 1346 1946 sibi
1359 1912 1452 1946 viam
1466 1911 1509 1946 ad
1519 1925 1665 1957 sequen-

988 1971 1062 1999 tem
1084 1964 1247 2007 sabulam.
1276 1964 1404 1998 AElian.
1434 1965 1479 1998 V.
1511 1965 1559 1999 H.
1583 1964 1616 1999 d.
1641 1965 1664 1999 l.

990 2024 1111 2054 narrat
1136 2015 1303 2062 quidem,
1332 2016 1533 2062 Apollinem
1551 2042 1561 2061 ,
1590 2018 1665 2064 Py-

989 2069 1095 2104 thone
1108 2069 1219 2103 occiso
1227 2093 1237 2112 ‚
1248 2069 1406 2103 sumsisse
1417 2081 1585 2104 coronam
1590 2069 1666 2105 lau-

989 2134 1107 2163 ream;
1137 2120 1197 2155 sed
1224 2119 1303 2154 vide
1333 2120 1494 2155 Perizon.
1517 2121 1561 2156 ad
1584 2121 1618 2156 d.
1641 2122 1664 2156 l.

989 2174 1126 2219 Nempe
1158 2172 1284 2218 Apollo
1297 2198 1307 2217 ,
1338 2172 1499 2220 Pythone
1528 2174 1639 2210 occiso
1652 2200 1662 2218 ,

988 2227 1076 2272 sugit
1094 2226 1130 2260 in
1148 2226 1283 2271 Tempe
1298 2252 1307 2269 ,
1324 2225 1440 2271 ibique
1454 2238 1583 2262 novem
1599 2239 1664 2262 an-

988 2290 1053 2312 nos
1075 2277 1184 2312 latuit.
1213 2277 1308 2311 Tum
1329 2289 1413 2311 vero
1432 2276 1584 2322 expiatus
1605 2290 1665 2311 re-

988 2328 1051 2363 diit
1063 2328 1219 2374 Delphos
1233 2335 1268 2363 et
1281 2328 1460 2363 oraculum
1474 2329 1665 2374 occupavit.

990 2381 1131 2415 Interea
1140 2380 1289 2426 Daphne
1298 2379 1497 2415 mutaturin
1505 2379 1641 2414 laurum
1654 2406 1664 2426 ‚

990 2445 1059 2476 qua
1073 2432 1236 2466 lustratus
1252 2430 1379 2465 deinde
1403 2438 1464 2466 est.
1487 2449 1531 2457 -—-
1546 2432 1666 2477 Longo

989 2489 1080 2519 crine
1093 2483 1236 2530 insignis
1250 2491 1324 2519 erat
1337 2483 1462 2529 Apollo
1475 2510 1485 2528 ,
1500 2483 1595 2519 unde
1609 2486 1665 2518 In-

989 2542 1104 2571 tonsus
1115 2564 1123 2577 ‚
1148 2537 1366 2586 ἀκερσεκέμης,
1391 2536 1601 2586 ἄκειρεκὲμης,
1618 2543 1665 2570 at-

990 2601 1056 2633 que
1082 2588 1189 2622 etiam
1209 2588 1246 2621 in
1268 2587 1510 2622 monumentis
1529 2587 1664 2622 crinem

989 2640 1197 2686 promissum
1213 2639 1326 2674 habet.
1338 2640 1564 2674 -Decent1:a.
1575 2638 1664 2672 Ho—

989 2692 1096 2726 ratius
1113 2718 1122 2735 ,
1157 2692 1194 2735 I,
1225 2690 1296 2726 Od.
1325 2701 1451 2738 xxxn,
1483 2703 1521 2726 12
1540 2700 1550 2723 t
1570 2693 1664 2735 nigro

988 2747 1078 2780 crine
1100 2745 1247 2779 decorus.
1432 2749 1435 2751 ⁴
