1832 3100
344 247 1054 296 METAMORPHOSEON
1095 253 1230 297 LIB.
1269 253 1308 297 1.

109 365 133 388 ν»
157 344 327 394 Cuncta
347 344 474 411 prius
499 333 664 392 tentata
683 363 693 393 ε
718 343 796 392 sed
818 343 1138 393 immedicabile
1162 344 1324 394 vulnus

1469 227 1523 314 73

1463 372 1526 407 ¹90

109 449 135 470 »
155 427 273 475 Ense
295 425 600 484 recidendum,
622 445 679 474 ne
700 443 802 493 pars
824 427 993 475 sincera
1015 426 1227 475 trahatur.

108 530 134 552 »
159 508 275 557 Sunt
294 507 405 556 mihi
429 508 645 567 Semidei;
669 521 775 557 sunt
796 509 961 557 rustica
983 509 1188 566 numina,
1211 509 1448 576 Nymphae,

109 614 134 635 »
156 592 385 658 Faunique
400 629 412 650 ‚
436 592 670 659 Satyrique
684 629 695 651 ‚
723 603 767 640 et
787 592 1039 642 monticolae
1060 591 1227 640 Silvani
1247 612 1258 640 :

109 695 135 716 »
158 673 290 738 Quos
315 674 524 741 quoniam
546 673 639 723 caeli
659 673 859 723 nondum
880 674 1116 738 dignamur
1137 674 1311 722 honore
1324 712 1336 733 ,

109 777 134 799 »
160 755 286 819 Quas
311 755 533 814 dedimus,
558 767 672 804 certe
697 768 834 805 terras
858 756 1058 806 habitare
1080 757 1288 805 sinamus.

1471 771 1532 816 195

110 860 135 882 >›
157 839 233 888 An
253 839 381 898 satis,
407 859 434 887 o
459 840 641 906 Superi,
668 851 790 888 tutos
813 839 907 889 fore
929 840 1108 889 creditis
1131 840 1234 889 illos
1249 877 1261 899 ,

108 943 134 965 »
157 922 312 985 Quum
333 921 468 979 mihi,
492 922 568 988 qui
592 921 782 980 fulmen,
809 923 886 989 qui
907 941 987 971 vos
1009 922 1245 990 habeoque
1268 940 1487 988 regoque,

110 1026 136 1048 »
162 1004 386 1053 Struxerit
405 1004 588 1052 insidias
602 1041 614 1063 ,
641 1016 776 1053 notus
799 1005 971 1054 feritate
994 999 1211 1072 Lycaon?
1230 1027 1253 1049 »

108 1085 422 1136 Confremuere
446 1105 625 1144 omnes,
650 1087 898 1154 studiisque
925 1087 1185 1136 ardentibus
1209 1106 1367 1136 ausum

107 1167 234 1218 Talia
252 1169 503 1236 deposcunt
523 1188 532 1216 :
554 1169 636 1227 sic,
664 1188 801 1235 quum
825 1188 981 1218 manus
1005 1169 1141 1236 impia
1163 1169 1285 1219 saevit

153 1318 228 1354 ¹9⁰·
259 1307 427 1350 Tentata,
451 1319 517 1353 pro
534 1308 716 1348 lentanda,
748 1320 790 1343 ex

107 1370 183 1393 uno
190 1371 335 1394 suorum
346 1359 520 1394 revocavit
533 1360 670 1403 Heius„
685 1366 788 1405 atque

106 1411 157 1446 ita
173 1418 209 1447 et
231 1411 353 1448 Barth.
370 1411 539 1447 voluerat.
562 1413 649 1447 Mox
666 1413 788 1447 Burm.

107 1465 263 1511 placebat
271 1478 313 1499 ex
324 1464 481 1500 vatican.
491 1464 671 1510 Excerptis
679 1468 788 1499 imme-

105 1519 252 1552 debabile
274 1520 472 1558 membrum,
504 1518 584 1563 quia
601 1517 649 1552 sic
674 1516 789 1552 Cicer.

106 1569 201 1605 VIII
213 1595 224 1613 ,
240 1569 367 1616 Philip.
385 1581 424 1605 xl
434 1595 444 1614 ,
463 1571 482 1604 5
496 1595 506 1614 ,
523 1576 559 1605 et
575 1569 657 1616 quia
667 1573 789 1605 vulnus

106 1619 143 1657 h.
158 1620 181 1657 Ι.
199 1621 342 1656 durum.

155 1687 229 1722 ¹9²·
253 1675 418 1715 semmei,
447 1677 566 1719 ἦμὶθεοι
580 1700 590 1718 ,
622 1673 791 1709 dicuntur

108 1725 216 1760 etiam
227 1727 357 1766 heroes,
374 1733 410 1761 et
423 1733 526 1761 erant
537 1725 660 1761 infima
677 1726 791 1773 digni-

109 1785 181 1813 tate
194 1804 205 1822 ,
239 1778 424 1814 inferiores
448 1778 554 1813 etiarn
583 1779 790 1815 numinibus

106 1830 243 1866 rusticis
261 1843 269 1866 ε
286 1830 366 1866 vide
385 1829 516 1876 cuper.
544 1830 692 1866 Observ.
712 1832 788 1876 111,

112 1883 163 1918 ιθ.
185 1882 242 1917 De
259 1884 424 1930 Nymphis
442 1896 506 1928 per
531 1890 662 1918 terram
682 1883 790 1918 habi-

108 1935 282 1978 tantibus,
301 1934 380 1970 vide
394 1934 538 1971 Hesiod.
554 1935 688 1981 Theog.
706 1949 767 1983 ¹²9
779 1962 788 1979 ‚

109 1987 185 2030 354.
218 1988 336 2033 Satyri
356 1986 542 2022 inventum
572 1987 791 2023 Graecorum.

107 2040 223 2074 Fauni
244 2039 282 2073 in
310 2039 408 2074 Italia
435 2040 608 2087 originem
635 2040 766 2075 habent
779 2067 789 2082 ,

109 2096 295 2135 postquam
305 2092 456 2131 Faunus,
481 2091 555 2126 Pici
568 2091 658 2126 filius
670 2119 679 2136 ‚
693 2105 792 2137 quar-

112 2148 168 2176 tus
187 2141 293 2177 ltaliae
316 2155 399 2183 rex,
429 2143 475 2177 ob
498 2143 624 2178 merita
649 2143 686 2177 in
716 2157 793 2179 rem

110 2193 278 2228 rusticam
287 2194 484 2229 interDeos
490 2195 618 2229 relatus
630 2203 714 2230 erat.
724 2196 794 2231 Illis

111 2245 359 2281 tribuebantur
367 2242 473 2292 pedes
483 2246 613 2292 caprini
624 2273 633 2290 ,
647 2247 699 2281 his
707 2260 793 2282 non.

109 2299 212 2346 Saepe
242 2312 328 2334 vero
351 2299 426 2335 haec
450 2300 641 2335 numinum
664 2314 793 2347 genera

109 2352 388 2389 confunduntur.
401 2353 492 2388 Vide
511 2355 659 2388 omnino
674 2355 791 2401 Heyn.

109 2405 150 2440 in
173 2405 262 2440 libro
282 2406 546 2452 Antiquarelrche
570 2407 761 2452 Auſsaelze
777 2434 787 2448 ‚

110 2463 136 2492 t.
153 2457 190 2492 Π
203 2484 213 2502 ,
230 2470 262 2503 p.
280 2458 321 2493 53
337 2471 409 2504 sqq.
422 2485 432 2503 ,
451 2458 531 2494 etin
547 2459 688 2493 Excurs.
700 2459 736 2492 V
748 2457 792 2493 ad

112 2509 198 2543 AEn.
211 2510 240 2543 V
249 2509 303 2544 Ill
316 2536 325 2553 ,
338 2523 370 2555 p.
381 2514 452 2546 125.
461 2511 617 2545 Silvanus
628 2511 707 2545 alibi
718 2523 792 2555 non

110 2561 177 2596 nisi
190 2573 280 2597 unus
290 2587 300 2605 ,
318 2562 423 2596 etiam
435 2562 538 2607 XIV,
550 2563 628 2609 637,
642 2563 678 2598 in
690 2563 793 2598 simili

113 2614 278 2660 catalogo.
294 2633 338 2640 —-
354 2616 519 2649 Habitare
529 2643 538 2655 ,
560 2629 687 2662 nempe
704 2624 792 2651 tuto.

160 2680 232 2714 ¹97·
262 2666 487 2711 Qut’sulmen‚
506 2674 570 2702 etc.
588 2669 673 2703 Sine
691 2682 793 2704 causa

113 2718 238 2754 Heius.
256 2719 406 2754 malebat
420 2746 429 2763 ,
455 2718 516 2754 cut*
516 2720 660 2765 fulmen.
686 2740 730 2747 —
745 2721 793 2756 Sc.

115 2770 278 2808 describit
290 2772 411 2808 Deum
426 2785 617 2808 summum.
631 2774 787 2816 Fulmen,

1471 1194 1536 1218 200

853 1308 989 1355 insigne
1006 1309 1136 1344 summi
1153 1307 1301 1354 imperii.
1321 1307 1472 1350 Habere,
1497 1314 1538 1342 ut

854 1373 952 1406 graec.
968 1364 1051 1405 ἔχειν
1062 1387 1071 1404 ,
1089 1361 1126 1395 ἱῐι
1141 1366 1310 1406 potestate
1322 1356 1384 1394 sua
1395 1359 1536 1394 habere.

855 1413 995 1447 Referri
1016 1412 1122 1458 igitur
1145 1418 1181 1447 et
1203 1411 1246 1446 ad
1271 1411 1406 1446 fulmen
1430 1418 1467 1447 et
1491 1411 1535 1446 ad

855 1465 952 1500 Deos
969 1472 1093 1511 potest.

901 1532 973 1566 ¹99·
995 1518 1223 1563 Confremuere
1240 1531 1369 1560 omnes,
1385 1524 1449 1553 etc.
1465 1517 1537 1553 Hic

854 1570 1041 1606 commode
1059 1571 1236 1617 abrumpit
1251 1571 1449 1605 orationem
1468 1570 1537 1605 Jo-

854 1622 904 1657 vis
916 1649 925 1667 ,
946 1630 982 1658 et
1002 1636 1123 1659 sensus
1140 1624 1358 1669 reliquorum
1374 1623 1536 1658 Deorum

854 1674 1058 1721 interponit.
1076 1676 1221 1710 Etenim
1238 1675 1311 1710 haec
1326 1675 1536 1721 interpella-

854 1728 905 1762 tio
922 1734 958 1762 et
974 1728 1147 1774 majestati
1167 1728 1266 1763 Jovis
1281 1735 1317 1762 et
1337 1727 1538 1773 indignitati

854 1780 991 1815 sceleris
1017 1779 1156 1816 admissi
1185 1779 1354 1826 augendae
1379 1780 1533 1815 inservit.

855 1833 924 1867 Vix
939 1833 1088 1868 audiunt
1106 1833 1166 1868 Dii
1182 1833 1322 1868 insidias
1336 1834 1418 1867 Jovi
1430 1827 1537 1868 struc-

855 1892 1033 1930 tas‚quum
1041 1898 1164 1920 omnes
1172 1892 1452 1920 commoventur.
1458 1886 1540 1919 Con-

845 1936 993 1981 fremere
1006 1937 1049 1971 de
1066 1937 1207 1971 vocibus
1223 1937 1429 1982 promiscuis
1443 1949 1536 1972 con-

855 1988 967 2023 citatae
978 1988 1223 2024 multitudinis.
1234 2007 1279 2014 —
1289 1991 1440 2024 Studium
1449 2016 1457 2030 ,
1469 1989 1540 2023 im-

856 2047 956 2085 petus
973 2040 1080 2075 animi
1095 2067 1104 2084 ,
1124 2053 1194 2086 quo
1210 2040 1339 2086 aliquid
1358 2040 1412 2074 vel
1429 2052 1537 2075 aver-

857 2106 989 2138 samur,
999 2093 1052 2128 vel
1065 2094 1268 2140 appetimus.
1278 2112 1323 2119 —-
1332 2095 1538 2138 Deponunt,

858 2147 986 2182 scilicet
1011 2147 1054 2182 ad
1079 2148 1286 2194 supplicium
1301 2162 1310 2189 ;
1339 2160 1409 2192 quo
1434 2160 1539 2182 sensu

858 2198 998 2244 proprie
1015 2201 1190 2243 deposcere
1202 2211 1213 2233 s
1225 2198 1403 2233 Drakenb.
1420 2198 1463 2232 ad
1479 2198 1542 2233 Sil.

859 2249 916 2284 III
932 2276 941 2293 ,
960 2261 1036 2284 202.

904 2315 979 2338 200.
995 2304 1122 2338 Manus
1137 2307 1250 2348 impia.
1268 2303 1454 2349 Sexaginta
1468 2302 1540 2347 illi,

859 2356 918 2400 qui
931 2354 974 2390 C.
988 2355 1108 2390 Cassio
1121 2382 1130 2399 ,
1148 2355 1199 2389 Μ.
1211 2362 1246 2389 et
1259 2355 1304 2389 D.
1320 2355 1437 2389 Brutis
1448 2353 1540 2399 prin-

858 2407 990 2453 cipibus
1001 2407 1286 2453 conspiraverant
1299 2419 1363 2441 con
1369 2413 1420 2440 tra
1432 2406 1541 2440 vitam

861 2458 1007 2495 Caesaris
1019 2472 1026 2494 ε
1038 2459 1185 2494 Sueton.
1200 2459 1289 2494 Caes.
1304 2460 1358 2493 80.
1373 2458 1542 2493 Solemne

859 2520 934 2548 erat
952 2512 1121 2548 Romanis
1133 2539 1141 2553 ‚
1164 2511 1341 2547 Caesarem
1356 2525 1437 2546 curn
1450 2512 1542 2546 Jove

861 2573 964 2611 atque
988 2565 1176 2610 imperium
1198 2564 1303 2598 Rom.
1327 2577 1408 2599 cum
1429 2576 1541 2610 regno

859 2617 1022 2652 Deorum
1038 2628 1240 2662 comparare
1253 2616 1342 2651 :XV
1354 2642 1364 2661 ,
1383 2616 1542 2659 858-60;

859 2671 951 2705 Fast.
974 2670 1032 2713 11,
1056 2670 1141 2711 1303
1166 2669 1346 2713 Horat.1,
1373 2668 1444 2704 Od.
1462 2667 1540 2712 κη’,

859 2721 997 2769 49-6ο;
1024 2721 1102 2765 ΙΙΙ,
1129 2720 1199 2756 od.
1216 2733 1238 2755 v
1253 2748 1263 2766 ,
1291 2723 1367 2756 1-5.
1391 2721 1486 2756 Hinc
1506 2728 1542 2755 et

859 2773 933 2810 haec
944 2774 1158 2820 comparatio
1170 2774 1269 2810 fluxit
1278 2800 1288 2818 ,
1306 2774 1343 2809 in
1353 2786 1423 2820 qua
1435 2773 1542 2808 verba
