1832 3100
328 218 408 261 130

680 218 733 261 Ρ.
776 217 1020 263 OVIDII
1063 218 1362 265 NASONIS

381 309 593 357 Protinus
616 308 797 367 exarsit,
821 329 901 359 nec
926 322 1122 378 tempora
1147 311 1319 360 distulit
1337 314 1410 362 irae
1427 350 1439 371 ‚

319 389 677 456 Horriferamque
703 389 845 439 oculis
864 391 1100 458 animoque
1125 393 1287 458 objecit
1309 395 1510 462 Erinnyn

1666 409 1733 458 72'5

321 470 498 521 Pellicis
521 470 768 534 Argolicae,
793 471 1082 539 stimulosque
1100 473 1146 521 in
1164 486 1340 539 pectore
1364 495 1498 525 caecos

319 551 555 609 Condidit,
580 564 624 600 et
644 552 877 619 profugam
900 573 981 620 per
1002 566 1145 602 totum
1169 556 1325 604 terruit
1347 558 1513 606 orbem.

316 633 512 682 Ultimus
535 633 749 682 immenso
773 634 992 692 restabas,
1017 635 1138 693 Nile,
1164 636 1306 685 labori
1327 657 1338 685 ε

315 715 461 779 Quem
486 713 621 762 simul
644 733 693 762 ac
718 714 889 777 tetigit,
915 715 1161 783 positisque
1184 717 1230 766 in
1252 719 1445 782 margine
1469 720 1573 786 ripae

315 853 407 889 Plin.
425 853 473 888 H.
491 852 534 888 N.
554 852 587 887 X
602 878 611 895 ‚
637 865 678 886 ao
691 877 700 895 ,
718 851 909 897 pavonibus
928 851 994 887 tri-

308 906 385 941 buit
397 909 600 950 gemmanles
618 906 763 944 colores,
780 911 814 938 et
832 911 944 949 guttas
956 905 992 940 in

310 957 420 993 cauda
449 964 548 991 vocat
582 959 706 990 oculos.
739 955 877 991 Phaedr.
912 956 989 1000 111,

309 1009 392 1044 Fab.
405 1020 499 1043 xv111
511 1035 520 1049 ‚
540 1009 559 1041 8
571 1021 578 1042 :
590 1009 699 1042 Pictis
704 1010 832 1051 plumis
842 1020 992 1052 gemmea

309 1060 429 1094 cauda.
447 1059 490 1093 In
511 1058 659 1102 Argum.
687 1058 843 1092 Lactant.
856 1084 865 1101 ,
893 1059 990 1092 Juno

310 1111 446 1156 Argum
461 1114 496 1144 in
519 1111 683 1143 volucrem
697 1119 859 1152 pavonem
880 1114 991 1143 trans-

299 1162 473 1207 formavit,
491 1167 526 1195 el
527 1163 651 1205 pennis
660 1162 860 1204 insignibus,
876 1163 992 1205 quibus

310 1218 442 1249 amissa
471 1216 600 1248 lumina
631 1214 815 1253 indicaret,
853 1214 991 1246 ornauit.

313 1267 369 1302 Cs.
387 1265 540 1301 Martial.
558 1265 659 1307 XIV,
679 1264 796 1310 Epigr.
815 1265 867 1298 85.

357 1321 459 1365 724-7
465 1321 516 1352 50.
532 1319 690 1352 Protinus
699 1320 830 1351 exam’t
836 1323 897 1351 etc.
909 1317 992 1351 Duo

308 1370 476 1417 postremi
487 1369 609 1404 fabulae
621 1376 727 1412 actus,
742 1380 894 1413 quorum
904 1369 991 1403 alter

309 1420 354 1456 de
382 1424 562 1460 erroribus,
590 1431 676 1464 quos
697 1419 833 1464 copiose
851 1419 906 1453 alii
926 1432 990 1453 re-

310 1479 477 1516 censent,
504 1472 611 1506 verbo
631 1470 824 1516 attingitur.

355 1528 428 1571 725.
443 1526 597 1569 Erinnyn
607 1523 631 1557 J
634 1535 705 1557 uno
715 1522 873 1556 immittit
884 1521 990 1556 etiam

311 1576 404 1623 apud
421 1576 538 1610 Valer.
562 1575 613 1609 Fl.
631 1588 639 1608 :
659 1576 741 1608 Cum
746 1573 887 1617 facibus
910 1577 990 1617 spi-

307 1632 417 1673 risque
433 1631 467 1661 el
487 1631 632 1661 tarlareo
642 1627 771 1659 ululatu
787 1626 990 1669 Tisiphonen

310 1682 408 1715 videl.
429 1678 525 1712 Tum
542 1679 695 1711 stimulos
707 1683 742 1710 et
758 1676 910 1723 AEschyl.
924 1676 989 1710 603

313 1737 487 1767 memorat
501 1756 510 1773 ,
537 1732 663 1779 κέντροις
687 1730 908 1775 ᾳοίταλέοισιν,
927 1732 989 1761 sli-

310 1787 410 1820 mulis
434 1785 484 1817 ad
509 1795 640 1816 cursum
670 1783 902 1816 excitantibus.
934 1780 989 1814 Ab

315 1835 443 1871 eodem
458 1842 577 1869 tamen
589 1846 675 1868 vers.
692 1832 756 1866 568
769 1858 778 1875 ,
797 1836 895 1866 aeslro
912 1831 990 1877 agi-

312 1894 384 1922 tata
403 1886 550 1929 dicitur,
581 1891 616 1919 et
640 1896 726 1918 vers.
750 1883 812 1929 687
828 1909 837 1926 ‚
863 1890 902 1917 ut
921 1889 956 1917 et
972 1895 991 1916 a

313 1938 503 1984 Sophocle,
524 1941 702 1986 οἰστροπλὴξ
717 1940 871 1968 vocatur.
888 1933 945 1968 Sic
955 1940 991 1968 et

314 1990 475 2037 Apollod.
502 1989 598 2034 Virg.
624 1987 752 2032 Georg.
778 1986 856 2029 ΙΙΙ,
878 1987 938 2019 152
956 1992 991 2019 et

312 2043 379 2078 alii.
395 2042 545 2082 OEstrus‚
570 2045 669 2089 οἷς-ρας
680 2065 689 2082 ,
706 2050 770 2083 pro
786 2049 855 2082 quo
870 2043 990 2071 tamen

313 2093 428 2128 Latini
466 2091 667 2126 maluerunt
699 2092 818 2135 asylus
850 2087 963 2122 dicere
978 2114 987 2131 ‚

313 2148 327 2190 (
335 2146 433 2190 Virg.
444 2143 478 2178 d.
489 2144 511 2177 l.
526 2145 583 2188 ¹47
595 2155 667 2187 sqq.
682 2142 837 2176 Lactant.
848 2140 891 2174 ad
903 2140 990 2174 Stat.

311 2196 423 2232 Theb.
455 2195 493 2238 I,
520 2195 561 2228 32
576 2191 613 2238 ,)
643 2205 751 2238 genus
774 2192 989 2227 insectorum

313 2249 532 2294 dipterorum
550 2251 601 2280 est
614 2271 624 2289 ,
662 2244 771 2290 vespis
796 2243 992 2278 simillimo-

311 2299 406 2344 rum,
418 2311 494 2345 quae
503 2298 666 2332 oriuntur
675 2309 716 2331 ex
725 2295 875 2330 bestiolis
886 2307 991 2339 aqua-

312 2353 428 2388 tilibus
440 2378 450 2396 ,
476 2349 611 2387 Nostris
627 2351 797 2383 Bremsen.
824 2347 848 2381 J
851 2359 906 2380 am
922 2359 991 2391 pe·-

311 2404 437 2447 cudes,
461 2414 572 2448 quum
599 2401 640 2435 ab
665 2399 705 2434 iis
729 2405 934 2445 punguntur
956 2403 991 2431 et

314 2462 483 2491 vexantur
496 2480 505 2497 ‚
523 2452 738 2498 gravissimos
754 2450 909 2485 sentiunt
926 2448 990 2482 do—

312 2508 416 2551 lores,
428 2505 515 2540 adeo
530 2511 568 2538 ut
575 2504 691 2548 furere
703 2502 879 2548 incipiant.
891 2502 989 2545 Virg.

315 2560 349 2594 d.
366 2560 388 2594 l.
418 2561 478 2606 ¹49
497 2570 571 2603 sqq.
595 2556 690 2591 Hinc
717 2560 836 2590 oestrus
861 2554 990 2599 tropice

315 2611 442 2645 dicitur
455 2622 536 2643 mox
548 2608 594 2642 de·
601 2618 823 2653 quocumque
836 2605 990 2650 stimulo,

315 2675 396 2698 mox
406 2662 449 2696 de
461 2663 578 2696 furore
593 2686 602 2704 ,
621 2666 680 2693 aut
697 2658 784 2693 adeo
801 2658 844 2692 de
857 2658 969 2692 Furiis
981 2684 991 2701 ,

312 2725 391 2759 qua
404 2714 564 2748 furorem
588 2711 750 2755 injiciunt
769 2709 966 2744 hominibus
984 2722 992 2743 z

1057 847 1125 882 vid.
1151 848 1317 883 Munker.
1342 849 1385 884 ad
1408 849 1539 897 Hygin.
1563 850 1629 886 sah.
1659 853 1728 896 145¹.

1060 900 1134 946 Qui
1154 901 1193 936 Io
1209 902 1244 936 in
1261 915 1399 937 vaccam
1424 909 1594 939 mutatam
1613 903 1729 939 tradi-

1057 953 1199 997 derunt,
1209 967 1331 988 eorum
1342 954 1486 1000 plurimi
1495 960 1627 990 oestrum
1635 951 1730 990 haud

1057 1005 1160 1040 dubie
1184 1007 1321 1052 proprie
1338 1014 1555 1052 acceperunt.
1570 1007 1636 1053 Ap.
1647 1006 1731 1042 AEs-

1056 1057 1145 1104 chyl.
1161 1071 1244 1092 vero
1271 1058 1453 1093 Schutzius
1479 1066 1622 1101 monet,
1650 1071 1730 1094 om-

1055 1110 1142 1142 nino
1168 1110 1491 1146 terriculamentum
1522 1111 1729 1157 intelligen-

1057 1161 1141 1195 dum
1157 1175 1243 1205 esse,
1260 1163 1348 1197 sorte
1365 1163 1526 1198 umbram
1537 1163 1636 1210 Argi,
1651 1177 1728 1209 quae

1056 1227 1130 1249 non
1146 1215 1252 1250 oculis
1265 1241 1275 1258 ‚
1298 1215 1356 1250 sed
1375 1216 1486 1250 menti
1505 1216 1563 1251 Ius
1586 1229 1648 1261 per
1660 1217 1728 1251 *in-

1056 1267 1197 1301 tervalla
1228 1267 1363 1312 objecta
1381 1267 1434 1302 sit.
1465 1267 1511 1302 Et
1537 1267 1652 1304 schot.
1683 1267 1727 1302 ad

1056 1330 1145 1352 vers.
1161 1318 1224 1352 563
1242 1317 1367 1363 tradit,
1387 1319 1479 1353 illam
1491 1318 1728 1354 umbram‘sub

1056 1369 1166 1414 specie
1177 1369 1270 1404 canis
1279 1369 1440 1405 terruisse
1451 1370 1645 1416 juvencam.
1653 1371 1728 1418 Hy-

1055 1422 1124 1467 gin.
1144 1422 1359 1466 formidinem
1386 1429 1560 1458 memorat
1576 1449 1586 1467 ,
1620 1435 1727 1469 quam

1055 1474 1170 1508 Furiae
1191 1473 1363 1519 injiciunt.

1100 1526 1172 1571 726.
1189 1527 1326 1558 Pellicts
1342 1525 1517 1568 Argolica.
1529 1527 1646 1560 Pollex
1657 1526 1727 1562 Ar·-

1051 1580 1162 1621 golica
1173 1603 1180 1617 ,
1202 1577 1241 1611 Io
1254 1602 1263 1619 ,
1282 1589 1359 1622 quae
1376 1576 1478 1622 Argis
1489 1577 1638 1612 oriunda
1654 1578 1727 1623 pel-

1053 1628 1125 1663 licis
1151 1628 1241 1662 vices
1267 1628 1472 1673 praestiterat
1505 1629 1587 1663 Jovi
1611 1642 1620 1664 :
1646 1626 1726 1664 ‘vide

1055 1680 1202 1714 Valken.
1216 1679 1258 1714 ad
1276 1679 1396 1726 Eurip.
1411 1680 1519 1726 Hipp.
1530 1693 1618 1716 vers.
1633 1683 1727 1717 1303.

1053 1751 1097 1758 —
1118 1732 1249 1773 cacos,
1280 1731 1440 1767 occultos.
1462 1752 1508 1760 —
1536 1735 1668 1768 Terreri
1687 1741 1729 1768 ⁴et

1056 1787 1237 1830 φοςεῒσθαι,
1264 1783 1403 1828 proprie
1420 1783 1612 1829 dicuntur,
1633 1786 1692 1831 qui
1709 1798 1728 1820 a

1056 1835 1168 1870 Furiis
1183 1835 1438 1880 corripiuntur,
1463 1843 1523 1871 aut
1538 1837 1655 1872 surore
1673 1850 1729 1871 ra-

1054 1887 1179 1932 bieque
1202 1886 1396 1921 excitantur
1416 1899 1424 1921 :
1445 1887 1513 1922 vid.
1540 1888 1658 1935 Heyn.
1684 1888 1727 1924 ad

1056 1937 1242 1983 Virgilium
1256 1964 1265 1980 ,
1283 1937 1409 1982 Georg.
1422 1937 1477 1972 III
1490 1963 1499 1980 ,
1518 1939 1728 1982 434.—Pec-

1054 1993 1131 2023 tore.
1147 1989 1307 2029 Pectora,
1335 2001 1425 2023 unus
1441 1987 1542 2031 Sixii3
1560 1991 1674 2025 coeteri
1693 1997 1729 2025 et

1053 2039 1163 2074 nostri
1172 2039 1388 2086 Codd.Regii
1393 2041 1652 2086 pectore,·quod,
1663 2043 1727 2077 etsi

1055 2091 1221 2125 Heinsius
1231 2091 1416 2136 improbet,
1425 2093 1652 2137 reposuimus.
1659 2094 1726 2128 Ed.

1099 2145 1171 2190 728.
1187 2145 1320 2185 Labori,
1335 2144 1520 2180 laboribus.
1530 2146 1585 2181 De
1598 2145 1638 2181 iis
1646 2145 1725 2180 vide

1055 2195 1215 2241 Apollod.
1233 2202 1268 2230 et
1284 2196 1398 2231 multo
1420 2197 1527 2242 magis
1543 2197 1697 2245 AEschyl.
1714 2224 1725 2241 ‚
1769 2198 1776 2205 '

1056 2248 1137 2284 inde
1149 2261 1167 2282 a
1177 2261 1224 2282 vs.
1237 2262 1253 2294 7
1263 2249 1299 2283 13
1308 2274 1317 2292 ,
1335 2247 1458 2293 quibus
1474 2248 1561 2283 adde
1573 2248 1727 2284 Schutzii

1056 2299 1196 2334 Excurs.
1214 2299 1276 2334 IV.
1301 2300 1353 2334 Ibi
1372 2312 1511 2345 quoque
1528 2301 1630 2334 Nilus
1647 2300 1727 2334 finis

1056 2364 1218 2386 errorum
1233 2364 1242 2393 ;
1270 2351 1330 2385 ubi
1353 2351 1449 2385 enim
1476 2363 1517 2385 ex
1549 2351 1728 2397 AEthiopia

1059 2403 1244 2437 Canobum
1266 2402 1383 2445 venit,
1409 2402 1553 2448 pristina
1568 2404 1681 2438 forma
1698 2404 1731 2438 ei

1056 2454 1224 2489 redditur.
1245 2472 1289 2481 ·—
1306 2453 1338 2487 A
1356 2453 1578 2489 Phoenicibus
1593 2463 1729 2501 raptam

1056 2518 1096 2539 ex
1120 2504 1221 2549 Argis
1240 2505 1280 2538 Io
1296 2504 1413 2539 scribit
1431 2504 1633 2540 Herodotus
1649 2532 1658 2548 ,
1691 2506 1730 2540 in

1058 2554 1133 2588 Clio
1148 2581 1157 2598 ‚
1184 2568 1247 2600 per
1270 2555 1410 2589 initium
1434 2555 1532 2599 libri,
1567 2562 1602 2591 et
1626 2557 1667 2590 ab
1692 2557 1732 2591 iis

1056 2605 1093 2640 in
1105 2606 1298 2654 AEgyptum
1315 2606 1542 2652 deportatam.
1555 2607 1607 2642 lbi
1617 2607 1727 2651 aiunt,

1058 2670 1165 2702 quum
1179 2658 1360 2706 AEgyptios
1369 2658 1478 2693 multa
1488 2670 1579 2693 nova
1589 2658 1730 2693 inventa

1058 2708 1248 2751 docuisset,
1277 2709 1345 2755 Api
1370 2710 1442 2756 regi
1473 2709 1637 2754 nupsisse.
1661 2711 1727 2751 Ed.
