1832 3100
250 274 338 330 454

623 279 675 320 Ρ.
713 277 949 324 OVIDII
981 281 1283 327 NASONIS

249 369 313 415 Ut
334 369 524 434 primum
549 370 690 418 soceri
715 370 814 420 data
831 373 982 438 copia,
1009 373 1181 422 dextera
1205 374 1363 424 dextrae

246 446 274 491 J
280 446 485 508 ungitur3
513 459 556 495 et
577 446 722 497 fausto
749 450 1039 498 committitur
1063 452 1206 500 omine
1229 471 1383 501 sermo.

247 523 471 589 Coeperat,
497 523 709 573 adventus
731 544 903 574 causam
917 564 929 584 ,
955 528 1159 577 mandata
1175 529 1333 579 referre

248 598 488 664 Conjugis;
516 613 559 649 et
583 600 742 650 celeres
766 603 908 650 missae
930 603 1148 669 spondere
1169 623 1371 660 recursus
1391 625 1401 653 ε

246 675 360 724 Ecce
383 678 502 725 venit
520 697 680 742 magno
706 678 825 728 dives
849 679 1091 729 Philomela
1111 693 1291 748 paratu3

246 754 440 802 Divitior
458 755 599 804 forma
620 776 630 803 ε
656 755 807 822 quales
828 757 977 806 audire
1003 757 1192 806 solemus

241 832 405 880 Naidas
431 844 474 880 et
497 833 695 899 Dryadas
718 833 874 882 mediis
897 834 1096 890 incedere
1118 835 1262 894 silvis,

238 909 286 956 Si
306 909 441 956 modo
468 909 542 958 des
564 909 651 958 illis
679 910 824 959 cultus
846 912 1095 979 similesque
1117 925 1311 979 paratus.

240 986 344 1032 Non
367 1004 490 1033 secus
513 987 672 1034 exarsit
696 999 929 1053 conspecta
953 989 1120 1050 virgine
1141 990 1306 1036 Tereus
1322 1026 1334 1046 ‚

241 1062 387 1124 Quam
408 1063 444 1110 si
467 1062 567 1128 quis
594 1063 714 1111 canis
736 1064 882 1125 ignem
906 1075 1130 1130 supponat
1152 1064 1319 1121 aristis;

238 1140 331 1187 Aut
351 1139 574 1197 frondem,
601 1140 859 1207 positasque
883 1151 1044 1191 cremet
1065 1140 1295 1198 foenilibus
1318 1139 1492 1199 herbas.

239 1216 385 1279 Digna
411 1216 588 1282 quidem
612 1217 744 1266 facies
763 1237 773 1265 ε
798 1218 875 1267 sed
896 1230 940 1266 et
960 1218 1078 1266 hunc
1096 1218 1244 1267 innata
1265 1216 1406 1266 libido

236 1294 527 1352 Exstimulat3
553 1314 834 1363 pronumque
857 1315 993 1360 genus
1017 1296 1275 1360 regionibus
1299 1294 1387 1351 illis

237 1373 289 1419 In
313 1373 527 1421 Venerem
552 1384 619 1421 est
641 1393 650 1421 :
674 1373 828 1436 flagrat
850 1367 959 1432 vitio
984 1374 1215 1440 gentisque
1238 1391 1422 1440 suoque.

1585 1386 1651 1431 460

234 1451 431 1515 Impetus
455 1462 522 1498 est
543 1450 609 1497 illi
626 1487 637 1508 ‚
665 1450 876 1499 comitum
902 1471 1183 1518 corrumpere
1209 1469 1354 1503 curam
1369 1487 1380 1508 ‚

278 1586 349 1628 447.
368 1585 576 1618 Soceridata
589 1588 694 1627 copia.
715 1586 757 1619 In
775 1584 905 1620 Codice

233 1635 343 1680 Regio
362 1634 394 1669 A
408 1660 417 1678 ,
438 1641 515 1680 post
535 1639 646 1669 soceri
665 1636 829 1670 inseritur
846 1641 907 1670 esl.

232 1705 274 1712 —-
299 1688 349 1720 Et
359 1686 481 1730 sauslo
506 1687 732 1722 Burmannus
759 1701 777 1721 e
799 1688 906 1722 MSS.

232 1738 328 1773 dedit
343 1751 408 1784 pro
425 1737 594 1783 infausto,
613 1738 707 1784 quod
723 1739 806 1773 olim
821 1738 907 1773 ede-

232 1792 344 1825 batur.
359 1809 403 1817 -
418 1790 540 1825 Codex
554 1790 586 1825 A
599 1816 608 1834 ,
632 1791 803 1835 infaustas
826 1790 908 1825 Co—

229 1843 293 1877 dex
305 1844 335 1877 Β
347 1869 356 1886 ,
374 1847 409 1877 et
407 1843 530 1887 fausto
538 1854 549 1884 ‚·
562 1850 752 1888 utrumque
763 1842 905 1883 defendi

229 1901 352 1939 potest.
363 1896 428 1928 Ed.
437 1913 480 1920 —-
490 1897 617 1929 Fausto
625 1897 746 1929 omine.
759 1908 776 1924 «
790 1893 906 1938 Quale

230 1945 263 1979 id
283 1958 388 1979 omen
405 1945 510 1980 suerit
524 1971 533 1989 ,
559 1952 618 1979 aut
634 1944 728 1978 unde
744 1951 883 1990 captum
897 1971 906 1988 ,

231 2009 302 2031 non
319 1997 415 2031 addit
431 1998 568 2031 Noster.
581 1996 651 2031 Sed
661 1995 823 2030 credibile
834 2004 906 2039 est,

232 2050 345 2083 Terea
354 2048 575 2095 blandissima
586 2048 690 2082 verba
703 2047 882 2092 protulisse
896 2061 904 2088 ;

230 2101 323 2147 quod
337 2109 371 2136 et
383 2101 582 2134 dextrarum
593 2100 796 2144 conjunctio
808 2127 817 2143 ‚
830 2113 906 2145 quae

231 2150 358 2198 optimi
378 2151 504 2186 ominis
520 2158 614 2194 erat,
635 2150 774 2185 indicat.
798 2151 905 2187 Non—

230 2203 315 2237 dum
339 2203 435 2237 enim
459 2201 586 2247 aliquid
611 2202 748 2236 sceleris
772 2202 906 2237 Tereus

231 2254 485 2295 meditabatur;
510 2260 628 2300 postea
644 2253 786 2288 demum
799 2281 809 2298 ‚
836 2255 906 2289 visa

231 2305 425 2340 Philomela
438 2330 447 2348 ,
464 2304 501 2339 in
520 2304 594 2348 ejus
612 2316 769 2338 amorem
782 2304 906 2338 incen-

229 2370 285 2392 sus
308 2363 368 2391 est.
396 2370 413 2386 υ
445 2355 504 2390 Sic
534 2356 770 2391 Burmannus.
798 2355 903 2390 Forte

230 2423 322 2443 omen
344 2409 400 2443 hic
420 2420 484 2454 pro
503 2408 670 2453 precibus.
699 2407 815 2442 Livius
828 2433 837 2451 ,
866 2407 903 2441 in

228 2462 430 2507 praesatione
442 2487 451 2505 ,
471 2462 552 2496 Cum
563 2463 657 2495 bonis
668 2463 831 2495 ominibus
842 2474 905 2494 vo-

229 2518 334 2559 tisque
347 2517 500 2558 incipere.

273 2567 347 2608 451.
363 2567 502 2606 Patala,
518 2572 663 2609 ornatu,
680 2573 718 2599 ut
734 2566 800 2608 IV,
817 2565 875 2611 751
891 2592 901 2609 ‚

228 2629 317 2651 nove
326 2617 667 2658 dictum.-—·D1‘vt'tz'or,
673 2617 903 2652 excellentior.

230 2672 435 2711 —Incedere‚
449 2671 492 2706 de
505 2672 561 2714 iis,
575 2672 723 2717 quicum
736 2671 902 2716 dignitate

227 2721 378 2767 quadam
401 2730 460 2756 aut
481 2724 659 2767 majestate
689 2731 773 2758 eunt
799 2731 901 2768 atque

227 2774 341 2809 oculos
365 2773 549 2808 hominum
568 2775 604 2808 in
623 2789 657 2809 se
683 2782 901 2809 convertunt.

973 1586 1053 1620 Vid.
1066 1586 1298 1624 Schwartzius
1313 1613 1322 1630 ,
1342 1586 1384 1622 ad
1397 1586 1503 1629 Plinii
1519 1587 1647 1632 Paneg.

972 1638 1023 1680 46.
1033 1655 1076 1662 —-
1090 1638 1175 1671 Mox
1191 1639 1419 1673 Burmannus
1430 1652 1499 1681 ,ex
1519 1634 1648 1674 Codice

971 1688 1133 1731 Leidensi
1144 1715 1153 1732 ,
1171 1692 1233 1724 illi.
1251 1690 1300 1724 At
1314 1689 1474 1735 Dryades
1489 1702 1563 1727 non
1579 1702 1648 1734 pa·-

970 1748 1048 1777 ratu
1082 1741 1324 1778 memorabiles
1351 1748 1442 1783 sunu
1475 1742 1647 1776 Revocavi

971 1805 1054 1837 ergo
1072 1795 1152 1827 illis.
1180 1792 1313 1828 Confer
1330 1793 1346 1828 I
1361 1819 1371 1836 ,
1396 1793 1460 1839 695
1479 1804 1553 1837 sqq.
1572 1793 1648 1827 Ve-

970 1843 1186 1880 hementiam
1201 1844 1329 1882 amoris
1347 1843 1474 1889 duplici
1486 1843 1649 1885 similitu·-

973 1895 1055 1931 dine
1081 1896 1252 1935 illustrare
1278 1895 1407 1938 voluit;
1436 1895 1498 1938 sed
1523 1903 1650 1937 neutra

971 1947 1101 1991 placet,
1120 1947 1199 1992 quia
1215 1947 1312 1992 ignes
1331 1946 1379 1986 illi
1397 1954 1432 1981 et
1449 1959 1549 1990 amor
1564 1954 1646 1982 sunt

971 2011 1026 2032 res
1043 1998 1290 2042 diversissimae.
1307 1997 1402 2041 Cum
1416 1998 1530 2043 priore
1547 1999 1622 2034 esd
1635 2023 1644 2041 ,

971 2051 1045 2097 492.
1062 2069 1105 2075 —-
1123 2052 1242 2094 Canis,
1265 2057 1306 2090 ut
1322 2051 1358 2093 Ι,
1380 2062 1452 2085 110.
1467 2067 1511 2076 —-·
1529 2051 1648 2092 [ΛΕ-ὥσ

965 2104 1085 2144 posite
1104 2101 1283 2144 senilibus
1312 2113 1412 2145 mera
1440 2099 1646 2146 periphrasis

970 2152 1103 2187 soenilis.
1596 2182 1599 2184 .

1014 2204 1087 2247 458.
1098 2205 1213 2248 Digna
1222 2230 1230 2244 ‚
1244 2203 1370 2239 scilicet
1382 2229 1391 2247 ,
1405 2202 1464 2238 tali
1475 2210 1643 2249 tantoque

971 2267 1099 2290 amore.
1115 2272 1159 2280 —-
1174 2255 1243 2288 Sed
1253 2248 1402 2289 elbunc.
1417 2255 1643 2295 Burmannus

970 2306 1067 2340 malit
1073 2308 1137 2341 sed
1144 2308 1194 2347 ad
1203 2307 1266 2340 hoc
1277 2332 1285 2347 ,
1314 2305 1349 2340 id
1363 2312 1414 2341 est
1426 2324 1447 2348 ρ
1455 2312 1622 2351 praeterea
1631 2332 1641 2350 ‚

969 2366 1004 2397 et
1020 2365 1096 2404 post
1118 2360 1272 2398 Venerem
1286 2358 1379 2397 delet
1393 2359 1618 2393 esa—Genus
1627 2386 1636 2400 ,

968 2411 1095 2450 scilicet
1103 2438 1113 2455 ,
1130 2411 1326 2455 humanum
1336 2436 1346 2454 ,
1360 2410 1516 2456 populus.
1527 2410 1643 2446 Thra-

969 2476 1024 2498 ces
1040 2470 1158 2500 autem
1175 2469 1210 2498 et
1226 2463 1397 2498 vinolenti
1421 2469 1457 2498 et
1476 2463 1642 2508 proclives

968 2514 1005 2558 in
1024 2514 1213 2549 Venerem.
1239 2515 1455 2553 Immoratur
1470 2514 1578 2549 causis
1593 2514 1641 2548 il·-

967 2567 1032 2602 lius
1048 2568 1187 2611 suroris,
1203 2569 1281 2612 quia
1296 2568 1378 2602 inde
1391 2567 1639 2609 atrocissimum

967 2620 1107 2668 facinus.
1127 2621 1212 2654 Mox
1225 2620 1294 2655 vim
1310 2620 1436 2661 suroris
1447 2619 1567 2660 sedulo
1580 2631 1640 2653 no-

968 2679 1037 2715 tat,
1055 2679 1127 2706 tam
1143 2672 1319 2707 internam
1331 2697 1340 2715 ‚
1359 2684 1465 2716 quaxn
1483 2683 1520 2706 se
1536 2682 1638 2704 exse-

966 2724 1074 2758 rentis
1092 2723 1239 2758 Athenis
1255 2731 1290 2758 et
1308 2723 1344 2758 in
1360 2724 1494 2758 itinere.

1010 2776 1084 2817 461.
1111 2777 1272 2810 Comitum
1298 2788 1411 2810 curam
1439 2776 1637 2818 nutricisque
