1832 3100
248 256 306 301 36
832 254 1071 303 SERIES

242 362 508 408 temnentes,
534 350 644 417 ipsis
678 350 836 399 diebus
872 351 996 400 festis
1030 351 1222 400 lanificio
1262 371 1441 419 operam
1471 351 1666 414 dabant,

242 451 443 499 opusque
457 431 660 480 levabant
678 432 852 481 fabellis
866 432 1142 492 enarrandis,
1161 434 1213 482 de
1232 434 1412 504 Pyramo
1424 447 1467 484 et
1483 436 1657 493 Thisbe,

244 533 433 581 quorum
468 514 681 577 sanguine
721 515 842 562 mon‘s
875 515 989 580 niger
1023 514 1146 563 color
1179 514 1382 574 additus,
1422 517 1474 565 de
1497 515 1596 566 Sole
1614 518 1662 566 in

240 595 503 666 Eurynomen
527 614 653 644 verso
667 633 678 653 ,
706 607 757 643 ut
779 614 877 643 cum
900 596 1150 645 Leucothee
1176 598 1509 658 concumberet,
1532 618 1666 666 quam-

241 679 302 726 ob
325 697 417 726 rem
443 677 576 748 Clytie
595 676 795 743 zelotypa
818 677 865 724 in
890 676 1166 745 heliotropium
1180 691 1372 738 mutata,
1394 679 1584 747 denique
1609 681 1662 729 de

243 759 590 826 Hermaphrodito
611 771 654 807 et
678 759 909 808 Salmacide
926 760 972 807 in
996 780 1116 808 unum
1135 779 1278 827 corpus
1301 764 1530 812 concretis.
1556 764 1662 828 Quo

241 843 357 891 facto
379 861 553 890 sorores
572 842 678 908 ipsae
702 842 749 889 in
773 842 1091 908 vespertiliones,
1115 862 1351 910 earumque
1368 844 1463 893 telae
1477 845 1525 893 in
1541 846 1663 894 vitem

247 924 565 973 transformatae
590 935 707 972 sunt.
731 925 826 972 Hac
847 924 899 972 de
917 943 962 972 re
983 943 1120 990 quum
1144 925 1228 973 Ino
1249 925 1492 985 laetaretur,
1516 928 1661 986 Juno,

241 1018 286 1055 et
299 1006 502 1054 invidens
522 1017 566 1053 et
583 1005 841 1068 indignans,
867 1006 1044 1054 Furiam
1062 1006 1102 1054 ei
1119 1006 1305 1055 immisit
1318 1045 1331 1066 ,
1354 1008 1480 1073 cujus
1497 1027 1664 1058 veneno

243 1090 291 1138 in
314 1088 531 1137 insaniam
553 1106 677 1136 versa
702 1107 802 1135 cum
826 1087 1043 1135 Melicerta
1071 1087 1164 1135 filio
1201 1089 1248 1136 in
1282 1108 1398 1137 mare
1427 1089 1662 1156 prosiluit;

241 1171 316 1220 sed
331 1209 342 1229 ‚
359 1172 531 1223 Venene
547 1169 843 1218 intercedente
853 1206 864 1227 ‚
883 1169 1015 1217 ambo
1029 1168 1134 1218 facti
1147 1181 1252 1217 sunt
1265 1170 1513 1219 Diimarini.
1535 1170 1663 1234 Quos

239 1253 346 1300 dum
364 1253 522 1300 comites
540 1251 727 1299 Sidonioe
742 1270 825 1317 pro
843 1250 1032 1298 mortuis
1055 1250 1310 1317 deplorant,
1332 1252 1380 1299 in
1398 1270 1504 1300 saxa
1523 1264 1569 1300 et
1585 1271 1664 1301 vo-

238 1335 369 1383 lucres
379 1345 620 1382 mutantur.
643 1332 825 1381 Cadmus
839 1351 1031 1398 quoque,
1046 1332 1127 1381 hac
1140 1332 1384 1382 calamitate
1400 1346 1660 1391 commotus,

239 1417 404 1466 relictis
427 1416 597 1465 Thebis
614 1453 626 1473 ‚
651 1415 698 1463 in
721 1414 916 1482 Illyriam
939 1434 1038 1463 cum
1062 1435 1199 1464 uxore
1222 1415 1447 1482 profectus
1471 1428 1557 1475 est,
1583 1417 1665 1465 ubi

237 1512 425 1566 uterque
448 1497 1081 1564 anguineamfhrmam·accepit.
1107 1496 1242 1546 Solus
1265 1516 1370 1560 ergo
1396 1499 1591 1546 restabat
1609 1499 1663 1547 de

238 1582 403 1631 Bacchi
419 1579 773 1631 contemtoribus
794 1579 986 1628 Acrisius
1001 1618 1013 1635 ,
1041 1598 1147 1627 avus
1165 1578 1334 1636 Persei,
1363 1579 1440 1646 qui
1463 1579 1664 1646 Gorgonis

243 1676 376 1731 caput
407 1662 689 1729 amputavit‚·
716 1680 739 1709 e
766 1661 890 1726 cujus
918 1660 1150 1723 sanguine,
1188 1659 1395 1723 guttatim
1424 1660 1473 1708 in
1503 1669 1662 1711 terram

244 1746 422 1812 delapso
440 1782 452 1803 ,
494 1762 644 1810 angues
672 1742 815 1791 exorti
848 1753 984 1800 sunt3
1031 1753 1076 1790 et
1108 1741 1328 1791 Atlantem
1360 1741 1662 1800 inmotum,

241 1829 456 1895 virgasque
472 1837 578 1893 post
595 1824 925 1873 Andromedam
941 1823 1172 1872 liberatam
1191 1823 1239 1871 in
1253 1823 1404 1872 coralia
1423 1825 1661 1891 convertit»,

242 1908 572 1960 Andromedam
595 1918 739 1955 autem
764 1925 946 1954 uxorem
965 1905 1112 1953 duxit!

302 2017 405 2064 LIB.
423 2015 478 2060 V.
517 2014 633 2061 Orto
660 2011 816 2059 deinde
840 2011 886 2058 in
901 2010 1073 2076 nuptiis
1092 2009 1310 2069 tumultu,
1329 2009 1556 2067 Phineum,
1584 2011 1662 2077 qui

245 2115 456 2164 sponsam
481 2094 569 2142 sibi
586 2093 857 2148 vindicabat,
884 2110 984 2140 cum
1003 2091 1094 2140 suis
1107 2129 1119 2150 ,
1146 2103 1190 2139 et
1202 2110 1307 2140 mox
1324 2091 1454 2140 etiam
1473 2091 1662 2140 Pretium

242 2193 287 2229 et
309 2178 553 2249 Polydecten
588 2194 738 2224 saxeos
762 2174 921 2222 reddit.
954 2175 1070 2222 Tum
1106 2174 1281 2231 Pallas,
1318 2193 1414 2240 quae
1448 2174 1662 2225 hactenus

243 2261 393 2311 Persei
411 2277 558 2308 comcs
576 2257 718 2305 fuerat
732 2293 743 2313 ‚
769 2275 821 2304 eo
843 2254 1019 2313 relicto,
1045 2255 1092 2303 in
1111 2255 1373 2304 Heliconem
1395 2275 1440 2304 se
1465 2255 1660 2313 confert,

244 2356 297 2393 ut
318 2343 604 2408 Htjapocrenen
627 2338 846 2404 inspiciat.
873 2337 945 2384 Ibi
967 2348 1148 2384 narrant
1171 2338 1212 2385 ei
1230 2339 1370 2385 Musae
1394 2336 1447 2385 de
1477 2336 1662 2407 Pyrenea

242 2438 288 2474 et
308 2423 537 2473 Pten'dibus
558 2422 606 2468 in
622 2420 737 2485 picas
759 2418 981 2466 conversis
995 2455 1006 2475 ,
1033 2429 1271 2484 postquam
1295 2429 1426 2467 cantu
1449 2417 1658 2467 instituto

245 2506 351 2554 hinc
374 2505 426 2552 de
443 2503 574 2551 variis
590 2502 778 2550 Deorum
794 2498 1210 2564 tranfinnationibus
1227 2498 1507 2557 inanimalia,
1532 2498 1656 2548 illinc

245 2587 299 2636 de
322 2596 441 2652 raptu
469 2582 731 2657 Proserpina*
746 2620 758 2637 ,
797 2581 849 2629 de
883 2579 1040 2628 Cereris
1073 2580 1295 2637 erroribus,
1335 2580 1387 2628 de
1426 2579 1584 2651 &anes
1613 2581 1667 2630 in

227 2669 403 2736 fontem,
415 2666 539 2733 pueri
553 2662 780 2729 cujusdam
801 2662 848 2709 in
869 2661 1104 2717 stellionem,
1127 2661 1367 2727 Ascalaphi
1383 2661 1431 2709 in
1446 2661 1655 2717 bubonem,

241 2750 427 2801 Sirenum
438 2788 459 2816 ³,
474 2745 787 2812 Proserpinam
807 2743 1178 2811 quaerentium‚.in
1195 2762 1285 2792 aves
1307 2762 1359 2792 ex
1377 2753 1523 2809 parte,
1541 2744 1593 2793 A
1595 2761 1659 2791 re·-
