1832 3100
379 193 1063 242 METAMORPHOSEON
1095 195 1225 239 LIB.
1261 197 1334 241 II.

1483 209 1570 256 ²07

148 294 252 343 Non
273 308 400 341 secus
423 287 605 347 exarsit,
631 306 764 354 quam
786 306 924 354 quum
946 286 1163 336 balearica
1184 287 1419 354 plumbum

148 369 306 420 Funda
322 367 430 436 jacit
450 387 461 416 :
482 365 601 416 volat
619 364 756 426 illud,
782 377 826 414 et
848 364 1119 414 incandescit
1143 365 1316 424 eundo,

147 437 234 507 Et‘,
257 465 372 515 quos
394 464 489 494 non
510 444 696 503 habuit,
722 444 807 493 sub
830 442 1032 492 nubibus
1055 442 1224 491 invenit
1245 443 1384 506 ignes.

146 525 296 576 Vertit
318 524 424 582 iter;
450 521 647 590 caeloque
670 522 784 589 petit
807 520 977 570 diversa
1002 519 1186 579 relicto;

1518 538 1584 583 730

147 605 240 654 Nec
265 621 310 652 se
336 599 617 650 dissimulat:
643 612 767 650 tanta
789 612 857 649 est
872 599 1034 648 fiducia
1056 598 1236 647 formae!

148 670 263 746 Quin
288 697 541 746 quanquam
562 678 683 744 justa
708 689 800 737 est,
827 697 931 728 cura
955 689 1101 727 tamen
1125 676 1302 743 adjuvat
1321 676 1472 735 illam;

148 755 488 824 Permulcetque
507 774 678 815 comas;
704 755 1092 824 chlamydemque,
1118 767 1170 804 ut
1193 754 1384 822 pendeat
1407 767 1508 822 apte
1523 793 1535 814 ,

151 835 378 894 Collocat;
404 846 456 901 ut
479 833 668 893 limbus,
695 846 931 902 totumque
954 833 1162 901 adpareat
1186 853 1370 892 aurum;

148 917 214 965 Ut
237 925 351 963 teres
373 913 422 961 in
445 911 598 961 dextra
612 949 624 972 ,
652 932 738 979 qua
762 931 945 961 somnos
968 912 1111 971 ducit,
1139 923 1183 961 et
1204 923 1343 968 arcet,

1521 927 1587 972 735

155 992 295 1056 Virga
317 991 396 1050 sit,
420 1002 473 1040 ut
496 991 626 1040 tersis
648 990 820 1040 niteant
842 989 994 1039 talaria
1014 989 1195 1057 plantis.

150 1071 263 1120 Pars
288 1081 454 1118 secreta
477 1068 637 1118 domus
659 1068 792 1118 ebore
813 1080 859 1118 et
881 1067 1105 1118 testudine
1125 1066 1271 1117 cultos

198 1211 274 1244 727.
300 1197 495 1232 Balearica.
512 1195 716 1232 Similitudo
733 1196 837 1243 paulo

153 1248 255 1285 altius
265 1248 414 1295 repetita
423 1275 434 1293 ,
445 1261 512 1284 nec
522 1248 610 1285 adeo
621 1261 836 1296 magnopere

154 1302 345 1350 probanda.
368 1302 544 1338 Eamdem
568 1302 606 1337 in
632 1302 735 1338 aliam
759 1311 844 1338 rem·

155 1356 353 1401 transtulit,
367 1356 472 1400 XIV,
490 1357 564 1391 825.
580 1354 675 1391 Cum
692 1355 763 1391 aliis
778 1369 838 1391 re-
857 1368 867 1373 ·

155 1407 220 1443 bus
244 1408 375 1443 amoris
402 1407 493 1454 ignis
518 1414 766 1454 comparatur,
794 1407 835 1452 1,

155 1462 322 1509 492-494.
329 1477 373 1487 —
380 1461 565 1495 Balearica
574 1472 586 1503 ‚·
601 1460 756 1506 plurimi,
765 1462 839 1494 Ba-

154 1514 279 1556 leare'a5
293 1511 355 1548 sed
370 1512 484 1547 nostri
494 1512 596 1558 Regii
608 1538 617 1556 ,
630 1513 816 1547 Balearica
828 1525 838 1546 .-

156 1577 227 1611 qua
252 1564 455 1600 Balearium
482 1564 678 1600 insularum
714 1563 838 1600 incolae

155 1612 306 1652 maxime
330 1622 492 1651 utuntur.
525 1615 689 1651 Baleares
717 1623 838 1651 autem

152 1667 276 1704 insula
286 1673 370 1703 sunt
378 1667 470 1711 duae,
480 1666 660 1714 Hispaniae
677 1666 839 1713 adjacen—

154 1727 216 1762 tes,
225 1732 376 1767 quarum
386 1719 509 1755 incolae
517 1719 641 1766 optimi
650 1727 752 1755 erant
763 1721 839 1755 sun-

154 1772 297 1816 ditores;
306 1771 412 1808 hodie
419 1772 579 1818 Majorca
587 1779 623 1807 et
630 1773 842 1808 Mamm.—

153 1826 330 1862 Plumbum
342 1854 351 1869 ,
378 1826 581 1873 plumbeam
596 1826 713 1872 pilam.
730 1827 797 1861 Ed.

200 1877 276 1925 730.
294 1879 460 1920 Diversa,
490 1877 647 1924 opposita
659 1903 669 1922 ,
692 1884 841 1913 contra-

156 1929 208 1966 ria
218 1956 229 1975 ,
244 1929 280 1966 h.
290 1929 312 1965 l.
329 1937 434 1966 terra.
442 1947 488 1958 —
497 1931 569 1965 Nec
581 1942 619 1964 se
626 1932 839 1972 dissimulat,

156 1994 232 2018 non
250 1981 353 2018 aliam
371 1981 525 2016 sormam
542 1981 650 2016 sumit
669 1994 677 2016 ι
694 1980 774 2015 vide
798 1980 843 2015 ad

126 2044 129 2046 ’
158 2034 233 2081 374.
249 2034 384 2069 Merito
398 2033 476 2068 fidit
481 2033 626 2078 sormoe,
655 2032 788 2068 etenim
808 2039 845 2068 et

158 2086 304 2133 pulchra
329 2093 366 2122 et
382 2086 545 2132 juvenilis
562 2086 593 2120 ei
611 2086 843 2120 tribuebatur.

158 2157 204 2166 -
223 2140 346 2183 Justa,
364 2138 520 2184 pulchra.
538 2137 717 2172 Schirach.
737 2150 844 2172 com-

160 2200 260 2240 parat
275 2192 480 2239 Francogal.
495 2194 616 2227 adroil.
631 2208 676 2216 —
689 2192 842 2232 lustum,

161 2245 332 2292 quidquid
349 2245 386 2279 in
406 2257 470 2280 suo
495 2257 623 2290 genere
649 2244 845 2290 perfectum

161 2305 226 2342 est,
237 2305 273 2333 et
289 2297 454 2332 omnibus
468 2296 626 2331 numeris
638 2295 846 2331 absolutum.

163 2349 222 2386 Sic
223 2350 325 2396 justa
332 2354 474 2390 statura,
478 2350 599 2394 justus
606 2352 772 2384 exercilus
780 2356 846 2383 etc.

162 2420 207 2428 ·-
224 2403 314 2438 Cura
331 2401 476 2448 ponitur
498 2401 541 2436 de
559 2402 657 2436 cultu
669 2427 679 2446 ,
697 2400 846 2446 capillo-

163 2468 247 2491 rum
259 2456 297 2490 in
314 2455 445 2502 primis.
462 2455 601 2490 Phaedr.
613 2456 649 2491 11
664 2481 674 2500 ,
694 2454 776 2489 Fab.
793 2465 823 2488 11
834 2480 845 2498 ‚

164 2508 184 2542 8
198 2522 207 2543 :
224 2508 329 2553 Fingt'
336 2521 418 2543 cura
432 2511 613 2543 mulierum.
631 2507 713 2542 Vid.
730 2508 847 2543 Bentl.

165 2561 210 2596 ad
232 2561 359 2597 Horat.
380 2561 419 2606 Ι,
445 2561 553 2607 Epist.
572 2562 612 2606 I,
635 2563 687 2610 94.
720 2562 847 2596 Facete

164 2620 285 2648 autem
301 2612 393 2648 hanc
409 2626 531 2648 curam
541 2614 612 2659 jam
622 2612 848 2649 describit.—

166 2667 368 2714 Cblamydes
376 2665 538 2712 cingebat
552 2668 684 2706 limbus,
701 2667 755 2701 vel
765 2680 849 2712 pur-

156 2733 311 2766 pureus,
336 2720 415 2764 vel,
440 2721 466 2755 si
488 2721 560 2766 ipsa
580 2733 757 2766 purpurea
784 2733 847 2754 es·-

903 1202 976 1240 set,
991 1208 1117 1231 aureus
1129 1202 1189 1231 aut
1202 1194 1314 1241 pictus
1331 1201 1367 1230 et
1381 1194 1587 1241 variegatus.

906 1247 1096 1296 chlamydi
1114 1247 1176 1294 ipsi
1190 1260 1299 1282 aurcoe
1313 1247 1435 1293 figurae
1448 1248 1587 1283 intexe—

903 1301 1044 1336 bantur.
1068 1299 1192 1346 virgil.
1218 1299 1364 1335 AEneid.
1391 1299 1470 1343 IV,
1499 1301 1588 1347 1373

904 1351 939 1385 V
950 1378 960 1396 ,
990 1354 1054 1387 250
1069 1365 1142 1397 sqq.
1163 1351 1359 1396 Quomodo
1376 1357 1496 1386 autem
1513 1352 1587 1387 col-

901 1404 1013 1439 locata
1035 1404 1080 1439 sit
1107 1403 1283 1451 chlamys,
1310 1410 1350 1438 ut
1374 1404 1411 1438 in
1439 1403 1590 1440 humero

902 1458 1047 1494 dextero
1072 1458 1260 1493 constricta
1291 1458 1472 1493 sinistrum
1499 1459 1589 1494 bra-

903 1510 1024 1546 chium
1050 1517 1209 1558 tegeret,
1238 1510 1317 1546 vide
1341 1511 1379 1545 in
1409 1511 1591 1547 Winkel-

902 1563 1027 1598 manni
1045 1563 1094 1598 H.
1113 1563 1156 1598 A.
1175 1576 1207 1609 p.
1224 1562 1300 1597 306.
1325 1580 1369 1591 --
1398 1564 1591 1609 Totumque.

904 1616 1051 1663 Regius,
1058 1620 1256 1662 textumque.
1265 1615 1427 1652 Klotzius
1436 1616 1477 1651 ad
1489 1615 1593 1665 Tyrt.

904 1683 937 1717 p.
975 1682 1035 1704 102
1050 1696 1060 1714 ‚
1093 1668 1219 1704 suadet
1245 1674 1438 1715 (ortumque.
1471 1670 1593 1705 Nostri

906 1722 1008 1768 Regii
1017 1721 1049 1756 A
1059 1728 1094 1758 et
1101 1722 1131 1756 B
1142 1749 1151 1767 ,
1165 1726 1364 1767 textumque,
1374 1721 1469 1767 quod
1480 1723 1594 1757 multo

906 1774 1100 1821 elegantius
1117 1774 1217 1809 nobis
1234 1773 1384 1809 videtur.
1403 1776 1468 1809 Ed.
1479 1793 1523 1801 ·—
1541 1775 1596 1810 Ex

906 1828 1098 1875 posteriore
1106 1828 1183 1863 loco
1194 1828 1301 1874 possis
1311 1835 1346 1862 et
1355 1832 1475 1862 tortum
1487 1828 1594 1872 tueri,

908 1881 1002 1927 quod
1022 1880 1184 1925 Klotzius
1198 1907 1207 1924 ,
1224 1880 1320 1915 nulla
1346 1887 1465 1915 tamen
1491 1893 1594 1916 causa

908 1935 1025 1970 addita
1039 1961 1048 1979 ,
1074 1934 1189 1970 suasit.
1216 1953 1260 1961 ·-
1280 1935 1356 1978 Qua
1372 1947 1507 1975 soranos
1529 1943 1596 1972 etc.

907 1987 987 2022 vide
1006 1986 1049 2022 ad
1069 1987 1086 2022 Ι
1101 2014 1110 2031 ,
1134 1987 1194 2034 671
1214 2014 1223 2031 ,
1253 1988 1368 2028 ducit,
1396 1987 1548 2025 adducit.

955 2038 1029 2085 737.
1056 2040 1145 2073 Pars
1175 2043 1304 2073 secreta
1329 2042 1457 2074 domus.
1488 2039 1597 2086 Apud

909 2090 1050 2127 Graecos
1068 2092 1233 2127 mulieres
1243 2093 1279 2127 in
1291 2098 1421 2128 secreta
1429 2106 1491 2128 seu
1502 2094 1597 2130 inte-

909 2143 1003 2179 riore
1030 2143 1160 2179 aedium
1180 2151 1276 2191 parte
1299 2144 1489 2189 sedebant,
1518 2159 1597 2192 quae

910 2196 1137 2244 gynaeconitis
1166 2197 1413 2243 appellabatur.
1450 2196 1596 2234 Cornel-

911 2249 1000 2295 Nep.
1016 2249 1111 2295 praes.
1136 2249 1291 2296 Singulae
1316 2249 1492 2284 habebant
1516 2264 1597 2292 suos

911 2304 1081 2337 thalamos
1097 2315 1158 2337 seu
1170 2302 1346 2346 cubicula,
1366 2316 1517 2348 quorum
1531 2317 1596 2349 pa-

911 2355 1017 2390 rietes
1041 2361 1076 2389 et
1098 2355 1189 2390 sores
1213 2354 1379 2401 distingui
1400 2355 1484 2389 olim
1504 2356 1598 2391 sole-

912 2407 997 2443 bant
1023 2407 1138 2442 tinctis
1170 2407 1375 2442 animalium
1402 2409 1567 2444 cornibus
1584 2436 1596 2454 ,

911 2463 1008 2496 ebore
1015 2467 1049 2495 et
1059 2463 1261 2495 testudinum
1270 2461 1494 2507 tegminibus,
1505 2463 1599 2498 Plin.

914 2512 1008 2548 Hist.
1032 2513 1112 2548 Nat.
1131 2513 1243 2556 XVI,
1261 2515 1313 2556 44.
1343 2514 1438 2559 Virg.
1466 2513 1597 2562 Georg.

915 2565 972 2608 ΙΙ,
991 2564 1055 2608 463
1073 2575 1080 2597 :
1100 2566 1173 2598 Nec
1188 2567 1301 2598 varios
1312 2566 1447 2600 [ahiam
1451 2569 1599 2609 pulchra

914 2618 1081 2649 tesludinc
1101 2620 1227 2659 postes.
1253 2615 1431 2664 Schiraqh.
1459 2620 1541 2652 ebur
1562 2625 1599 2653 et

914 2670 1034 2703 testud.
1044 2666 1106 2702 h.l.
1115 2668 1222 2703 refert
1233 2668 1275 2702 ad
1288 2669 1601 2715 laquearia—Pos-

916 2722 1069 2764 scderat,
1091 2720 1155 2755 sibi
1173 2720 1403 2757 habitandum
1418 2730 1602 2759 sumserat.
