1832 3100
310 89 330 105 Ι

305 196 757 243 METAMORPH
774 197 1005 242 OSEON
1040 199 1106 242 LI
1121 201 1172 243 B.
1206 201 1327 245 VII.

1448 198 1536 260 495

106 294 237 343 Sacra
256 291 391 350 faeit3
413 290 670 357 cultrosque
690 289 738 338 in
763 300 943 353 guttura
966 291 1139 341 velleris
1163 294 1248 341 atri

109 369 302 436 Conjicit
319 389 331 428 ;
350 379 395 418 et
415 366 589 435 patulas
612 366 843 435 perfundit
862 367 1076 430 sanguine
1096 368 1251 416 fossas.

1478 383 1544 429 245

107 449 226 511 Tum
248 460 384 514 super
405 440 640 508 invergens
662 444 823 512 liquidi
845 444 1064 496 carchesia
1084 445 1277 504 Bacchi,

110 526 338 592 AEneaque
358 523 592 587 invergens
610 524 750 591 tepidi
774 523 995 574 carchesia
1015 523 1142 572 lactis
1160 561 1172 582 ‚

109 602 258 652 Verba
277 601 409 652 simul
428 602 606 661 fundit,
630 614 889 670 terrenaque
909 602 1092 651 numina
1112 602 1261 670 poscit
1281 621 1291 661 3

51 723 54 725 Α
110 681 468 749 Umbrarumque
494 693 625 745 rogat
646 692 770 748 rapta
795 700 895 730 cum
918 681 1106 746 conjuge
1129 698 1278 744 regem
1295 718 1307 738 ,

109 761 177 810 Ne
195 768 437 828 properent
459 772 581 809 artus
603 759 746 808 anima
769 758 974 808 fraudare
996 757 1169 808 seniles.

1481 774 1548 808 25o

112 838 243 902 Quos
265 838 345 886 ubi
366 836 556 904 placavit
576 837 898 904 precibusque,
922 848 967 885 et
989 855 1212 885 murmure
1235 834 1372 900 longo
1391 873 1402 893 ‚

112 915 294 965 AEsonis
317 914 515 963 effoetum
534 913 725 981 proferri
747 933 910 981 corpus
933 914 989 963 ad
1011 933 1108 963 aras

112 993 258 1042 Jussit
273 1030 286 1051 ‚
309 1005 354 1042 et
376 992 422 1041 in
445 991 602 1060 plenos
625 991 872 1042 resolutum
890 992 1079 1041 carmine
1100 1011 1283 1042 somnos
1297 1029 1309 1051 ‚

114 1075 319 1133 Exanimi
341 1073 553 1133 similem,
575 1075 726 1124 stratis
741 1075 940 1142 porrexit
960 1075 1008 1122 in
1032 1074 1200 1123 herbis.

116 1157 235 1206 Hinc
247 1156 406 1224 procul
421 1156 690 1215 AEsoniden‚
702 1157 860 1224 procul
874 1157 979 1205 hinc
989 1157 1116 1222 jubet
1130 1157 1194 1206 ire
1208 1157 1460 1215 ministros3
1484 1170 1549 1205 255

117 1241 180 1289 Et
197 1251 351 1289 monet
371 1239 541 1288 arcanis
566 1238 721 1288 oculos
739 1258 960 1289 removere
980 1239 1208 1307 profanos.

118 1323 376 1386 Diffugiunt
391 1323 504 1389 jussi
524 1344 534 1372 :
554 1324 719 1390 sparsis
737 1323 896 1373 Medea
917 1323 1088 1390 capillis

121 1468 362 1515 magalvovea
371 1467 410 1502 in
420 1478 500 1503 eam
510 1478 590 1502 rem
596 1467 689 1502 sacta
695 1479 807 1512 graece

121 1525 229 1572 βόθρος
242 1547 252 1562 ,
273 1521 402 1562 >aimon
428 1520 611 1555 Homerus
623 1546 634 1563 ,
659 1518 732 1555 Od.
748 1526 778 1555 Δ
795 1544 805 1562 ,

123 1575 165 1609 25
181 1584 255 1619 sqq.
269 1586 278 1615 ;
295 1571 411 1618 orph.
422 1572 507 1618 Arg.
518 1573 595 1619 948.
607 1570 714 1617 Apud
730 1572 809 1606 Ho-

123 1632 190 1661 rat.
214 1625 232 1661 1
245 1651 257 1670 ,
275 1624 350 1661 Sat.
375 1635 450 1659 vm
463 1649 474 1666 ,
490 1623 555 1668 25,
577 1621 728 1658 Canidia
746 1636 810 1658 un-

123 1679 248 1725 guibus
254 1677 378 1714 effodit
385 1677 558 1713 scrobem.
568 1675 708 1713 Ibidem
711 1678 812 1721 pulla

121 1744 215 1777 aqna
230 1730 380 1767 offertur
393 1756 403 1775 ,
424 1736 469 1765 ut
484 1729 645 1765 hocloco
662 1755 673 1773 ‚
698 1731 811 1763 vellus

122 1789 253 1827 dmm5
277 1783 425 1828 magicis.
444 1782 543 1819 enim
569 1782 702 1829 legibus
727 1788 811 1816 atrae

124 1836 275 1872 victima
291 1834 490 1871 constitute
508 1841 620 1870 erant.
633 1852 680 1860 -
700 1835 816 1869 Culter

127 1901 239 1936 quum
253 1887 406 1934 adigitur
419 1913 428 1931 ‚
442 1887 584 1932 proprie
598 1885 728 1920 dicitur
737 1898 814 1920 con-

117 1942 210 1987 jici,
235 1946 364 1975 utmox
378 1951 466 1974 vers.
482 1939 549 1974 338
563 1952 572 1980 ;
588 1937 683 1973 XIII
698 1963 708 1982 ‚
726 1937 813 1982 4763

130 1994 215 2038 XV,
234 1993 309 2040 735.
359 2027 361 2030 ⁴
396 2011 403 2019 =

182 2046 259 2092 245.
287 2046 503 2081 Carchese'um
518 2071 527 2086 ‚
567 2043 680 2090 poculi
706 2055 817 2089 genus

131 2099 324 2146 oblongum
336 2105 371 2133 et
382 2104 544 2134 ansatum
557 2123 567 2141 ,
587 2109 658 2142 quo
666 2096 818 2131 uteban-

135 2160 194 2188 tur
214 2152 253 2186 in
279 2150 512 2186 libationibus.
538 2149 671 2184 Athen.
688 2148 742 2183 XI
756 2173 767 2191 ,
785 2160 818 2193 p.

134 2207 223 2251 4743
246 2204 406 2240 Macrob.
419 2203 494 2239 Sat.
509 2202 584 2238 vll
598 2228 609 2246 ‚
631 2214 683 2237 20.
700 2219 744 2227 —-
759 2202 821 2235 In—

137 2271 266 2303 verffere
291 2269 357 2303 pro
394 2254 530 2301 vulgari
566 2253 752 2298 infundere.
777 2271 822 2280 -—

143 2309 391 2355 Verbasundd.
410 2307 466 2343 De
479 2307 641 2353 precibus
657 2305 751 2340 inter
766 2318 819 2340 sa-

139 2376 198 2403 cra
213 2362 377 2402 adhibitis
388 2360 484 2396 idem
497 2360 645 2395 verbum
664 2359 820 2405 ponitur,

140 2415 236 2462 quod
247 2415 292 2451 de
303 2415 408 2452 sacris
417 2412 605 2460 ipsisNide
614 2412 657 2447 ad
670 2412 735 2456 lx,
749 2414 823 2459 ¹59·

184 2470 260 2514 248.
281 2471 425 2505 Terrena
446 2480 513 2514 pro
536 2466 684 2502 infernis
697 2492 707 2509 ,
734 2465 824 2501 sub—

142 2523 314 2559 terraneis
328 2549 338 2567 ,
368 2522 495 2568 passim
519 2520 608 2567 apud
642 2521 824 2557 Nostrum.

141 2593 187 2602 —
206 2576 334 2610 Poscit.
354 2574 523 2609 Heinsius
539 2573 683 2618 conjicit
701 2574 826 2617 pascit.

145 2627 271 2663 Codex
300 2626 432 2673 Regius
460 2626 493 2661 Α
511 2652 521 2670 ,
546 2628 685 2669 poscit:
706 2623 829 2659 Codex

143 2681 196 2724 B,
213 2683 306 2715 lenit.
322 2680 512 2719 —Posce'l,
531 2678 599 2712 ciet
611 2703 620 2719 ,
641 2683 774 2711 evocet.
788 2693 831 2701 ·-

149 2734 348 2768 Umbrarum
379 2744 486 2775 regern
504 2751 518 2771 ,’
554 2729 755 2764 Plutonem.
787 2746 831 2753 —

872 1468 992 1512 Rapta
1020 1479 1095 1502 cum
1119 1467 1286 1512 conjug&
1307 1466 1520 1512 Proserpina
1543 1479 1563 1501 a

872 1520 1028 1556 Plutone
1043 1527 1152 1565 rapta.
1165 1521 1232 1555 Ed.
1241 1537 1287 1545 —
1296 1521 1349 1555 Ne
1358 1524 1559 1564 properent:

873 1586 920 1608 ne
946 1573 1064 1608 anima
1092 1572 1185 1607 senis
1210 1572 1455 1617 intercipiatur
1474 1598 1483 1616 ,
1511 1584 1558 1606 ne

874 1632 978 1671 caput
1000 1625 1058 1660 cui
1083 1624 1344 1659 diuturniorem
1361 1624 1441 1659 vitae
1458 1637 1562 1660 usum

876 1677 1064 1713 destinavit
1085 1676 1216 1712 Medea
1228 1703 1237 1721 ‚
1266 1684 1326 1711 aut
1344 1677 1442 1712 Orco
1460 1677 1563 1711 dam-

875 1738 939 1765 net
951 1730 1057 1765 Pluto
1070 1756 1079 1774 ,
1097 1737 1157 1764 aut
1173 1729 1320 1764 tondeat
1337 1729 1562 1775 Proserpina.

875 1785 942 1818 Ed.
971 1801 1014 1809 —
1030 1783 1201 1816 Fraudare
1215 1808 1223 1821 ,
1249 1781 1386 1826 privare
1406 1793 1415 1815 :
1433 1788 1533 1827 rogat
1549 1807 1560 1824 ,

879 1848 924 1870 ne
951 1834 986 1869 id
1012 1834 1142 1868 saciant
1168 1834 1304 1868 interea
1316 1859 1325 1877 ‚
1359 1832 1445 1867 dum
1475 1841 1567 1870 artes

881 1899 960 1922 suas
974 1891 1143 1920 exerceat.

925 1941 1000 1974 251.
1016 1939 1194 1972 Murmure.
1220 1937 1388 1983 Quatuor
1399 1964 1408 1981 ‚
1434 1940 1566 1972 carmi-

880 2004 932 2028 ne.
949 1990 1053 2037 Regii
1070 1990 1181 2025 nostri
1193 2016 1202 2033 ‚
1226 2003 1397 2025 murmure.
1412 2008 1457 2016 —·
1468 1991 1569 2024 Mur—

881 2057 962 2083 mur,
976 2056 1118 2079 carmen
1134 2055 1328 2088 magarum.
1345 2043 1483 2088 Nempe
1497 2055 1568 2077 ma-

883 2109 934 2142 gae
950 2096 1068 2131 feralia
1082 2108 1144 2130 sua
1160 2095 1318 2130 carmina
1341 2094 1566 2129 immurmu-

884 2150 1020 2184 rabant.
1033 2149 1136 2193 XIV,
1150 2147 1195 2183 58
1208 2161 1216 2183 ι
1231 2150 1296 2183 Ter
1306 2151 1420 2183 novies
1434 2156 1567 2183 carmen

884 2205 1016 2248 magico
1031 2203 1256 2236 demurmurat
1273 2214 1339 2235 ore.
1365 2200 1423 2235 Sic
1439 2208 1474 2235 et
1489 2204 1572 2234 stri-

885 2257 963 2295 dor,
985 2253 1028 2289 de
1042 2267 1113 2300 quo
1131 2253 1368 2289 Bruckhusius
1389 2253 1432 2287 ad
1451 2252 1568 2287 Tibul.

887 2308 904 2343 I
917 2334 927 2351 ,
946 2318 976 2342 11
988 2333 998 2351 ‚
1015 2309 1056 2353 47
1071 2322 1079 2349 ;
1101 2305 1275 2350 etsremor
1288 2308 1457 2340 verborum
1470 2332 1478 2346 ‚
1504 2306 1572 2339 Ar·-

887 2360 970 2396 nob.
996 2359 1086 2394 Adv.
1107 2366 1200 2405 gent.
1217 2359 1232 2393 I
1249 2385 1258 2402 ,
1284 2371 1316 2404 p.
1341 2359 1393 2392 32.
1411 2376 1456 2383 -—
1477 2360 1571 2392 Pro-—

880 2414 974 2459 ferri
981 2440 990 2454 .
1019 2412 1188 2458 quiajam
1205 2414 1370 2446 resolutus
1397 2410 1504 2456 (vide
1530 2411 1574 2446 ad

889 2477 1031 2500 versum
1045 2463 1106 2498 186
1117 2463 1132 2505 )
1143 2479 1151 2506 ς
1165 2462 1319 2507 alioquin
1324 2462 1574 2505 pmducidixis-

890 2524 943 2552 set
957 2544 966 2560 ,
993 2515 1088 2562 quod
1114 2515 1246 2550 hahent
1272 2514 1434 2562 nonnulli
1464 2515 1573 2551 MSS.

891 2570 986 2605 inter
1001 2581 1087 2614 quos
1106 2568 1207 2613 Regii
1224 2567 1346 2602 nostrl.
1365 2586 1410 2593 —
1424 2568 1550 2602 Plenas
1564 2596 1572 2609 ‚

894 2634 1024 2668 graves.
1038 2639 1083 2647 -
1100 2621 1141 2654 In
1155 2622 1266 2654 herbis
1279 2647 1287 2661 ‚
1306 2632 1391 2665 quas
1409 2620 1503 2655 loeus
1520 2621 1576 2655 ille

894 2675 1039 2710 serebat.
1062 2691 1106 2699 —
1130 2673 1290 2718 profani,
1317 2681 1474 2719 expertes
1499 2675 1580 2709 artis

895 2726 1039 2772 magica:
1078 2737 1152 2760 non
1169 2725 1295 2760 initiati
1314 2726 1417 2761 sacris
1431 2726 1504 2761 illis.
