<?xml version="1.0" encoding="UTF-8"?>
<!DOCTYPE html PUBLIC "-//W3C//DTD XHTML 1.0 Transitional//EN"
    "http://www.w3.org/TR/xhtml1/DTD/xhtml1-transitional.dtd">
<html xmlns="http://www.w3.org/1999/xhtml" xml:lang="en" lang="en">
 <head>
  <title>
</title>
<meta http-equiv="Content-Type" content="text/html;charset=utf-8" />
  <meta name='ocr-system' content='tesseract 3.04.00' />
  <meta name='ocr-capabilities' content='ocr_page ocr_carea ocr_par ocr_line ocrx_word'/>
</head>
<body>
  <div class='ocr_page' id='page_1' title='image "./quaeextantomniao03oviduoft_0460.png"; bbox 0 0 1832 3100; ppageno 0'>
   <div class='ocr_carea' id='block_1_1' title="bbox 302 255 388 312">
    <p class='ocr_par' dir='ltr' id='par_1_1' title="bbox 302 255 388 312">
     <span class='ocr_line' id='line_1_1' title="bbox 302 255 388 312; baseline 0.012 -13"><span class='ocrx_word' id='word_1_1' title='bbox 302 255 388 312; x_wconf 71' lang='lat'><strong>428</strong></span> 
     </span>
    </p>
   </div>
   <div class='ocr_carea' id='block_1_2' title="bbox 664 251 1322 306">
    <p class='ocr_par' dir='ltr' id='par_1_2' title="bbox 664 251 1322 306">
     <span class='ocr_line' id='line_1_2' title="bbox 664 251 1322 306; baseline 0.008 -5"><span class='ocrx_word' id='word_1_2' title='bbox 664 257 715 302; x_wconf 91' lang='lat' dir='ltr'><strong>P.</strong></span> <span class='ocrx_word' id='word_1_3' title='bbox 753 251 991 305; x_wconf 80' lang='lat' dir='ltr'>0V1D1&#39;1</span> <span class='ocrx_word' id='word_1_4' title='bbox 1026 258 1322 306; x_wconf 89' lang='lat' dir='ltr'><strong>NASONIS</strong></span> 
     </span>
    </p>
   </div>
   <div class='ocr_carea' id='block_1_3' title="bbox 300 350 1541 420">
    <p class='ocr_par' dir='ltr' id='par_1_3' title="bbox 300 350 1541 420">
     <span class='ocr_line' id='line_1_3' title="bbox 300 350 1541 420; baseline 0.004 -22"><span class='ocrx_word' id='word_1_5' title='bbox 300 350 394 398; x_wconf 88' lang='lat' dir='ltr'><strong>Nec</strong></span> <span class='ocrx_word' id='word_1_6' title='bbox 415 359 560 398; x_wconf 89' lang='lat' dir='ltr'><strong>tamen</strong></span> <span class='ocrx_word' id='word_1_7' title='bbox 582 350 806 401; x_wconf 89' lang='lat' dir='ltr'><strong>admonita</strong></span> <span class='ocrx_word' id='word_1_8' title='bbox 829 364 896 401; x_wconf 88' lang='lat' dir='ltr'><strong>est</strong></span> <span class='ocrx_word' id='word_1_9' title='bbox 916 371 1046 419; x_wconf 90' lang='lat' dir='ltr'><strong>poena</strong></span> <span class='ocrx_word' id='word_1_10' title='bbox 1067 353 1294 420; x_wconf 88' lang='lat' dir='ltr'><strong>popularis</strong></span> <span class='ocrx_word' id='word_1_11' title='bbox 1318 353 1541 403; x_wconf 83' lang='lat' dir='ltr'>Arachnes</span> 
     </span>
    </p>
   </div>
   <div class='ocr_carea' id='block_1_4' title="bbox 1654 368 1718 403">
    <p class='ocr_par' dir='ltr' id='par_1_4' title="bbox 1654 368 1718 403">
     <span class='ocr_line' id='line_1_4' title="bbox 1654 368 1718 403; baseline 0 0"><span class='ocrx_word' id='word_1_12' title='bbox 1654 368 1718 403; x_wconf 73' lang='lat'><strong>15⁶</strong></span> 
     </span>
    </p>
   </div>
   <div class='ocr_carea' id='block_1_5' title="bbox 301 426 1720 871">
    <p class='ocr_par' dir='ltr' id='par_1_5' title="bbox 304 426 1392 494">
     <span class='ocr_line' id='line_1_5' title="bbox 304 426 1392 494; baseline 0.006 -21"><span class='ocrx_word' id='word_1_13' title='bbox 304 426 468 474; x_wconf 88' lang='lat' dir='ltr'><strong>Cedere</strong></span> <span class='ocrx_word' id='word_1_14' title='bbox 494 426 742 487; x_wconf 80' lang='lat' dir='ltr'><strong>Caelitibus,</strong></span> <span class='ocrx_word' id='word_1_15' title='bbox 765 430 1001 494; x_wconf 86' lang='lat' dir='ltr'><strong>verbisque</strong></span> <span class='ocrx_word' id='word_1_16' title='bbox 1023 430 1274 478; x_wconf 87' lang='lat' dir='ltr'><strong>minoribus</strong></span> <span class='ocrx_word' id='word_1_17' title='bbox 1297 431 1392 479; x_wconf 88' lang='lat' dir='ltr'><strong>uti:</strong></span> 
     </span>
    </p>

    <p class='ocr_par' dir='ltr' id='par_1_6' title="bbox 304 502 1583 572">
     <span class='ocr_line' id='line_1_6' title="bbox 304 502 1583 572; baseline 0.007 -23"><span class='ocrx_word' id='word_1_18' title='bbox 304 502 451 551; x_wconf 83' lang='lat' dir='ltr'><strong>Multa</strong></span> <span class='ocrx_word' id='word_1_19' title='bbox 474 503 638 552; x_wconf 87' lang='lat' dir='ltr'><strong>dabant</strong></span> <span class='ocrx_word' id='word_1_20' title='bbox 660 506 829 555; x_wconf 89' lang='lat' dir='ltr'><strong>animos</strong></span> <span class='ocrx_word' id='word_1_21' title='bbox 848 526 858 564; x_wconf 77' lang='lat'><em>3</em></span> <span class='ocrx_word' id='word_1_22' title='bbox 881 506 955 554; x_wconf 90' lang='lat' dir='ltr'><strong>sed</strong></span> <span class='ocrx_word' id='word_1_23' title='bbox 981 506 1097 554; x_wconf 89' lang='lat' dir='ltr'><strong>enim</strong></span> <span class='ocrx_word' id='word_1_24' title='bbox 1114 525 1195 555; x_wconf 90' lang='lat' dir='ltr'><strong>nec</strong></span> <span class='ocrx_word' id='word_1_25' title='bbox 1218 507 1417 572; x_wconf 85' lang='lat' dir='ltr'><strong>conjugis</strong></span> <span class='ocrx_word' id='word_1_26' title='bbox 1441 520 1554 558; x_wconf 89' lang='lat' dir='ltr'><strong>artes</strong></span> <span class='ocrx_word' id='word_1_27' title='bbox 1571 546 1583 567; x_wconf 92' lang='lat'><strong>‚</strong></span> 
     </span>
    </p>

    <p class='ocr_par' dir='ltr' id='par_1_7' title="bbox 301 579 1491 648">
     <span class='ocr_line' id='line_1_7' title="bbox 301 579 1491 648; baseline 0.004 -22"><span class='ocrx_word' id='word_1_28' title='bbox 301 579 394 627; x_wconf 89' lang='lat' dir='ltr'><strong>Nec</strong></span> <span class='ocrx_word' id='word_1_29' title='bbox 417 598 556 641; x_wconf 86' lang='lat' dir='ltr'><strong>genus</strong></span> <span class='ocrx_word' id='word_1_30' title='bbox 578 581 810 630; x_wconf 87' lang='lat' dir='ltr'><strong>amborum</strong></span> <span class='ocrx_word' id='word_1_31' title='bbox 824 620 835 640; x_wconf 93' lang='lat'><strong>,</strong></span> <span class='ocrx_word' id='word_1_32' title='bbox 862 582 1097 648; x_wconf 85' lang='lat' dir='ltr'><strong>magnique</strong></span> <span class='ocrx_word' id='word_1_33' title='bbox 1122 582 1320 647; x_wconf 86' lang='lat' dir='ltr'><strong>potentia</strong></span> <span class='ocrx_word' id='word_1_34' title='bbox 1339 584 1463 647; x_wconf 88' lang='lat' dir='ltr'><strong>regni</strong></span> <span class='ocrx_word' id='word_1_35' title='bbox 1478 622 1491 643; x_wconf 90' lang='lat'>‚</span> 
     </span>
    </p>

    <p class='ocr_par' dir='ltr' id='par_1_8' title="bbox 303 655 1470 724">
     <span class='ocr_line' id='line_1_8' title="bbox 303 655 1470 724; baseline 0.005 -21"><span class='ocrx_word' id='word_1_36' title='bbox 303 655 376 704; x_wconf 88' lang='lat' dir='ltr'><strong>Sic</strong></span> <span class='ocrx_word' id='word_1_37' title='bbox 400 656 602 722; x_wconf 85' lang='lat' dir='ltr'><strong>placuere</strong></span> <span class='ocrx_word' id='word_1_38' title='bbox 626 657 718 716; x_wconf 88' lang='lat' dir='ltr'><strong>illi,</strong></span> <span class='ocrx_word' id='word_1_39' title='bbox 746 658 943 724; x_wconf 88' lang='lat' dir='ltr'><strong>quamvis</strong></span> <span class='ocrx_word' id='word_1_40' title='bbox 963 678 1012 707; x_wconf 91' lang='lat' dir='ltr'><strong>ea</strong></span> <span class='ocrx_word' id='word_1_41' title='bbox 1035 670 1191 707; x_wconf 87' lang='lat' dir='ltr'><strong>cuncta</strong></span> <span class='ocrx_word' id='word_1_42' title='bbox 1213 658 1470 724; x_wconf 84' lang='lat' dir='ltr'><strong>placebant,</strong></span> 
     </span>
    </p>

    <p class='ocr_par' dir='ltr' id='par_1_9' title="bbox 302 735 1720 871">
     <span class='ocr_line' id='line_1_9' title="bbox 304 735 1720 802; baseline 0.002 -19"><span class='ocrx_word' id='word_1_43' title='bbox 304 737 368 783; x_wconf 93' lang='lat' dir='ltr'><strong>Ut</strong></span> <span class='ocrx_word' id='word_1_44' title='bbox 390 754 468 784; x_wconf 91' lang='lat' dir='ltr'><strong>sua</strong></span> <span class='ocrx_word' id='word_1_45' title='bbox 491 737 747 802; x_wconf 85' lang='lat' dir='ltr'><strong>progenies;</strong></span> <span class='ocrx_word' id='word_1_46' title='bbox 774 748 817 783; x_wconf 90' lang='lat' dir='ltr'><strong>et</strong></span> <span class='ocrx_word' id='word_1_47' title='bbox 839 735 1089 784; x_wconf 85' lang='lat' dir='ltr'><strong>felicissima</strong></span> <span class='ocrx_word' id='word_1_48' title='bbox 1110 747 1300 785; x_wconf 90' lang='lat' dir='ltr'><strong>matrum</strong></span> <span class='ocrx_word' id='word_1_49' title='bbox 1660 753 1720 787; x_wconf 76' lang='lat'><strong>155</strong></span> 
     </span>
     <span class='ocr_line' id='line_1_10' title="bbox 302 808 1360 871; baseline 0.003 -12"><span class='ocrx_word' id='word_1_50' title='bbox 302 808 433 860; x_wconf 86' lang='lat' dir='ltr'><strong>Dicta</strong></span> <span class='ocrx_word' id='word_1_51' title='bbox 455 812 572 861; x_wconf 84' lang='lat' dir='ltr'><strong>foret</strong></span> <span class='ocrx_word' id='word_1_52' title='bbox 595 813 739 861; x_wconf 85' lang='lat' dir='ltr'><strong>Niobe</strong></span> <span class='ocrx_word' id='word_1_53' title='bbox 754 850 765 871; x_wconf 94' lang='lat'><strong>‚</strong></span> <span class='ocrx_word' id='word_1_54' title='bbox 790 812 827 860; x_wconf 91' lang='lat' dir='ltr'><strong>si</strong></span> <span class='ocrx_word' id='word_1_55' title='bbox 849 832 943 860; x_wconf 92' lang='lat' dir='ltr'><strong>non</strong></span> <span class='ocrx_word' id='word_1_56' title='bbox 966 813 1053 861; x_wconf 87' lang='lat' dir='ltr'><strong>sibi</strong></span> <span class='ocrx_word' id='word_1_57' title='bbox 1078 813 1170 861; x_wconf 74' lang='lat' dir='ltr'><strong>visa</strong></span> <span class='ocrx_word' id='word_1_58' title='bbox 1191 813 1360 862; x_wconf 86' lang='lat' dir='ltr'><strong>suisset.</strong></span> 
     </span>
    </p>
   </div>
   <div class='ocr_carea' id='block_1_6' title="bbox 303 893 1421 1124">
    <p class='ocr_par' dir='ltr' id='par_1_10' title="bbox 303 893 1421 1124">
     <span class='ocr_line' id='line_1_11' title="bbox 303 893 1352 960; baseline 0.002 -19"><span class='ocrx_word' id='word_1_59' title='bbox 303 894 417 941; x_wconf 86' lang='lat' dir='ltr'><strong>Nam</strong></span> <span class='ocrx_word' id='word_1_60' title='bbox 442 906 533 943; x_wconf 87' lang='lat' dir='ltr'><strong>sata</strong></span> <span class='ocrx_word' id='word_1_61' title='bbox 556 893 748 952; x_wconf 83' lang='lat' dir='ltr'><strong>Tiresia,</strong></span> <span class='ocrx_word' id='word_1_62' title='bbox 772 895 945 942; x_wconf 87' lang='lat' dir='ltr'><strong>venturi</strong></span> <span class='ocrx_word' id='word_1_63' title='bbox 968 895 1169 960; x_wconf 86' lang='lat' dir='ltr'><strong>praescia,</strong></span> <span class='ocrx_word' id='word_1_64' title='bbox 1194 896 1352 943; x_wconf 89' lang='lat' dir='ltr'><strong>Manto</strong></span> 
     </span>
     <span class='ocr_line' id='line_1_12' title="bbox 304 974 1307 1034; baseline 0.001 -10"><span class='ocrx_word' id='word_1_65' title='bbox 304 974 389 1024; x_wconf 89' lang='lat' dir='ltr'><strong>Per</strong></span> <span class='ocrx_word' id='word_1_66' title='bbox 409 974 574 1023; x_wconf 89' lang='lat' dir='ltr'><strong>medias</strong></span> <span class='ocrx_word' id='word_1_67' title='bbox 595 975 758 1034; x_wconf 89' lang='lat' dir='ltr'><strong>fuerat,</strong></span> <span class='ocrx_word' id='word_1_68' title='bbox 781 975 930 1024; x_wconf 91' lang='lat' dir='ltr'><strong>divino</strong></span> <span class='ocrx_word' id='word_1_69' title='bbox 952 976 1123 1025; x_wconf 88' lang='lat' dir='ltr'><strong>concita</strong></span> <span class='ocrx_word' id='word_1_70' title='bbox 1146 987 1273 1025; x_wconf 91' lang='lat' dir='ltr'><strong>motu</strong></span> <span class='ocrx_word' id='word_1_71' title='bbox 1295 1014 1307 1034; x_wconf 94' lang='lat'><strong>,</strong></span> 
     </span>
     <span class='ocr_line' id='line_1_13' title="bbox 304 1057 1421 1124; baseline 0.002 -20"><span class='ocrx_word' id='word_1_72' title='bbox 304 1057 554 1106; x_wconf 86' lang='lat' dir='ltr'><strong>Vaticinata</strong></span> <span class='ocrx_word' id='word_1_73' title='bbox 575 1057 666 1106; x_wconf 87' lang='lat' dir='ltr'><strong>vias</strong></span> <span class='ocrx_word' id='word_1_74' title='bbox 687 1077 698 1105; x_wconf 91' lang='lat'><strong>:</strong></span> <span class='ocrx_word' id='word_1_75' title='bbox 722 1079 746 1101; x_wconf 88' lang='lat'>«</span> <span class='ocrx_word' id='word_1_76' title='bbox 767 1058 1007 1107; x_wconf 88' lang='lat' dir='ltr'><strong>Ismenides</strong></span> <span class='ocrx_word' id='word_1_77' title='bbox 1022 1095 1034 1117; x_wconf 89' lang='lat'><strong>,</strong></span> <span class='ocrx_word' id='word_1_78' title='bbox 1060 1058 1120 1106; x_wconf 90' lang='lat' dir='ltr'><strong>ite</strong></span> <span class='ocrx_word' id='word_1_79' title='bbox 1138 1058 1390 1124; x_wconf 84' lang='lat' dir='ltr'><strong>frequentes</strong></span> <span class='ocrx_word' id='word_1_80' title='bbox 1407 1095 1421 1116; x_wconf 82' lang='lat'><strong>,</strong></span> 
     </span>
    </p>
   </div>
   <div class='ocr_carea' id='block_1_7' title="bbox 305 1197 989 1500">
    <p class='ocr_par' dir='ltr' id='par_1_11' title="bbox 305 1197 989 1500">
     <span class='ocr_line' id='line_1_14' title="bbox 307 1197 983 1244; baseline 0.001 -11"><span class='ocrx_word' id='word_1_81' title='bbox 307 1200 379 1244; x_wconf 83' lang='lat' dir='ltr'><strong>jam</strong></span> <span class='ocrx_word' id='word_1_82' title='bbox 391 1198 509 1243; x_wconf 86' lang='lat' dir='ltr'><strong>nupsit</strong></span> <span class='ocrx_word' id='word_1_83' title='bbox 526 1197 730 1244; x_wconf 87' lang='lat' dir='ltr'><strong>Amphioni.</strong></span> <span class='ocrx_word' id='word_1_84' title='bbox 743 1197 850 1233; x_wconf 85' lang='lat' dir='ltr'><strong>Certe</strong></span> <span class='ocrx_word' id='word_1_85' title='bbox 863 1211 882 1233; x_wconf 91' lang='lat' dir='ltr'><strong>a</strong></span> <span class='ocrx_word' id='word_1_86' title='bbox 894 1199 983 1234; x_wconf 88' lang='lat' dir='ltr'><strong>Pau-</strong></span> 
     </span>
     <span class='ocr_line' id='line_1_15' title="bbox 305 1251 984 1298; baseline 0.001 -12"><span class='ocrx_word' id='word_1_87' title='bbox 305 1265 377 1288; x_wconf 86' lang='lat' dir='ltr'><strong>san.</strong></span> <span class='ocrx_word' id='word_1_88' title='bbox 392 1253 444 1287; x_wconf 91' lang='lat' dir='ltr'><strong>IX</strong></span> <span class='ocrx_word' id='word_1_89' title='bbox 458 1279 466 1296; x_wconf 94' lang='lat'><strong><em>‚</em></strong></span> <span class='ocrx_word' id='word_1_90' title='bbox 484 1266 517 1297; x_wconf 88' lang='lat' dir='ltr'><strong>p.</strong></span> <span class='ocrx_word' id='word_1_91' title='bbox 531 1264 595 1297; x_wconf 82' lang='lat'><strong>720</strong></span> <span class='ocrx_word' id='word_1_92' title='bbox 606 1278 615 1296; x_wconf 97' lang='lat'><strong>,</strong></span> <span class='ocrx_word' id='word_1_93' title='bbox 633 1251 811 1298; x_wconf 82' lang='lat' dir='ltr'><strong>Amphion</strong></span> <span class='ocrx_word' id='word_1_94' title='bbox 831 1253 874 1287; x_wconf 93' lang='lat' dir='ltr'><strong>ob</strong></span> <span class='ocrx_word' id='word_1_95' title='bbox 884 1253 984 1287; x_wconf 88' lang='lat' dir='ltr'><strong>Tan-</strong></span> 
     </span>
     <span class='ocr_line' id='line_1_16' title="bbox 305 1303 985 1352; baseline 0 -15"><span class='ocrx_word' id='word_1_96' title='bbox 305 1303 365 1337; x_wconf 83' lang='lat' dir='ltr'><strong>tali</strong></span> <span class='ocrx_word' id='word_1_97' title='bbox 378 1303 585 1338; x_wconf 88' lang='lat' dir='ltr'><strong>asfmitatem</strong></span> <span class='ocrx_word' id='word_1_98' title='bbox 601 1303 729 1350; x_wconf 86' lang='lat' dir='ltr'><strong>Lydios</strong></span> <span class='ocrx_word' id='word_1_99' title='bbox 745 1304 869 1339; x_wconf 92' lang='lat' dir='ltr'><strong>modos</strong></span> <span class='ocrx_word' id='word_1_100' title='bbox 881 1317 900 1338; x_wconf 89' lang='lat' dir='ltr'><strong>a</strong></span> <span class='ocrx_word' id='word_1_101' title='bbox 911 1304 985 1352; x_wconf 84' lang='lat' dir='ltr'><strong>Ly-</strong></span> 
     </span>
     <span class='ocr_line' id='line_1_17' title="bbox 307 1355 989 1391; baseline 0.003 -2"><span class='ocrx_word' id='word_1_102' title='bbox 307 1355 371 1390; x_wconf 83' lang='lat' dir='ltr'><strong>diis</strong></span> <span class='ocrx_word' id='word_1_103' title='bbox 385 1355 541 1391; x_wconf 88' lang='lat' dir='ltr'><strong>didicisse</strong></span> <span class='ocrx_word' id='word_1_104' title='bbox 560 1363 734 1390; x_wconf 85' lang='lat' dir='ltr'><strong>narratur.</strong></span> <span class='ocrx_word' id='word_1_105' title='bbox 743 1375 786 1382; x_wconf 94' lang='lat'><strong>—</strong></span> <span class='ocrx_word' id='word_1_106' title='bbox 798 1357 989 1391; x_wconf 81' lang='lat' dir='ltr'><strong>Admoneri</strong></span> 
     </span>
     <span class='ocr_line' id='line_1_18' title="bbox 309 1407 987 1453; baseline 0.001 -12"><span class='ocrx_word' id='word_1_107' title='bbox 309 1407 472 1453; x_wconf 84' lang='lat' dir='ltr'><strong>exemplis</strong></span> <span class='ocrx_word' id='word_1_108' title='bbox 485 1434 494 1452; x_wconf 88' lang='lat'><strong>,</strong></span> <span class='ocrx_word' id='word_1_109' title='bbox 519 1408 558 1442; x_wconf 88' lang='lat' dir='ltr'><strong>iis</strong></span> <span class='ocrx_word' id='word_1_110' title='bbox 574 1407 723 1453; x_wconf 85' lang='lat' dir='ltr'><strong>impelli,</strong></span> <span class='ocrx_word' id='word_1_111' title='bbox 746 1415 787 1442; x_wconf 88' lang='lat' dir='ltr'><strong>ut</strong></span> <span class='ocrx_word' id='word_1_112' title='bbox 808 1408 871 1442; x_wconf 90' lang='lat' dir='ltr'><strong>tibi</strong></span> <span class='ocrx_word' id='word_1_113' title='bbox 894 1421 987 1443; x_wconf 85' lang='lat' dir='ltr'><strong>con-</strong></span> 
     </span>
     <span class='ocr_line' id='line_1_19' title="bbox 307 1459 989 1500; baseline 0.001 -7"><span class='ocrx_word' id='word_1_114' title='bbox 307 1459 405 1494; x_wconf 84' lang='lat' dir='ltr'><strong>sulas.</strong></span> <span class='ocrx_word' id='word_1_115' title='bbox 421 1477 465 1485; x_wconf 87' lang='lat'><strong>—-</strong></span> <span class='ocrx_word' id='word_1_116' title='bbox 486 1461 603 1494; x_wconf 70' lang='lat' dir='ltr'><strong>Verbis·</strong></span> <span class='ocrx_word' id='word_1_117' title='bbox 613 1462 794 1494; x_wconf 75' lang='lat' dir='ltr'><strong>minoribus</strong></span> <span class='ocrx_word' id='word_1_118' title='bbox 811 1463 878 1500; x_wconf 79' lang='lat' dir='ltr'><strong>uti,</strong></span> <span class='ocrx_word' id='word_1_119' title='bbox 904 1460 989 1494; x_wconf 89' lang='lat' dir='ltr'><strong>sub-</strong></span> 
     </span>
    </p>
   </div>
   <div class='ocr_carea' id='block_1_8' title="bbox 309 1511 988 1606">
    <p class='ocr_par' dir='ltr' id='par_1_12' title="bbox 309 1511 988 1606">
     <span class='ocr_line' id='line_1_20' title="bbox 309 1511 988 1556; baseline 0 -10"><span class='ocrx_word' id='word_1_120' title='bbox 309 1512 444 1546; x_wconf 82' lang='lat' dir='ltr'><strong>missius</strong></span> <span class='ocrx_word' id='word_1_121' title='bbox 470 1512 587 1556; x_wconf 82' lang='lat' dir='ltr'><strong>loqui,</strong></span> <span class='ocrx_word' id='word_1_122' title='bbox 609 1519 649 1546; x_wconf 91' lang='lat' dir='ltr'><strong>ut</strong></span> <span class='ocrx_word' id='word_1_123' title='bbox 669 1525 771 1546; x_wconf 87' lang='lat' dir='ltr'><strong>versu</strong></span> <span class='ocrx_word' id='word_1_124' title='bbox 794 1512 869 1547; x_wconf 76' lang='lat'><strong>368,</strong></span> <span class='ocrx_word' id='word_1_125' title='bbox 896 1511 988 1546; x_wconf 89' lang='lat' dir='ltr'><strong>Vide</strong></span> 
     </span>
     <span class='ocr_line' id='line_1_21' title="bbox 309 1563 520 1606; baseline -0.005 -9"><span class='ocrx_word' id='word_1_126' title='bbox 309 1563 350 1597; x_wconf 88' lang='lat' dir='ltr'><strong>ad</strong></span> <span class='ocrx_word' id='word_1_127' title='bbox 371 1564 422 1597; x_wconf 91' lang='lat' dir='ltr'><strong>IX</strong></span> <span class='ocrx_word' id='word_1_128' title='bbox 439 1590 448 1606; x_wconf 96' lang='lat'><strong>,</strong></span> <span class='ocrx_word' id='word_1_129' title='bbox 467 1564 520 1597; x_wconf 87' lang='lat'><strong>31.</strong></span> 
     </span>
    </p>
   </div>
   <div class='ocr_carea' id='block_1_9' title="bbox 308 1614 999 2706">
    <p class='ocr_par' dir='ltr' id='par_1_13' title="bbox 308 1614 999 2706">
     <span class='ocr_line' id='line_1_22' title="bbox 357 1614 994 1660; baseline -0.003 -10"><span class='ocrx_word' id='word_1_130' title='bbox 357 1618 429 1650; x_wconf 81' lang='lat'><strong>152.</strong></span> <span class='ocrx_word' id='word_1_131' title='bbox 446 1614 590 1648; x_wconf 85' lang='lat' dir='ltr'><strong>Animos</strong></span> <span class='ocrx_word' id='word_1_132' title='bbox 605 1640 613 1654; x_wconf 89' lang='lat'><strong>,</strong></span> <span class='ocrx_word' id='word_1_133' title='bbox 642 1614 850 1660; x_wconf 85' lang='lat' dir='ltr'><strong>superbiam.</strong></span> <span class='ocrx_word' id='word_1_134' title='bbox 865 1631 909 1639; x_wconf 90' lang='lat'>—</span> <span class='ocrx_word' id='word_1_135' title='bbox 925 1614 994 1648; x_wconf 79' lang='lat' dir='ltr'><strong>Sed</strong></span> 
     </span>
     <span class='ocr_line' id='line_1_23' title="bbox 308 1666 990 1708; baseline -0.001 -7"><span class='ocrx_word' id='word_1_136' title='bbox 308 1671 411 1708; x_wconf 83' lang='lat' dir='ltr'><strong>enim,</strong></span> <span class='ocrx_word' id='word_1_137' title='bbox 433 1674 467 1702; x_wconf 87' lang='lat' dir='ltr'><strong>at</strong></span> <span class='ocrx_word' id='word_1_138' title='bbox 484 1679 577 1702; x_wconf 85' lang='lat' dir='ltr'><strong>vero.</strong></span> <span class='ocrx_word' id='word_1_139' title='bbox 591 1667 746 1702; x_wconf 84' lang='lat' dir='ltr'><strong>—Arles</strong></span> <span class='ocrx_word' id='word_1_140' title='bbox 758 1667 889 1701; x_wconf 79' lang='lat' dir='ltr'><strong>habent</strong></span> <span class='ocrx_word' id='word_1_141' title='bbox 905 1666 990 1700; x_wconf 89' lang='lat' dir='ltr'><strong>Flo-</strong></span> 
     </span>
     <span class='ocr_line' id='line_1_24' title="bbox 309 1721 988 1767; baseline -0.001 -12"><span class='ocrx_word' id='word_1_142' title='bbox 309 1722 468 1756; x_wconf 87' lang='lat' dir='ltr'><strong>rentinus</strong></span> <span class='ocrx_word' id='word_1_143' title='bbox 487 1722 656 1767; x_wconf 89' lang='lat' dir='ltr'><strong>optimus,</strong></span> <span class='ocrx_word' id='word_1_144' title='bbox 668 1721 802 1766; x_wconf 88' lang='lat' dir='ltr'><strong>primus</strong></span> <span class='ocrx_word' id='word_1_145' title='bbox 818 1727 854 1755; x_wconf 90' lang='lat' dir='ltr'><strong>et</strong></span> <span class='ocrx_word' id='word_1_146' title='bbox 868 1733 988 1755; x_wconf 87' lang='lat' dir='ltr'><strong>secun·</strong></span> 
     </span>
     <span class='ocr_line' id='line_1_25' title="bbox 311 1771 991 1817; baseline -0.003 -10"><span class='ocrx_word' id='word_1_147' title='bbox 311 1773 375 1808; x_wconf 89' lang='lat' dir='ltr'><strong>dus</strong></span> <span class='ocrx_word' id='word_1_148' title='bbox 390 1773 571 1808; x_wconf 88' lang='lat' dir='ltr'><strong>Mediceus</strong></span> <span class='ocrx_word' id='word_1_149' title='bbox 587 1799 597 1816; x_wconf 90' lang='lat'><strong>,</strong></span> <span class='ocrx_word' id='word_1_150' title='bbox 625 1773 753 1817; x_wconf 87' lang='lat' dir='ltr'><strong>aliique</strong></span> <span class='ocrx_word' id='word_1_151' title='bbox 770 1771 966 1816; x_wconf 87' lang='lat' dir='ltr'><strong>complures</strong></span> <span class='ocrx_word' id='word_1_152' title='bbox 981 1785 991 1813; x_wconf 89' lang='lat'>;</span> 
     </span>
     <span class='ocr_line' id='line_1_26' title="bbox 311 1825 990 1870; baseline -0.003 -11"><span class='ocrx_word' id='word_1_153' title='bbox 311 1826 505 1870; x_wconf 85' lang='lat' dir='ltr'><strong>probarunt</strong></span> <span class='ocrx_word' id='word_1_154' title='bbox 514 1825 582 1860; x_wconf 88' lang='lat' dir='ltr'><strong>hoc</strong></span> <span class='ocrx_word' id='word_1_155' title='bbox 594 1825 760 1860; x_wconf 88' lang='lat' dir='ltr'><strong>Heinsius</strong></span> <span class='ocrx_word' id='word_1_156' title='bbox 773 1851 782 1868; x_wconf 87' lang='lat'><strong><em>‚</em></strong></span> <span class='ocrx_word' id='word_1_157' title='bbox 798 1826 990 1859; x_wconf 88' lang='lat' dir='ltr'><strong>Bersman-</strong></span> 
     </span>
     <span class='ocr_line' id='line_1_27' title="bbox 310 1878 993 1921; baseline -0.001 -9"><span class='ocrx_word' id='word_1_158' title='bbox 310 1891 397 1921; x_wconf 90' lang='lat' dir='ltr'><strong>nus,</strong></span> <span class='ocrx_word' id='word_1_159' title='bbox 423 1878 604 1912; x_wconf 87' lang='lat' dir='ltr'><strong>Pontanus</strong></span> <span class='ocrx_word' id='word_1_160' title='bbox 618 1904 627 1921; x_wconf 89' lang='lat'><strong>,</strong></span> <span class='ocrx_word' id='word_1_161' title='bbox 645 1878 896 1918; x_wconf 83' lang='lat' dir='ltr'><strong>Burmannus;</strong></span> <span class='ocrx_word' id='word_1_162' title='bbox 923 1889 993 1911; x_wconf 82' lang='lat' dir='ltr'><strong>cae-</strong></span> 
     </span>
     <span class='ocr_line' id='line_1_28' title="bbox 312 1928 992 1974; baseline -0.003 -11"><span class='ocrx_word' id='word_1_163' title='bbox 312 1929 378 1964; x_wconf 88' lang='lat' dir='ltr'><strong>teri</strong></span> <span class='ocrx_word' id='word_1_164' title='bbox 391 1956 401 1973; x_wconf 91' lang='lat'><strong>,</strong></span> <span class='ocrx_word' id='word_1_165' title='bbox 419 1942 522 1964; x_wconf 82' lang='lat' dir='ltr'><strong>arces.</strong></span> <span class='ocrx_word' id='word_1_166' title='bbox 535 1948 580 1956; x_wconf 90' lang='lat'>—</span> <span class='ocrx_word' id='word_1_167' title='bbox 591 1928 712 1964; x_wconf 84' lang='lat' dir='ltr'><strong>Codex</strong></span> <span class='ocrx_word' id='word_1_168' title='bbox 726 1929 856 1974; x_wconf 84' lang='lat' dir='ltr'><strong>Regius</strong></span> <span class='ocrx_word' id='word_1_169' title='bbox 867 1928 917 1972; x_wconf 91' lang='lat' dir='ltr'><strong>A,</strong></span> <span class='ocrx_word' id='word_1_170' title='bbox 935 1940 992 1961; x_wconf 87' lang='lat' dir='ltr'><strong>ar·-</strong></span> 
     </span>
     <span class='ocr_line' id='line_1_29' title="bbox 312 1979 993 2026; baseline -0.004 -10"><span class='ocrx_word' id='word_1_171' title='bbox 312 1995 368 2016; x_wconf 81' lang='lat' dir='ltr'><strong>ccs</strong></span> <span class='ocrx_word' id='word_1_172' title='bbox 378 1995 391 2026; x_wconf 88' lang='lat'><strong>‚·</strong></span> <span class='ocrx_word' id='word_1_173' title='bbox 411 1980 532 2017; x_wconf 83' lang='lat' dir='ltr'><strong>Codex</strong></span> <span class='ocrx_word' id='word_1_174' title='bbox 548 1982 597 2025; x_wconf 87' lang='lat' dir='ltr'><strong>B,</strong></span> <span class='ocrx_word' id='word_1_175' title='bbox 615 1986 705 2016; x_wconf 82' lang='lat' dir='ltr'><strong>artes</strong></span> <span class='ocrx_word' id='word_1_176' title='bbox 725 1994 735 2015; x_wconf 83' lang='lat'><em>:</em></span> <span class='ocrx_word' id='word_1_177' title='bbox 752 1981 819 2015; x_wconf 92' lang='lat' dir='ltr'><strong>hoc</strong></span> <span class='ocrx_word' id='word_1_178' title='bbox 835 1979 993 2026; x_wconf 71' lang='lat' dir='ltr'><strong>praetuli-</strong></span> 
     </span>
     <span class='ocr_line' id='line_1_30' title="bbox 313 2033 995 2077; baseline -0.004 -9"><span class='ocrx_word' id='word_1_179' title='bbox 313 2046 392 2068; x_wconf 88' lang='lat' dir='ltr'><strong>mus</strong></span> <span class='ocrx_word' id='word_1_180' title='bbox 408 2046 489 2068; x_wconf 91' lang='lat' dir='ltr'><strong>cum</strong></span> <span class='ocrx_word' id='word_1_181' title='bbox 506 2040 558 2068; x_wconf 89' lang='lat' dir='ltr'><strong>tot</strong></span> <span class='ocrx_word' id='word_1_182' title='bbox 574 2040 609 2068; x_wconf 91' lang='lat' dir='ltr'><strong>et</strong></span> <span class='ocrx_word' id='word_1_183' title='bbox 626 2033 728 2068; x_wconf 85' lang='lat' dir='ltr'><strong>tantis</strong></span> <span class='ocrx_word' id='word_1_184' title='bbox 743 2033 824 2067; x_wconf 82' lang='lat' dir='ltr'><strong>viris</strong></span> <span class='ocrx_word' id='word_1_185' title='bbox 843 2045 851 2067; x_wconf 70' lang='grc' dir='ltr'><strong><em>ι</em></strong></span> <span class='ocrx_word' id='word_1_186' title='bbox 868 2044 995 2077; x_wconf 83' lang='lat' dir='ltr'><strong>quam-</strong></span> 
     </span>
     <span class='ocr_line' id='line_1_31' title="bbox 314 2080 995 2131; baseline -0.003 -12"><span class='ocrx_word' id='word_1_187' title='bbox 314 2086 363 2120; x_wconf 84' lang='lat' dir='ltr'><strong>vis</strong></span> <span class='ocrx_word' id='word_1_188' title='bbox 380 2080 477 2120; x_wconf 86' lang='lat' dir='ltr'><strong>enim</strong></span> <span class='ocrx_word' id='word_1_189' title='bbox 492 2091 581 2120; x_wconf 80' lang='lat' dir='ltr'><strong>arles</strong></span> <span class='ocrx_word' id='word_1_190' title='bbox 602 2098 691 2131; x_wconf 79' lang='lat' dir='ltr'><strong>saepe</strong></span> <span class='ocrx_word' id='word_1_191' title='bbox 709 2086 745 2120; x_wconf 90' lang='lat' dir='ltr'><strong>in</strong></span> <span class='ocrx_word' id='word_1_192' title='bbox 762 2085 890 2119; x_wconf 90' lang='lat' dir='ltr'><strong>malam</strong></span> <span class='ocrx_word' id='word_1_193' title='bbox 913 2096 995 2130; x_wconf 87' lang='lat' dir='ltr'><strong>par-</strong></span> 
     </span>
     <span class='ocr_line' id='line_1_32' title="bbox 315 2139 995 2185; baseline -0.001 -11"><span class='ocrx_word' id='word_1_194' title='bbox 315 2147 389 2174; x_wconf 88' lang='lat' dir='ltr'><strong>tem</strong></span> <span class='ocrx_word' id='word_1_195' title='bbox 410 2140 623 2185; x_wconf 86' lang='lat' dir='ltr'><strong>accipiantur</strong></span> <span class='ocrx_word' id='word_1_196' title='bbox 635 2167 644 2183; x_wconf 88' lang='lat'><strong>,</strong></span> <span class='ocrx_word' id='word_1_197' title='bbox 663 2140 720 2175; x_wconf 88' lang='lat' dir='ltr'><strong>hic</strong></span> <span class='ocrx_word' id='word_1_198' title='bbox 744 2140 787 2174; x_wconf 89' lang='lat' dir='ltr'><strong>de</strong></span> <span class='ocrx_word' id='word_1_199' title='bbox 805 2139 936 2174; x_wconf 89' lang='lat' dir='ltr'><strong>musica</strong></span> <span class='ocrx_word' id='word_1_200' title='bbox 959 2146 995 2174; x_wconf 89' lang='lat' dir='ltr'><strong>et</strong></span> 
     </span>
     <span class='ocr_line' id='line_1_33' title="bbox 315 2191 994 2239; baseline -0.003 -13"><span class='ocrx_word' id='word_1_201' title='bbox 315 2192 399 2239; x_wconf 83' lang='lat' dir='ltr'><strong>lyrae</strong></span> <span class='ocrx_word' id='word_1_202' title='bbox 431 2191 655 2237; x_wconf 68' lang='lat' dir='ltr'><strong>Amphioniae</strong></span> <span class='ocrx_word' id='word_1_203' title='bbox 683 2191 875 2234; x_wconf 87' lang='lat' dir='ltr'><strong>miraculis,</strong></span> <span class='ocrx_word' id='word_1_204' title='bbox 903 2191 994 2224; x_wconf 87' lang='lat' dir='ltr'><strong>sorte</strong></span> 
     </span>
     <span class='ocr_line' id='line_1_34' title="bbox 318 2242 995 2289; baseline -0.004 -11"><span class='ocrx_word' id='word_1_205' title='bbox 318 2244 424 2278; x_wconf 87' lang='lat' dir='ltr'><strong>etiam</strong></span> <span class='ocrx_word' id='word_1_206' title='bbox 439 2243 483 2277; x_wconf 89' lang='lat' dir='ltr'><strong>de</strong></span> <span class='ocrx_word' id='word_1_207' title='bbox 500 2243 606 2289; x_wconf 86' lang='lat' dir='ltr'><strong>regali</strong></span> <span class='ocrx_word' id='word_1_208' title='bbox 622 2243 792 2288; x_wconf 82' lang='lat' dir='ltr'><strong>sapientia</strong></span> <span class='ocrx_word' id='word_1_209' title='bbox 808 2250 843 2277; x_wconf 89' lang='lat' dir='ltr'><strong>et</strong></span> <span class='ocrx_word' id='word_1_210' title='bbox 860 2242 995 2287; x_wconf 90' lang='lat' dir='ltr'><strong>optimo</strong></span> 
     </span>
     <span class='ocr_line' id='line_1_35' title="bbox 318 2293 996 2342; baseline -0.004 -13"><span class='ocrx_word' id='word_1_211' title='bbox 318 2295 488 2342; x_wconf 85' lang='lat' dir='ltr'><strong>regimine</strong></span> <span class='ocrx_word' id='word_1_212' title='bbox 509 2294 777 2340; x_wconf 85' lang='lat' dir='ltr'><strong>intelligendum</strong></span> <span class='ocrx_word' id='word_1_213' title='bbox 805 2300 877 2336; x_wconf 80' lang='lat' dir='ltr'><strong>est,</strong></span> <span class='ocrx_word' id='word_1_214' title='bbox 909 2293 996 2327; x_wconf 89' lang='lat' dir='ltr'><strong>dum</strong></span> 
     </span>
     <span class='ocr_line' id='line_1_36' title="bbox 317 2348 997 2395; baseline -0.003 -10"><span class='ocrx_word' id='word_1_215' title='bbox 317 2363 413 2385; x_wconf 85' lang='lat' dir='ltr'><strong>arces</strong></span> <span class='ocrx_word' id='word_1_216' title='bbox 427 2349 652 2395; x_wconf 84' lang='lat' dir='ltr'><strong>tautologiam</strong></span> <span class='ocrx_word' id='word_1_217' title='bbox 665 2361 800 2383; x_wconf 90' lang='lat' dir='ltr'><strong>meram</strong></span> <span class='ocrx_word' id='word_1_218' title='bbox 820 2348 997 2383; x_wconf 80' lang='lat' dir='ltr'><strong>redoleret</strong></span> 
     </span>
     <span class='ocr_line' id='line_1_37' title="bbox 319 2398 997 2446; baseline -0.007 -9"><span class='ocrx_word' id='word_1_219' title='bbox 319 2414 401 2437; x_wconf 89' lang='lat' dir='ltr'><strong>cum</strong></span> <span class='ocrx_word' id='word_1_220' title='bbox 421 2403 575 2446; x_wconf 80' lang='lat' dir='ltr'><strong>potentia</strong></span> <span class='ocrx_word' id='word_1_221' title='bbox 599 2403 717 2444; x_wconf 71' lang='lat' dir='ltr'><strong>magni</strong></span> <span class='ocrx_word' id='word_1_222' title='bbox 738 2403 840 2443; x_wconf 75' lang='lat' dir='ltr'><strong>regni.</strong></span> <span class='ocrx_word' id='word_1_223' title='bbox 867 2398 933 2433; x_wconf 86' lang='lat' dir='ltr'><strong>Ed.</strong></span> <span class='ocrx_word' id='word_1_224' title='bbox 953 2417 997 2424; x_wconf 95' lang='lat'><strong>—-</strong></span> 
     </span>
     <span class='ocr_line' id='line_1_38' title="bbox 320 2449 997 2496; baseline -0.004 -9"><span class='ocrx_word' id='word_1_225' title='bbox 320 2454 437 2494; x_wconf 83' lang='lat' dir='ltr'><strong>Artes,</strong></span> <span class='ocrx_word' id='word_1_226' title='bbox 460 2452 588 2487; x_wconf 91' lang='lat' dir='ltr'><strong>musica</strong></span> <span class='ocrx_word' id='word_1_227' title='bbox 599 2477 608 2494; x_wconf 91' lang='lat'><strong>,</strong></span> <span class='ocrx_word' id='word_1_228' title='bbox 627 2463 695 2496; x_wconf 88' lang='lat' dir='ltr'><strong>qua</strong></span> <span class='ocrx_word' id='word_1_229' title='bbox 710 2450 894 2485; x_wconf 83' lang='lat' dir='ltr'><strong>excellebat</strong></span> <span class='ocrx_word' id='word_1_230' title='bbox 907 2449 997 2484; x_wconf 89' lang='lat' dir='ltr'><strong>Am-</strong></span> 
     </span>
     <span class='ocr_line' id='line_1_39' title="bbox 319 2503 998 2550; baseline -0.007 -11"><span class='ocrx_word' id='word_1_231' title='bbox 319 2505 427 2550; x_wconf 88' lang='lat' dir='ltr'><strong>phion</strong></span> <span class='ocrx_word' id='word_1_232' title='bbox 443 2531 453 2548; x_wconf 91' lang='lat'><strong>,</strong></span> <span class='ocrx_word' id='word_1_233' title='bbox 490 2516 567 2549; x_wconf 85' lang='lat' dir='ltr'><strong>quae</strong></span> <span class='ocrx_word' id='word_1_234' title='bbox 591 2503 673 2537; x_wconf 86' lang='lat' dir='ltr'><strong>inde</strong></span> <span class='ocrx_word' id='word_1_235' title='bbox 703 2503 910 2546; x_wconf 73' lang='lat' dir='ltr'><strong>Amphionio</strong></span> <span class='ocrx_word' id='word_1_236' title='bbox 940 2514 998 2535; x_wconf 80' lang='lat' dir='ltr'><strong>ars</strong></span> 
     </span>
     <span class='ocr_line' id='line_1_40' title="bbox 321 2554 998 2602; baseline -0.006 -12"><span class='ocrx_word' id='word_1_237' title='bbox 321 2558 413 2602; x_wconf 88' lang='lat' dir='ltr'><strong>apud</strong></span> <span class='ocrx_word' id='word_1_238' title='bbox 440 2557 626 2592; x_wconf 82' lang='lat' dir='ltr'><strong>Sidonium</strong></span> <span class='ocrx_word' id='word_1_239' title='bbox 658 2554 771 2600; x_wconf 88' lang='lat' dir='ltr'><strong>Apoll.</strong></span> <span class='ocrx_word' id='word_1_240' title='bbox 802 2555 843 2588; x_wconf 90' lang='lat' dir='ltr'><strong>ab</strong></span> <span class='ocrx_word' id='word_1_241' title='bbox 874 2554 998 2587; x_wconf 89' lang='lat' dir='ltr'><strong>Hein—</strong></span> 
     </span>
     <span class='ocr_line' id='line_1_41' title="bbox 320 2605 999 2651; baseline -0.006 -8"><span class='ocrx_word' id='word_1_242' title='bbox 320 2609 371 2643; x_wconf 86' lang='lat' dir='ltr'><strong>sio</strong></span> <span class='ocrx_word' id='word_1_243' title='bbox 387 2608 555 2643; x_wconf 84' lang='lat' dir='ltr'><strong>laudatur.</strong></span> <span class='ocrx_word' id='word_1_244' title='bbox 577 2608 620 2642; x_wconf 87' lang='lat' dir='ltr'><strong>In</strong></span> <span class='ocrx_word' id='word_1_245' title='bbox 636 2606 766 2642; x_wconf 86' lang='lat' dir='ltr'><strong>Twisd.</strong></span> <span class='ocrx_word' id='word_1_246' title='bbox 785 2605 873 2640; x_wconf 89' lang='lat' dir='ltr'><strong>Cod.</strong></span> <span class='ocrx_word' id='word_1_247' title='bbox 891 2605 999 2651; x_wconf 85' lang='lat' dir='ltr'><strong>glossa</strong></span> 
     </span>
     <span class='ocr_line' id='line_1_42' title="bbox 323 2661 999 2706; baseline -0.006 -10"><span class='ocrx_word' id='word_1_248' title='bbox 323 2661 491 2706; x_wconf 83' lang='lat' dir='ltr'><strong>adscripta</strong></span> <span class='ocrx_word' id='word_1_249' title='bbox 501 2669 575 2696; x_wconf 90' lang='lat' dir='ltr'><strong>erat</strong></span> <span class='ocrx_word' id='word_1_250' title='bbox 587 2687 596 2704; x_wconf 95' lang='lat'><strong>,</strong></span> <span class='ocrx_word' id='word_1_251' title='bbox 608 2665 688 2706; x_wconf 80' lang='lat' dir='ltr'><strong>quia</strong></span> <span class='ocrx_word' id='word_1_252' title='bbox 697 2661 897 2704; x_wconf 66' lang='lat' dir='ltr'><strong>cithare-dus</strong></span> <span class='ocrx_word' id='word_1_253' title='bbox 909 2663 982 2693; x_wconf 75' lang='lat' dir='ltr'><strong>erat</strong></span> <span class='ocrx_word' id='word_1_254' title='bbox 989 2672 999 2693; x_wconf 78' lang='lat'><strong>.-</strong></span> 
     </span>
    </p>
   </div>
   <div class='ocr_carea' id='block_1_10' title="bbox 322 2710 1002 2813">
    <p class='ocr_par' dir='ltr' id='par_1_14' title="bbox 322 2710 1002 2813">
     <span class='ocr_line' id='line_1_43' title="bbox 322 2710 1002 2759; baseline -0.004 -12"><span class='ocrx_word' id='word_1_255' title='bbox 322 2714 400 2749; x_wconf 86' lang='lat' dir='ltr'><strong>vide</strong></span> <span class='ocrx_word' id='word_1_256' title='bbox 413 2714 456 2748; x_wconf 89' lang='lat' dir='ltr'><strong>ad</strong></span> <span class='ocrx_word' id='word_1_257' title='bbox 471 2726 610 2748; x_wconf 85' lang='lat' dir='ltr'><strong>versum</strong></span> <span class='ocrx_word' id='word_1_258' title='bbox 626 2714 695 2759; x_wconf 86' lang='lat'><strong>178.</strong></span> <span class='ocrx_word' id='word_1_259' title='bbox 713 2712 783 2748; x_wconf 91' lang='lat' dir='ltr'><strong>Sed</strong></span> <span class='ocrx_word' id='word_1_260' title='bbox 796 2711 946 2746; x_wconf 88' lang='lat' dir='ltr'><strong>Bruckh.</strong></span> <span class='ocrx_word' id='word_1_261' title='bbox 957 2710 1002 2745; x_wconf 88' lang='lat' dir='ltr'><strong>ad</strong></span> 
     </span>
     <span class='ocr_line' id='line_1_44' title="bbox 323 2764 1001 2813; baseline -0.006 -11"><span class='ocrx_word' id='word_1_262' title='bbox 323 2769 484 2813; x_wconf 84' lang='lat' dir='ltr'><strong>Propert.</strong></span> <span class='ocrx_word' id='word_1_263' title='bbox 501 2767 575 2811; x_wconf 92' lang='lat'><strong>111,</strong></span> <span class='ocrx_word' id='word_1_264' title='bbox 593 2778 647 2802; x_wconf 87' lang='lat' dir='ltr'><strong>v11</strong></span> <span class='ocrx_word' id='word_1_265' title='bbox 661 2792 671 2809; x_wconf 93' lang='lat'><strong>,</strong></span> <span class='ocrx_word' id='word_1_266' title='bbox 691 2767 754 2813; x_wconf 83' lang='lat'><strong>39,</strong></span> <span class='ocrx_word' id='word_1_267' title='bbox 779 2778 842 2811; x_wconf 87' lang='lat' dir='ltr'><strong>per</strong></span> <span class='ocrx_word' id='word_1_268' title='bbox 862 2769 951 2799; x_wconf 78' lang='lat' dir='ltr'><strong>artes</strong></span> <span class='ocrx_word' id='word_1_269' title='bbox 967 2764 1001 2799; x_wconf 81' lang='lat' dir='ltr'><strong>h.</strong></span> 
     </span>
    </p>
   </div>
   <div class='ocr_carea' id='block_1_11' title="bbox 1048 1194 1743 2806">
    <p class='ocr_par' dir='ltr' id='par_1_15' title="bbox 1048 1194 1733 1916">
     <span class='ocr_line' id='line_1_45' title="bbox 1048 1194 1728 1244; baseline 0 -11"><span class='ocrx_word' id='word_1_270' title='bbox 1048 1199 1069 1234; x_wconf 87' lang='lat' dir='ltr'><strong>l.</strong></span> <span class='ocrx_word' id='word_1_271' title='bbox 1088 1199 1184 1235; x_wconf 84' lang='lat' dir='ltr'><strong>intel.</strong></span> <span class='ocrx_word' id='word_1_272' title='bbox 1204 1200 1330 1234; x_wconf 89' lang='lat' dir='ltr'><strong>urbem</strong></span> <span class='ocrx_word' id='word_1_273' title='bbox 1343 1194 1504 1242; x_wconf 84' lang='lat' dir='ltr'><strong>Thebas,</strong></span> <span class='ocrx_word' id='word_1_274' title='bbox 1521 1210 1626 1244; x_wconf 83' lang='lat' dir='ltr'><strong>quam</strong></span> <span class='ocrx_word' id='word_1_275' title='bbox 1637 1199 1728 1234; x_wconf 86' lang='lat' dir='ltr'><strong>Am·-</strong></span> 
     </span>
     <span class='ocr_line' id='line_1_46' title="bbox 1048 1252 1723 1298; baseline -0.001 -12"><span class='ocrx_word' id='word_1_276' title='bbox 1048 1252 1156 1297; x_wconf 89' lang='lat' dir='ltr'><strong>phion</strong></span> <span class='ocrx_word' id='word_1_277' title='bbox 1186 1252 1270 1298; x_wconf 83' lang='lat' dir='ltr'><strong>lyrae</strong></span> <span class='ocrx_word' id='word_1_278' title='bbox 1300 1264 1428 1287; x_wconf 83' lang='lat' dir='ltr'><strong>canore</strong></span> <span class='ocrx_word' id='word_1_279' title='bbox 1461 1258 1703 1287; x_wconf 79' lang='lat' dir='ltr'><strong>construxerat</strong></span> <span class='ocrx_word' id='word_1_280' title='bbox 1714 1277 1723 1294; x_wconf 89' lang='lat'><em>‚</em></span> 
     </span>
     <span class='ocr_line' id='line_1_47' title="bbox 1049 1304 1727 1351; baseline -0.001 -12"><span class='ocrx_word' id='word_1_281' title='bbox 1049 1305 1349 1350; x_wconf 88' lang='lat' dir='ltr'><strong>quemadmodum</strong></span> <span class='ocrx_word' id='word_1_282' title='bbox 1368 1305 1459 1351; x_wconf 90' lang='lat' dir='ltr'><strong>apud</strong></span> <span class='ocrx_word' id='word_1_283' title='bbox 1476 1305 1637 1350; x_wconf 89' lang='lat' dir='ltr'><strong>Propert.</strong></span> <span class='ocrx_word' id='word_1_284' title='bbox 1656 1304 1688 1339; x_wconf 88' lang='lat' dir='ltr'><strong>d.</strong></span> <span class='ocrx_word' id='word_1_285' title='bbox 1705 1304 1727 1338; x_wconf 89' lang='lat' dir='ltr'><strong>l.</strong></span> 
     </span>
     <span class='ocr_line' id='line_1_48' title="bbox 1050 1356 1728 1404; baseline -0.003 -12"><span class='ocrx_word' id='word_1_286' title='bbox 1050 1359 1220 1404; x_wconf 86' lang='lat' dir='ltr'><strong>Pergama</strong></span> <span class='ocrx_word' id='word_1_287' title='bbox 1245 1372 1286 1394; x_wconf 88' lang='lat' dir='ltr'><strong>ex</strong></span> <span class='ocrx_word' id='word_1_288' title='bbox 1309 1357 1462 1393; x_wconf 85' lang='lat' dir='ltr'><strong>Bruckh.</strong></span> <span class='ocrx_word' id='word_1_289' title='bbox 1480 1356 1728 1392; x_wconf 84' lang='lat' dir='ltr'><strong>emendatione</strong></span> 
     </span>
     <span class='ocr_line' id='line_1_49' title="bbox 1053 1412 1730 1458; baseline -0.006 -10"><span class='ocrx_word' id='word_1_290' title='bbox 1053 1412 1219 1448; x_wconf 88' lang='lat' dir='ltr'><strong>dicuntur</strong></span> <span class='ocrx_word' id='word_1_291' title='bbox 1244 1413 1418 1458; x_wconf 75' lang='lat' dir='ltr'><strong>Apollinis</strong></span> <span class='ocrx_word' id='word_1_292' title='bbox 1440 1416 1539 1447; x_wconf 76' lang='lat' dir='ltr'><strong>artes.</strong></span> <span class='ocrx_word' id='word_1_293' title='bbox 1568 1412 1622 1447; x_wconf 83' lang='lat' dir='ltr'><strong>lta</strong></span> <span class='ocrx_word' id='word_1_294' title='bbox 1645 1423 1730 1445; x_wconf 84' lang='lat' dir='ltr'><strong>vero</strong></span> 
     </span>
     <span class='ocr_line' id='line_1_50' title="bbox 1052 1463 1729 1510; baseline -0.006 -10"><span class='ocrx_word' id='word_1_295' title='bbox 1052 1466 1221 1508; x_wconf 85' lang='lat' dir='ltr'><strong>musices,</strong></span> <span class='ocrx_word' id='word_1_296' title='bbox 1253 1478 1321 1510; x_wconf 87' lang='lat' dir='ltr'><strong>qua</strong></span> <span class='ocrx_word' id='word_1_297' title='bbox 1346 1470 1485 1499; x_wconf 84' lang='lat' dir='ltr'><strong>tantum</strong></span> <span class='ocrx_word' id='word_1_298' title='bbox 1508 1463 1571 1498; x_wconf 91' lang='lat' dir='ltr'><strong>sibi</strong></span> <span class='ocrx_word' id='word_1_299' title='bbox 1595 1475 1729 1498; x_wconf 84' lang='lat' dir='ltr'><strong>nomen</strong></span> 
     </span>
     <span class='ocr_line' id='line_1_51' title="bbox 1053 1514 1731 1562; baseline -0.004 -11"><span class='ocrx_word' id='word_1_300' title='bbox 1053 1517 1234 1562; x_wconf 86' lang='lat' dir='ltr'><strong>Amphion</strong></span> <span class='ocrx_word' id='word_1_301' title='bbox 1270 1521 1475 1562; x_wconf 78' lang='lat' dir='ltr'><strong>paraverat,</strong></span> <span class='ocrx_word' id='word_1_302' title='bbox 1501 1514 1598 1559; x_wconf 87' lang='lat' dir='ltr'><strong>nulla</strong></span> <span class='ocrx_word' id='word_1_303' title='bbox 1629 1514 1731 1549; x_wconf 88' lang='lat' dir='ltr'><strong>fieret</strong></span> 
     </span>
     <span class='ocr_line' id='line_1_52' title="bbox 1052 1565 1731 1612; baseline -0.003 -10"><span class='ocrx_word' id='word_1_304' title='bbox 1052 1568 1197 1602; x_wconf 76' lang='lat' dir='ltr'><strong>mentio.</strong></span> <span class='ocrx_word' id='word_1_305' title='bbox 1216 1568 1329 1602; x_wconf 90' lang='lat' dir='ltr'><strong>Possis</strong></span> <span class='ocrx_word' id='word_1_306' title='bbox 1345 1569 1436 1602; x_wconf 87' lang='lat' dir='ltr'><strong>sorte</strong></span> <span class='ocrx_word' id='word_1_307' title='bbox 1460 1573 1651 1612; x_wconf 85' lang='lat' dir='ltr'><strong>utrumque</strong></span> <span class='ocrx_word' id='word_1_308' title='bbox 1674 1565 1731 1600; x_wconf 91' lang='lat' dir='ltr'><strong>hic</strong></span> 
     </span>
     <span class='ocr_line' id='line_1_53' title="bbox 1052 1616 1730 1663; baseline -0.004 -11"><span class='ocrx_word' id='word_1_309' title='bbox 1052 1619 1245 1663; x_wconf 85' lang='lat' dir='ltr'><strong>intelligere</strong></span> <span class='ocrx_word' id='word_1_310' title='bbox 1256 1645 1266 1661; x_wconf 90' lang='lat'><strong>,</strong></span> <span class='ocrx_word' id='word_1_311' title='bbox 1277 1619 1445 1653; x_wconf 87' lang='lat' dir='ltr'><strong>musicam</strong></span> <span class='ocrx_word' id='word_1_312' title='bbox 1456 1625 1492 1652; x_wconf 89' lang='lat' dir='ltr'><strong>et</strong></span> <span class='ocrx_word' id='word_1_313' title='bbox 1499 1618 1638 1654; x_wconf 87' lang='lat' dir='ltr'><strong>moenia.</strong></span> <span class='ocrx_word' id='word_1_314' title='bbox 1649 1616 1730 1651; x_wconf 83' lang='lat' dir='ltr'><strong>Vid.</strong></span> 
     </span>
     <span class='ocr_line' id='line_1_54' title="bbox 1053 1672 1732 1717; baseline -0.003 -12"><span class='ocrx_word' id='word_1_315' title='bbox 1053 1672 1095 1706; x_wconf 87' lang='lat' dir='ltr'><strong>ad</strong></span> <span class='ocrx_word' id='word_1_316' title='bbox 1104 1684 1190 1706; x_wconf 88' lang='lat' dir='ltr'><strong>vers.</strong></span> <span class='ocrx_word' id='word_1_317' title='bbox 1205 1686 1216 1705; x_wconf 87' lang='lat'>1</span> <span class='ocrx_word' id='word_1_318' title='bbox 1225 1673 1407 1717; x_wconf 85' lang='lat' dir='ltr'><strong>78.-—Sic...</strong></span> <span class='ocrx_word' id='word_1_319' title='bbox 1421 1673 1470 1705; x_wconf 81' lang='lat' dir='ltr'><strong>Ut</strong></span> <span class='ocrx_word' id='word_1_320' title='bbox 1479 1684 1543 1705; x_wconf 84' lang='lat' dir='ltr'><strong>sua</strong></span> <span class='ocrx_word' id='word_1_321' title='bbox 1547 1674 1732 1715; x_wconf 77' lang='lat' dir='ltr'><strong>progenies.</strong></span> 
     </span>
     <span class='ocr_line' id='line_1_55' title="bbox 1054 1722 1728 1769; baseline -0.004 -10"><span class='ocrx_word' id='word_1_322' title='bbox 1054 1725 1142 1759; x_wconf 83' lang='lat' dir='ltr'><strong>Haec</strong></span> <span class='ocrx_word' id='word_1_323' title='bbox 1157 1737 1258 1759; x_wconf 87' lang='lat' dir='ltr'><strong>causa</strong></span> <span class='ocrx_word' id='word_1_324' title='bbox 1283 1724 1315 1758; x_wconf 90' lang='lat' dir='ltr'><strong>ei</strong></span> <span class='ocrx_word' id='word_1_325' title='bbox 1335 1724 1402 1758; x_wconf 87' lang='lat' dir='ltr'><strong>suit</strong></span> <span class='ocrx_word' id='word_1_326' title='bbox 1419 1723 1588 1769; x_wconf 83' lang='lat' dir='ltr'><strong>superbiae</strong></span> <span class='ocrx_word' id='word_1_327' title='bbox 1600 1749 1610 1766; x_wconf 94' lang='lat'><strong>,</strong></span> <span class='ocrx_word' id='word_1_328' title='bbox 1631 1722 1728 1757; x_wconf 88' lang='lat' dir='ltr'><strong>cala-</strong></span> 
     </span>
     <span class='ocr_line' id='line_1_56' title="bbox 1054 1776 1732 1820; baseline -0.003 -8"><span class='ocrx_word' id='word_1_329' title='bbox 1054 1777 1203 1820; x_wconf 87' lang='lat' dir='ltr'><strong>mitatis,</strong></span> <span class='ocrx_word' id='word_1_330' title='bbox 1228 1777 1342 1812; x_wconf 87' lang='lat' dir='ltr'><strong>insani</strong></span> <span class='ocrx_word' id='word_1_331' title='bbox 1359 1776 1487 1811; x_wconf 88' lang='lat' dir='ltr'><strong>doloris</strong></span> <span class='ocrx_word' id='word_1_332' title='bbox 1508 1783 1543 1811; x_wconf 89' lang='lat' dir='ltr'><strong>et</strong></span> <span class='ocrx_word' id='word_1_333' title='bbox 1563 1776 1732 1811; x_wconf 88' lang='lat' dir='ltr'><strong>mutatio-</strong></span> 
     </span>
     <span class='ocr_line' id='line_1_57' title="bbox 1054 1828 1733 1873; baseline 0.001 -11"><span class='ocrx_word' id='word_1_334' title='bbox 1054 1829 1119 1863; x_wconf 87' lang='lat' dir='ltr'><strong>nis.</strong></span> <span class='ocrx_word' id='word_1_335' title='bbox 1135 1846 1178 1855; x_wconf 90' lang='lat'><strong>-—</strong></span> <span class='ocrx_word' id='word_1_336' title='bbox 1193 1830 1270 1863; x_wconf 86' lang='lat' dir='ltr'><strong>Sibi</strong></span> <span class='ocrx_word' id='word_1_337' title='bbox 1282 1832 1358 1863; x_wconf 69' lang='lat' dir='ltr'><strong>vira</strong></span> <span class='ocrx_word' id='word_1_338' title='bbox 1375 1828 1524 1872; x_wconf 66' lang='lat' dir='ltr'><strong>farlo-set,</strong></span> <span class='ocrx_word' id='word_1_339' title='bbox 1555 1834 1659 1873; x_wconf 84' lang='lat' dir='ltr'><strong>atque</strong></span> <span class='ocrx_word' id='word_1_340' title='bbox 1679 1828 1733 1863; x_wconf 84' lang='lat' dir='ltr'><strong>se-</strong></span> 
     </span>
     <span class='ocr_line' id='line_1_58' title="bbox 1054 1880 1523 1916; baseline -0.002 0"><span class='ocrx_word' id='word_1_341' title='bbox 1054 1881 1189 1916; x_wconf 85' lang='lat' dir='ltr'><strong>licitatis</strong></span> <span class='ocrx_word' id='word_1_342' title='bbox 1205 1880 1293 1915; x_wconf 87' lang='lat' dir='ltr'><strong>illius</strong></span> <span class='ocrx_word' id='word_1_343' title='bbox 1307 1893 1410 1916; x_wconf 86' lang='lat' dir='ltr'><strong>sensu</strong></span> <span class='ocrx_word' id='word_1_344' title='bbox 1424 1880 1523 1915; x_wconf 86' lang='lat' dir='ltr'><strong>elata.</strong></span> 
     </span>
    </p>

    <p class='ocr_par' dir='ltr' id='par_1_16' title="bbox 1052 1930 1743 2806">
     <span class='ocr_line' id='line_1_59' title="bbox 1103 1930 1734 1978; baseline -0.003 -11"><span class='ocrx_word' id='word_1_345' title='bbox 1103 1935 1175 1978; x_wconf 88' lang='lat'>157.</span> <span class='ocrx_word' id='word_1_346' title='bbox 1194 1934 1281 1967; x_wconf 86' lang='lat' dir='ltr'><strong>Nam</strong></span> <span class='ocrx_word' id='word_1_347' title='bbox 1301 1937 1381 1966; x_wconf 81' lang='lat' dir='ltr'><strong>sata</strong></span> <span class='ocrx_word' id='word_1_348' title='bbox 1409 1939 1473 1967; x_wconf 89' lang='lat' dir='ltr'><strong>etc.</strong></span> <span class='ocrx_word' id='word_1_349' title='bbox 1499 1931 1612 1967; x_wconf 91' lang='lat' dir='ltr'><strong>Niobe</strong></span> <span class='ocrx_word' id='word_1_350' title='bbox 1636 1930 1734 1966; x_wconf 77' lang='lat' dir='ltr'><strong>The‘-</strong></span> 
     </span>
     <span class='ocr_line' id='line_1_60' title="bbox 1055 1983 1737 2020; baseline -0.003 -1"><span class='ocrx_word' id='word_1_351' title='bbox 1055 1985 1153 2020; x_wconf 88' lang='lat' dir='ltr'><strong>banis</strong></span> <span class='ocrx_word' id='word_1_352' title='bbox 1165 1983 1392 2019; x_wconf 86' lang='lat' dir='ltr'><strong>interdixerat</strong></span> <span class='ocrx_word' id='word_1_353' title='bbox 1409 1983 1553 2018; x_wconf 86' lang='lat' dir='ltr'><strong>Latonae</strong></span> <span class='ocrx_word' id='word_1_354' title='bbox 1566 1995 1661 2018; x_wconf 84' lang='lat' dir='ltr'><strong>sacra</strong></span> <span class='ocrx_word' id='word_1_355' title='bbox 1675 1995 1737 2017; x_wconf 89' lang='lat' dir='ltr'><strong>ce·-</strong></span> 
     </span>
     <span class='ocr_line' id='line_1_61' title="bbox 1057 2037 1735 2081; baseline -0.004 -9"><span class='ocrx_word' id='word_1_356' title='bbox 1057 2038 1202 2072; x_wconf 86' lang='lat' dir='ltr'><strong>lebrare.</strong></span> <span class='ocrx_word' id='word_1_357' title='bbox 1235 2038 1315 2072; x_wconf 91' lang='lat' dir='ltr'><strong>Hoc</strong></span> <span class='ocrx_word' id='word_1_358' title='bbox 1346 2037 1524 2079; x_wconf 81' lang='lat' dir='ltr'><strong>tractavit,</strong></span> <span class='ocrx_word' id='word_1_359' title='bbox 1553 2043 1593 2071; x_wconf 84' lang='lat' dir='ltr'><strong>ut</strong></span> <span class='ocrx_word' id='word_1_360' title='bbox 1622 2043 1735 2081; x_wconf 87' lang='lat' dir='ltr'><strong>poeta.</strong></span> 
     </span>
     <span class='ocr_line' id='line_1_62' title="bbox 1058 2087 1734 2130; baseline -0.004 -6"><span class='ocrx_word' id='word_1_361' title='bbox 1058 2091 1188 2124; x_wconf 84' lang='lat' dir='ltr'><strong>Vatem</strong></span> <span class='ocrx_word' id='word_1_362' title='bbox 1217 2089 1352 2124; x_wconf 87' lang='lat' dir='ltr'><strong>inducit</strong></span> <span class='ocrx_word' id='word_1_363' title='bbox 1374 2101 1468 2123; x_wconf 88' lang='lat' dir='ltr'><strong>sacra</strong></span> <span class='ocrx_word' id='word_1_364' title='bbox 1493 2087 1708 2122; x_wconf 83' lang='lat' dir='ltr'><strong>indicentem</strong></span> <span class='ocrx_word' id='word_1_365' title='bbox 1724 2114 1734 2130; x_wconf 94' lang='lat'>‚</span> 
     </span>
     <span class='ocr_line' id='line_1_63' title="bbox 1057 2139 1736 2186; baseline -0.004 -11"><span class='ocrx_word' id='word_1_366' title='bbox 1057 2141 1221 2175; x_wconf 88' lang='lat' dir='ltr'><strong>mulieres</strong></span> <span class='ocrx_word' id='word_1_367' title='bbox 1236 2141 1334 2186; x_wconf 81' lang='lat' dir='ltr'><strong>jussis</strong></span> <span class='ocrx_word' id='word_1_368' title='bbox 1351 2146 1512 2186; x_wconf 81' lang='lat' dir='ltr'><strong>parentes</strong></span> <span class='ocrx_word' id='word_1_369' title='bbox 1523 2165 1533 2183; x_wconf 92' lang='lat'><strong>,</strong></span> <span class='ocrx_word' id='word_1_370' title='bbox 1547 2139 1686 2175; x_wconf 89' lang='lat' dir='ltr'><strong>Nioben</strong></span> <span class='ocrx_word' id='word_1_371' title='bbox 1698 2139 1736 2172; x_wconf 87' lang='lat' dir='ltr'><strong>in</strong></span> 
     </span>
     <span class='ocr_line' id='line_1_64' title="bbox 1058 2191 1735 2240; baseline -0.004 -13"><span class='ocrx_word' id='word_1_372' title='bbox 1058 2193 1235 2240; x_wconf 85' lang='lat' dir='ltr'><strong>publicum</strong></span> <span class='ocrx_word' id='word_1_373' title='bbox 1257 2192 1491 2238; x_wconf 87' lang='lat' dir='ltr'><strong>prodeuntem</strong></span> <span class='ocrx_word' id='word_1_374' title='bbox 1509 2217 1519 2235; x_wconf 91' lang='lat'>‚</span> <span class='ocrx_word' id='word_1_375' title='bbox 1540 2204 1576 2226; x_wconf 84' lang='lat' dir='ltr'><strong>se</strong></span> <span class='ocrx_word' id='word_1_376' title='bbox 1593 2191 1735 2236; x_wconf 75' lang='lat' dir='ltr'><strong>jactan—</strong></span> 
     </span>
     <span class='ocr_line' id='line_1_65' title="bbox 1058 2243 1739 2288; baseline -0.004 -9"><span class='ocrx_word' id='word_1_377' title='bbox 1058 2252 1131 2279; x_wconf 86' lang='lat' dir='ltr'><strong>tem</strong></span> <span class='ocrx_word' id='word_1_378' title='bbox 1142 2271 1151 2288; x_wconf 88' lang='lat'><strong>,</strong></span> <span class='ocrx_word' id='word_1_379' title='bbox 1166 2244 1253 2279; x_wconf 82' lang='lat' dir='ltr'><strong>Deae</strong></span> <span class='ocrx_word' id='word_1_380' title='bbox 1269 2244 1549 2279; x_wconf 85' lang='lat' dir='ltr'><strong>maledicentem.</strong></span> <span class='ocrx_word' id='word_1_381' title='bbox 1562 2263 1606 2272; x_wconf 90' lang='lat'>—</span> <span class='ocrx_word' id='word_1_382' title='bbox 1616 2243 1739 2276; x_wconf 75' lang='lat' dir='ltr'><strong>Manto</strong></span> 
     </span>
     <span class='ocr_line' id='line_1_66' title="bbox 1061 2294 1738 2341; baseline -0.004 -10"><span class='ocrx_word' id='word_1_383' title='bbox 1061 2299 1109 2340; x_wconf 85' lang='lat' dir='ltr'><strong>(a</strong></span> <span class='ocrx_word' id='word_1_384' title='bbox 1129 2294 1359 2341; x_wconf 76' lang='grc' dir='ltr'><strong>μαντεύεσθαι)</strong></span> <span class='ocrx_word' id='word_1_385' title='bbox 1392 2308 1481 2341; x_wconf 82' lang='lat' dir='ltr'><strong>saepe</strong></span> <span class='ocrx_word' id='word_1_386' title='bbox 1505 2308 1522 2329; x_wconf 91' lang='lat' dir='ltr'><strong>a</strong></span> <span class='ocrx_word' id='word_1_387' title='bbox 1549 2294 1738 2329; x_wconf 82' lang='lat' dir='ltr'><strong>Veteribus</strong></span> 
     </span>
     <span class='ocr_line' id='line_1_67' title="bbox 1059 2346 1738 2391; baseline -0.004 -9"><span class='ocrx_word' id='word_1_388' title='bbox 1059 2354 1369 2383; x_wconf 80' lang='lat' dir='ltr'><strong>commemoratur.</strong></span> <span class='ocrx_word' id='word_1_389' title='bbox 1384 2348 1427 2382; x_wconf 86' lang='lat' dir='ltr'><strong>In</strong></span> <span class='ocrx_word' id='word_1_390' title='bbox 1440 2347 1515 2391; x_wconf 85' lang='lat' dir='ltr'><strong>ejus</strong></span> <span class='ocrx_word' id='word_1_391' title='bbox 1531 2346 1645 2380; x_wconf 88' lang='lat' dir='ltr'><strong>verbis</strong></span> <span class='ocrx_word' id='word_1_392' title='bbox 1662 2358 1738 2379; x_wconf 90' lang='lat' dir='ltr'><strong>non</strong></span> 
     </span>
     <span class='ocr_line' id='line_1_68' title="bbox 1058 2396 1740 2443; baseline -0.003 -9"><span class='ocrx_word' id='word_1_393' title='bbox 1058 2400 1149 2434; x_wconf 87' lang='lat' dir='ltr'><strong>inest</strong></span> <span class='ocrx_word' id='word_1_394' title='bbox 1162 2402 1374 2437; x_wconf 75' lang='lat' dir='ltr'><strong>vaticinium,</strong></span> <span class='ocrx_word' id='word_1_395' title='bbox 1397 2397 1491 2442; x_wconf 91' lang='lat' dir='ltr'><strong>quod</strong></span> <span class='ocrx_word' id='word_1_396' title='bbox 1507 2397 1610 2443; x_wconf 87' lang='lat' dir='ltr'><strong>vulgo</strong></span> <span class='ocrx_word' id='word_1_397' title='bbox 1622 2397 1670 2432; x_wconf 82' lang='lat' dir='ltr'><strong>si&#39;e</strong></span> <span class='ocrx_word' id='word_1_398' title='bbox 1685 2396 1740 2432; x_wconf 80' lang='lat' dir='ltr'><strong>dr.</strong></span> 
     </span>
     <span class='ocr_line' id='line_1_69' title="bbox 1059 2448 1740 2493; baseline -0.006 -9"><span class='ocrx_word' id='word_1_399' title='bbox 1059 2450 1119 2484; x_wconf 89' lang='lat' dir='ltr'><strong>sed</strong></span> <span class='ocrx_word' id='word_1_400' title='bbox 1136 2449 1278 2484; x_wconf 85' lang='lat' dir='ltr'><strong>indictio</strong></span> <span class='ocrx_word' id='word_1_401' title='bbox 1294 2461 1481 2483; x_wconf 88' lang='lat' dir='ltr'><strong>sacrorum.</strong></span> <span class='ocrx_word' id='word_1_402' title='bbox 1498 2448 1636 2493; x_wconf 89' lang='lat' dir='ltr'><strong>Nempe</strong></span> <span class='ocrx_word' id='word_1_403' title='bbox 1646 2450 1740 2482; x_wconf 79' lang='lat' dir='ltr'><strong>vali-</strong></span> 
     </span>
     <span class='ocr_line' id='line_1_70' title="bbox 1059 2498 1741 2545; baseline -0.006 -9"><span class='ocrx_word' id='word_1_404' title='bbox 1059 2505 1171 2536; x_wconf 81' lang='lat' dir='ltr'><strong>cinari</strong></span> <span class='ocrx_word' id='word_1_405' title='bbox 1182 2501 1328 2535; x_wconf 89' lang='lat' dir='ltr'><strong>omnino</strong></span> <span class='ocrx_word' id='word_1_406' title='bbox 1346 2507 1397 2535; x_wconf 89' lang='lat' dir='ltr'><strong>est</strong></span> <span class='ocrx_word' id='word_1_407' title='bbox 1418 2499 1571 2545; x_wconf 88' lang='lat' dir='ltr'><strong>impulsu</strong></span> <span class='ocrx_word' id='word_1_408' title='bbox 1596 2499 1665 2534; x_wconf 85' lang='lat' dir='ltr'><strong>Dei</strong></span> <span class='ocrx_word' id='word_1_409' title='bbox 1681 2498 1741 2532; x_wconf 89' lang='lat' dir='ltr'><strong>lo-</strong></span> 
     </span>
     <span class='ocr_line' id='line_1_71' title="bbox 1061 2547 1739 2598; baseline -0.006 -12"><span class='ocrx_word' id='word_1_410' title='bbox 1061 2553 1131 2598; x_wconf 91' lang='lat' dir='ltr'><strong>qui.</strong></span> <span class='ocrx_word' id='word_1_411' title='bbox 1139 2554 1314 2586; x_wconf 72' lang='lat' dir='ltr'><strong>—Divino</strong></span> <span class='ocrx_word' id='word_1_412' title='bbox 1330 2554 1464 2585; x_wconf 79' lang='lat' dir='ltr'><strong>concita</strong></span> <span class='ocrx_word' id='word_1_413' title='bbox 1475 2555 1588 2593; x_wconf 81' lang='lat' dir='ltr'><strong>molu,·</strong></span> <span class='ocrx_word' id='word_1_414' title='bbox 1605 2549 1683 2584; x_wconf 84' lang='lat' dir='ltr'><strong>vide</strong></span> <span class='ocrx_word' id='word_1_415' title='bbox 1695 2547 1739 2584; x_wconf 78' lang='lat' dir='ltr'><strong>ad</strong></span> 
     </span>
     <span class='ocr_line' id='line_1_72' title="bbox 1061 2600 1735 2649; baseline -0.013 -9"><span class='ocrx_word' id='word_1_416' title='bbox 1061 2606 1117 2640; x_wconf 93' lang='lat' dir='ltr'><strong>III</strong></span> <span class='ocrx_word' id='word_1_417' title='bbox 1129 2631 1138 2649; x_wconf 90' lang='lat'><strong>,</strong></span> <span class='ocrx_word' id='word_1_418' title='bbox 1177 2618 1213 2649; x_wconf 92' lang='lat'><strong>71</strong></span> <span class='ocrx_word' id='word_1_419' title='bbox 1224 2618 1250 2637; x_wconf 92' lang='lat'><strong>1.</strong></span> <span class='ocrx_word' id='word_1_420' title='bbox 1279 2602 1414 2638; x_wconf 85' lang='lat' dir='ltr'><strong>Confer</strong></span> <span class='ocrx_word' id='word_1_421' title='bbox 1433 2602 1576 2638; x_wconf 56' lang='lat' dir='ltr'><strong>‘Senem</strong></span> <span class='ocrx_word' id='word_1_422' title='bbox 1611 2600 1735 2645; x_wconf 83' lang='lat' dir='ltr'><strong>Agam.</strong></span> 
     </span>
     <span class='ocr_line' id='line_1_73' title="bbox 1061 2653 1743 2704; baseline -0.01 -13"><span class='ocrx_word' id='word_1_423' title='bbox 1061 2658 1145 2704; x_wconf 81' lang='lat'><strong>319,</strong></span> <span class='ocrx_word' id='word_1_424' title='bbox 1162 2656 1221 2701; x_wconf 84' lang='lat' dir='ltr'><strong>qui</strong></span> <span class='ocrx_word' id='word_1_425' title='bbox 1239 2656 1408 2691; x_wconf 89' lang='lat' dir='ltr'><strong>Nostrum</strong></span> <span class='ocrx_word' id='word_1_426' title='bbox 1423 2654 1586 2700; x_wconf 84' lang='lat' dir='ltr'><strong>expressit</strong></span> <span class='ocrx_word' id='word_1_427' title='bbox 1604 2665 1612 2686; x_wconf 91' lang='lat'>:</span> <span class='ocrx_word' id='word_1_428' title='bbox 1633 2653 1743 2695; x_wconf 82' lang='lat' dir='ltr'><strong>Quam</strong></span> 
     </span>
     <span class='ocr_line' id='line_1_74' title="bbox 1052 2704 1743 2753; baseline -0.012 -10"><span class='ocrx_word' id='word_1_429' title='bbox 1052 2709 1205 2753; x_wconf 71' lang='lat' dir='ltr'><strong>satorum</strong></span> <span class='ocrx_word' id='word_1_430' title='bbox 1221 2711 1364 2751; x_wconf 72' lang='lat' dir='ltr'><strong>pra-scia</strong></span> <span class='ocrx_word' id='word_1_431' title='bbox 1378 2708 1497 2740; x_wconf 82' lang='lat' dir='ltr'><strong>Manlo</strong></span> <span class='ocrx_word' id='word_1_432' title='bbox 1514 2705 1597 2738; x_wconf 81' lang='lat' dir='ltr'><strong>Sata</strong></span> <span class='ocrx_word' id='word_1_433' title='bbox 1612 2704 1743 2736; x_wconf 74' lang='lat' dir='ltr'><strong>Tiresia</strong></span> 
     </span>
     <span class='ocr_line' id='line_1_75' title="bbox 1064 2758 1743 2806; baseline -0.012 -10"><span class='ocrx_word' id='word_1_434' title='bbox 1064 2763 1295 2806; x_wconf 69' lang='lat' dir='ltr'><strong>Latonigenas</strong></span> <span class='ocrx_word' id='word_1_435' title='bbox 1311 2760 1445 2793; x_wconf 74' lang='lat' dir='ltr'><strong>Monuit</strong></span> <span class='ocrx_word' id='word_1_436' title='bbox 1457 2759 1564 2792; x_wconf 83' lang='lat' dir='ltr'><strong>sacris</strong></span> <span class='ocrx_word' id='word_1_437' title='bbox 1581 2758 1743 2790; x_wconf 67' lang='lat' dir='ltr'><strong>celebrare</strong></span> 
     </span>
    </p>
   </div>
  </div>
 </body>
</html>
