1832 3100
291 227 371 271 160

644 231 695 273 P.
739 231 987 276 OVIDII
1024 231 1334 279 NASONIS

286 320 509 388 Aeriaeque
531 321 691 388 Alpes,
717 335 762 372 et
782 323 960 373 nubifer
983 325 1258 391 Apenninus.

344 399 470 447 Tunc
492 417 593 447 vero
616 399 846 450 Phaethon
869 401 1036 449 cunctis
1060 421 1083 450 e
1103 402 1307 469 partibus
1333 402 1486 451 orbem

280 476 486 543 Adspicit
509 496 761 538 accensum3
785 496 865 526 nec
888 489 1035 526 tantos
1060 479 1249 527 sustinet
1270 490 1400 527 aestus
1424 499 1435 527 ε

280 555 601 622 Ferventesque
627 574 776 612 auras,
802 554 924 603 velut
947 574 969 602 e
992 554 1169 603 fornace
1190 554 1430 621 profunda,

282 631 373 679 Ore
393 631 549 690 trahit,
576 651 818 698 currusque
842 650 948 679 suos
971 631 1226 680 candescere
1247 633 1394 680 sentit.

1631 651 1694 684 230

277 708 338 755 Et
358 726 501 775 neque
524 709 613 774 jam
638 708 829 766 cineres,
856 709 1167 776 eiectatamque
1191 708 1383 758 favillam

276 785 406 833 Ferre
430 796 607 850 potest;
633 784 862 851 calidoque
884 784 1340 853 involvitur-undique
1363 786 1511 845 fumo;

270 861 469 929 ⁸Quoque
494 872 587 920 eat,
611 873 688 909 aut
706 862 787 910 ubi
811 862 892 920 sit,
917 862 1039 928 picea
1060 862 1245 925 caligine
1268 874 1430 921 tectus,

275 938 451 996 Nescit3
477 950 521 987 et
544 938 729 986 arbitrio
753 937 981 986 volucrum
1004 950 1203 1004 raptatur
1224 959 1452 1006 equorum.

275 1015 499 1078 Sanguine
522 1027 615 1063 tum
641 1014 826 1063 credunt
847 1015 894 1062 in
919 1034 1104 1081 corpora
1127 1034 1295 1064 summa
1312 1027 1492 1074 vocato,

1626 1031 1691 1065 235

273 1092 539 1159 AEthiopum
558 1090 755 1158 populos
781 1091 957 1154 nigrum
982 1092 1162 1140 traxisse
1189 1092 1396 1141 colorem.

272 1176 389 1223 Tum
412 1174 526 1223 facta
550 1184 617 1222 est
639 1172 801 1239 Libye,
826 1172 964 1239 raptis
987 1173 1251 1222 humoribus
1275 1186 1406 1231 aestu,

270 1257 431 1315 Arida;
455 1269 549 1305 tum
575 1255 790 1322 Nymphae
813 1256 955 1322 passis
978 1255 1464 1324 fontesque,'lacusque

271 1339 493 1388 Defleverc
507 1338 652 1387 'comis
675 1357 685 1385 :
711 1337 867 1403 quaerit
887 1338 1061 1387 Boeotia
1083 1339 1268 1397 Dircen,

269 1494 323 1522 rat
335 1513 346 1531 ‚
371 1485 652 1533 magnitudinem
683 1486 758 1531 ejus
782 1486 949 1532 paulatim

270 1541 393 1576 minui.

313 1593 388 1627 226.
400 1592 515 1626 Aeria.
528 1592 621 1637 Quae
630 1592 667 1626 in
681 1603 759 1626 aere
771 1597 852 1625 sunt
863 1616 873 1634 ‚
889 1597 948 1625 aut

269 1645 306 1679 in
325 1657 442 1679 aerem
457 1650 642 1690 assurgunt
655 1670 665 1687 ‚
680 1650 720 1678 ut
735 1656 831 1685 aves,
849 1643 946 1677 arbo·

268 1710 323 1732 res
337 1723 346 1740 ‚
365 1703 512 1731 montes.
525 1696 637 1730 Aeriae
653 1697 759 1740 Alpes
772 1695 877 1729 etiam
893 1708 944 1739 ap.

271 1747 458 1793 Virgilium
479 1773 489 1791 ,
520 1746 679 1792 Georgic.
707 1747 761 1781 III
775 1772 784 1789 ‚
809 1747 881 1791 474.
903 1763 946 1770 -

267 1798 412 1842 Nubtser
418 1798 626 1842 Apenninus.
638 1797 745 1831 Mons
757 1803 808 1831 est
820 1796 945 1842 longis-

267 1850 374 1884 simus
387 1850 524 1884 Italiam
542 1848 699 1883 dividens
714 1863 722 1891 ;
747 1848 843 1894 Virg.
861 1848 944 1883 AEn.

266 1903 339 1937 XII
353 1898 361 1934 ἐ
381 1904 419 1937 V
412 1904 511 1936 eruce
519 1914 557 1935 sc
567 1903 724 1935 attollens
728 1905 829 1944 paler
835 1901 944 1944 Apen-

265 1957 364 1988 ninus
378 1955 429 1988 ad
438 1965 551 1987 auras.
571 1952 637 1987 Ed.

310 2019 384 2052 227.
407 2006 500 2040 Tunc
513 2018 589 2039 vero
604 2011 668 2040 etc.
687 2003 861 2049 Catalogis
878 2003 942 2038 illis

266 2064 360 2092 recte
383 2057 513 2101 aliquid
538 2056 746 2102 interposuit
763 2054 806 2090 de
825 2054 942 2089 Phae-

264 2110 397 2145 thontis
419 2109 505 2144 satis.
534 2112 670 2144 Fornax
691 2107 871 2153 cogitanda
890 2114 941 2142 est

266 2164 385 2199 aeraria
400 2170 460 2197 aut
475 2162 617 2197 calcaria
634 2175 642 2197 ε
659 2162 780 2207 Virgil.
799 2160 938 2196 AEneid.

267 2216 359 2250 VIII
375 2241 389 2258 ,b
409 2214 472 2258 446
484 2240 494 2257 ,
519 2214 579 2248 ubi
603 2218 704 2248 vasta
714 2213 853 2258 fornax.
883 2211 938 2247 Cs.

264 2267 355 2301 infra
370 2266 442 2301 VII
456 2292 465 2310 ,
487 2278 558 2311 107.

308 2319 380 2362 234.
397 2319 546 2352 Arbitrio
559 2318 735 2351 volucrum.
752 2316 831 2350 Hoc
843 2315 937 2349 idern

264 2382 366 2415 supra
381 2370 454 2414 jam
470 2369 521 2403 bis
539 2368 631 2403 dixit.

307 2423 380 2456 235.
405 2415 571 2465 Sanguine}
583 2424 650 2454 lum
662 2420 801 2454 credunt
809 2425 872 2453 etc.
893 2420 936 2453 In

263 2474 328 2507 hoc
338 2485 475 2518 quoque
488 2471 683 2506 Hesiodum
691 2477 857 2515 sequutus
871 2477 934 2514 est,

264 2538 305 2559 ex
317 2537 386 2569 quo
402 2523 532 2570 Hygin.
543 2524 564 2558 f.
582 2525 659 2566 154:
674 2537 690 2552 «
706 2522 784 2557 Indi
798 2529 913 2556 autem
925 2548 934 2566 ,

264 2576 357 2622 quod
373 2576 484 2610 calore
500 2575 604 2609 vicini
620 2575 708 2620 ignis
720 2601 729 2618 ,
747 2575 884 2620 sanguis
899 2574 935 2608 in

263 2635 379 2663 atrum
388 2627 541 2662 colorem
552 2640 669 2661 versus
681 2634 743 2670 est,
756 2627 846 2672 nigri
855 2633 937 2661 sunt

259 2679 349 2714 sacti.
360 2694 375 2709 υ
388 2680 488 2714 Inter
499 2678 710 2712 recentiores
719 2678 935 2725 physiologos

259 2744 384 2777 magna
396 2743 477 2765 cum
493 2730 703 2765 dissensione
717 2730 930 2775 disputatur,

1013 1487 1167 1532 primum
1191 1499 1258 1532 qua
1279 1487 1315 1521 in
1333 1486 1487 1532 corporis
1510 1494 1607 1533 parte
1631 1487 1686 1522 illa

1013 1537 1159 1582 nigredo
1175 1538 1218 1572 sit
1232 1564 1241 1580 ,
1268 1538 1339 1572 aliis
1361 1545 1477 1572 cutem
1494 1538 1688 1573 nominan-

1012 1589 1103 1624 tibus
1115 1616 1124 1633 ,
1138 1590 1208 1624 aliis
1220 1590 1406 1624 humorem
1419 1591 1512 1625 inter
1522 1597 1638 1624 cutem
1651 1596 1687 1624 et

1015 1642 1202 1677 cuticulam
1222 1655 1421 1688 supremam
1437 1668 1446 1686 ‚
1489 1643 1560 1677 aliis
1587 1643 1686 1677 aliter

1011 1694 1260 1736 sentientibus3
1285 1694 1411 1729 deinde
1435 1694 1531 1741 unde
1550 1693 1606 1728 illa
1628 1694 1687 1728 ni-

1012 1746 1137 1793 gredo,
1160 1754 1280 1781 utrum
1298 1760 1317 1781 a
1333 1747 1406 1782 solo
1421 1754 1506 1782 aestu
1521 1745 1618 1790 solis,
1638 1759 1683 1781 an

1011 1797 1084 1832 aliae
1100 1810 1238 1843 quoque
1260 1810 1368 1833 causae
1395 1797 1582 1833 accedant:
1603 1797 1682 1832 vide

1010 1849 1142 1885 Haller.
1161 1850 1198 1884 in
1219 1850 1393 1885 Element.
1412 1849 1562 1896 Physiol.
1582 1855 1605 1884 t.
1622 1850 1680 1892 V,

1008 1914 1039 1946 p.
1061 1914 1097 1945 17
1117 1914 1190 1946 sqq.
1215 1901 1399 1936 Schreber.
1419 1900 1457 1934 in
1472 1902 1685 1945 allgemeiner

1013 1955 1211 1988 Geschichte
1224 1955 1283 1988 der
1295 1954 1477 1987 mnscben
1484 1979 1493 1993 ,
1505 1965 1537 1998 p.
1557 1965 1570 1986 ι
1577 1955 1595 1987 5
1606 1964 1679 1999 sqq.

1007 2004 1203 2050 Opiniones
1212 2005 1254 2039 de
1268 2004 1332 2039 hac
1342 2017 1379 2038 re
1391 2004 1562 2038 Veterum
1575 2003 1680 2038 habet

1006 2057 1178 2092 Brouckh.
1199 2057 1242 2092 ad
1260 2057 1418 2102 Propert.
1438 2056 1491 2091 IV
1503 2082 1512 2100 ,
1534 2067 1602 2100 111,
1627 2069 1677 2091 ιο.

1050 2110 1125 2155 237.
1133 2110 1247 2155 Libye.
1255 2108 1384 2144 Graecis
1391 2108 1480 2143 dicta
1489 2115 1540 2143 est
1547 2108 1662 2143 Africa
1671 2122 1680 2143 :

1006 2161 1095 2196 Plin.
1114 2161 1160 2196 H.
1176 2161 1220 2195 N.
1232 2160 1278 2205 V,
1293 2172 1436 2206 prooem.
1455 2160 1586 2195 Imitati
1596 2167 1678 2195 sunt

1004 2221 1115 2259 poetae
1130 2212 1254 2248 Latini.
1275 2230 1319 2241 ·--
1339 2212 1459 2246 Arida.
1480 2212 1512 2247 A
1530 2211 1677 2259 Synesio

1006 2265 1113 2310 Epist.
1130 2265 1171 2311 67
1185 2290 1195 2307 ‚
1222 2264 1330 2312 Libya
1358 2266 1473 2312 δίψηρά
1491 2276 1498 2298 :
1515 2263 1596 2297 hinc
1613 2264 1676 2296 LI—

1003 2320 1094 2363 bycae
1111 2329 1218 2350 areuoe
1234 2316 1324 2350 infra
1338 2315 1392 2350 IV
1406 2341 1415 2359 ‚
1434 2318 1507 2350 512.
1525 2332 1569 2342 ·-·
1584 2315 1675 2349 Ser—

1003 2370 1076 2403 vius
1105 2368 1221 2403 scribit
1246 2367 1391 2414 Libyam
1416 2367 1519 2402 fuisse
1547 2366 1675 2402 dictam

1004 2419 1097 2465 quod
1110 2425 1202 2454 λεῖκει
1215 2421 1227 2454 ό
1239 2425 1317 2457 §ez-03
1327 2444 1336 2461 ‚
1349 2417 1465 2452 deficit
1476 2418 1600 2463 pluvia.
1609 2419 1674 2454 Ed.

1046 2473 1119 2519 ²39·
1153 2474 1288 2515 Qua-rit.
1316 2471 1471 2519 Florent.
1488 2471 1615 2506 Urbin.
1639 2478 1676 2506 et

1002 2524 1123 2559 decem
1146 2531 1205 2558 aut
1227 2523 1411 2558 duodecim
1435 2524 1509 2565 alii,
1534 2527 1677 2569 queritur

1001 2576 1131 2609 Boeolia
1147 2603 1155 2616 ‚
1190 2575 1283 2620 quod
1302 2575 1449 2610 Heinsio
1466 2574 1673 2621 praecedenti

1000 2629 1152 2671 deflevere
1165 2627 1287 2661 melius
1299 2627 1509 2672 respondere
1521 2626 1670 2671 putabat.

1000 2697 1042 2705 --
1057 2679 1174 2712 Nostri
1188 2677 1299 2712 Codd.
1310 2705 1319 2723 ,
1330 2682 1450 2723 qua-rit.
1464 2678 1518 2712 Nil
1529 2685 1671 2712 mutan—

1000 2730 1096 2765 dum.
1117 2749 1161 2756 —
1180 2731 1304 2774 Quoera't
1317 2732 1460 2765 Boeotz'u.
1481 2728 1536 2764 Cf.
1554 2729 1666 2771 XIII,
