1832 3100
365 212 1069 263 METAMORPHOSEON
1103 215 1236 259 LIB.
1272 217 1346 260 II.

112 358 114 364 .
139 313 286 378 Argos
308 310 607 378 Mymonen,
632 308 813 376 Ephyre
837 305 1068 355 Pirenidas
1091 306 1248 355 undas.

1495 215 1571 258 161

1509 321 1577 365 240

139 395 233 446 Nec
256 393 414 444 sortita
433 392 532 442 loco
558 391 773 440 distantes
795 389 979 439 flumina
999 388 1118 455 ripas

141 478 261 528 Tuta
282 487 463 526 manent
481 494 493 524 :
511 473 670 524 mediis
693 472 857 521 Tanais
881 471 1069 520 fumavit
1089 470 1138 518 in
1161 469 1318 530 undis,

142 560 407 627 Peneosque
431 576 563 607 senex
578 595 590 616 ,
613 556 1032 621 Teuthranteusque
1056 553 1240 612 Caicus,

144 645 207 694 Et
227 641 342 692 celer
362 643 564 690 Ismenos
577 678 589 699 ,
615 659 716 689 cum
736 639 959 688 Phocaico
979 636 1279 704 Erymantho,

102 755 105 757 ·
146 728 432 792 Arsurusque
457 723 620 773 iterum
638 722 872 781 Xanthus,
895 721 1122 787 flavusque
1144 721 1406 787 Lycormas,
1518 734 1585 779 245

148 861 216 910 689
228 875 238 903 3
254 873 400 907 quarere
409 859 590 906 eleganter
600 858 764 905 exprimit
777 871 834 893 cu-

149 913 332 961 piditatem
354 913 407 948 rei
424 912 557 948 amissae
572 910 833 957 recuperandae.

149 967 234 1004 Hoc
246 979 322 1002 non
338 965 589 1002 intellexerunt
601 991 611 1009 ,
632 964 757 1010 quibus
766 963 800 998 h.
813 963 836 998 1.

150 1019 277 1067 melius
289 1018 419 1066 placuit
435 1021 591 1064 queritur.
610 1016 736 1063 Virgil.
751 1016 837 1050 AEn.

153 1073 172 1109 I
182 1099 193 1118 ,
211 1086 274 1119 ²17
287 1098 298 1117 ,
318 1071 446 1107 eodem
461 1083 566 1106 sensu
578 1095 588 1114 ,
605 1072 718 1104 socios
726 1071 839 1113 requi-

151 1127 422 1165 runa—Dirce,
446 1125 525 1159 sons
542 1122 707 1166 Boeotiae,
728 1124 839 1167 prope

154 1178 308 1223 Thebas,
316 1177 564 1220 nobilissimus,
575 1188 593 1210 a
601 1175 722 1219 Dirce,
733 1187 840 1209 uxore

154 1231 264 1281 Lyci,
282 1231 321 1266 in
337 1242 422 1265 eum
438 1241 616 1264 conversa.
635 1229 703 1262 Ed.

200 1285 279 1328 240.
293 1284 482 1329 Amymone
491 1307 502 1325 ‚
513 1281 593 1315 sons
606 1279 722 1325 Argiae
732 1292 842 1325 prope

157 1335 327 1371 Lernam.
346 1333 474 1369 Strabo
493 1332 588 1367 VIII
603 1358 613 1376 ,
630 1344 663 1377 p.
681 1331 757 1377 37¹·
772 1331 844 1366 No-

158 1400 244 1423 men
265 1387 299 1422 ei
322 1385 420 1422 dedit
436 1385 641 1432 Amymone
665 1382 842 1431 Nympha.

161 1439 296 1488 Hygin.
317 1437 384 1474 sab.
413 1437 497 1486 169;
520 1436 759 1482 Propert.11,
790 1447 843 1469 20.

160 1511 205 1519 -—
217 1493 354 1538 Ephyre
367 1489 613 1536 antiquissimis
627 1488 845 1534 temporibus

162 1546 255 1582 dicta
267 1551 320 1581 est
331 1543 538 1586 Corinthus,
550 1543 587 1577 in
597 1543 698 1588 cuius
706 1555 846 1577 summa

163 1611 241 1634 arce
265 1600 279 1642 (
294 1593 582 1641 Acrocorintho)
610 1594 678 1630 suit
704 1597 840 1635 Pirene,

161 1653 241 1687 sons
247 1650 361 1686 Musis
367 1663 464 1686 sacer
472 1675 482 1693 ,
495 1648 847 1695 aquislimpidissimis

162 1710 200 1740 et
207 1702 427 1740 suavissimis.
446 1701 574 1737 Strabo
589 1701 684 1736 VIII
697 1728 707 1745 ,
725 1715 758 1747 p.
772 1704 847 1736 521.

160 1755 254 1793 Pfln.
272 1755 322 1791 H.
339 1755 386 1791 N.
403 1755 478 1799 IV,
497 1756 528 1799 4.
549 1772 594 1781 —·
608 1756 754 1801 Ephyre.
775 1754 848 1789 Pro

161 1821 232 1855 quo
247 1809 402 1855 Nephsre
415 1807 454 1842 in
468 1807 608 1842 nostris.
631 1807 756 1852 Neque
774 1819 848 1842 cre-

164 1860 325 1897 dendum
340 1860 480 1895 literam
493 1872 517 1894 u
530 1858 724 1894 detractam
745 1859 850 1893 fuisse

166 1915 209 1950 ab
223 1914 348 1949 ultima
364 1911 512 1959 praeced.
528 1912 685 1947 nominis
699 1911 828 1959 syllaba
843 1923 852 1946 ε

165 1981 252 2004 nam
267 1965 316 2002 ita
336 1965 537 2001 inscribitur
551 1966 749 2012 Amymone.
774 1966 853 2000 Ne—

161 2021 290 2066 pbyre:
304 2016 393 2052 nihil
404 2023 524 2052 tamen
538 2016 572 2052 h.
587 2017 609 2051 l.
620 2015 830 2051 haerendum
841 2030 852 2058 ;

168 2076 335 2116 corrupte
367 2069 465 2104 enim
497 2069 536 2103 in
564 2067 681 2103 Codd.
705 2067 855 2103 nomina

168 2123 312 2169 propria
326 2122 502 2168 leguntur.
519 2139 565 2147 —
579 2122 699 2155 Pirene
713 2121 792 2156 sons
806 2119 856 2154 sic

171 2175 285 2211 dictus
296 2189 316 2210 a
326 2175 468 2224 Pyrene
479 2175 641 2219 muliere,
653 2186 743 2220 quae,
756 2186 856 2208 mor-

173 2236 246 2265 tem
261 2228 324 2263 filii
333 2228 456 2275 lugens
468 2254 479 2273 ,
491 2228 529 2264 in
543 2241 627 2263 eum
641 2229 780 2263 sontem
790 2227 857 2262 suit

171 2295 351 2319 conversa.
368 2284 437 2317 Ed.

216 2336 294 2379 241.
318 2335 445 2370 Sortito
446 2360 499 2370 .....
512 2339 615 2380 ripas.
632 2334 796 2370 Flumina
809 2333 856 2368 la-

173 2387 305 2423 tissima
322 2398 331 2420 :
347 2391 488 2430 sortita,
512 2400 590 2434 quae
608 2388 709 2423 nobis
730 2394 859 2423 natura

172 2439 410 2485 contigerunt.

220 2493 296 2536 242.
318 2493 467 2533 Tanais,
485 2491 591 2528 hodie
608 2494 688 2527 Dan
699 2520 708 2535 ,
732 2491 859 2528 fluvius

176 2545 330 2593 Scythiae
346 2552 523 2580 tortuosus
536 2572 546 2590 ,
565 2546 746 2592 Europam
766 2546 860 2581 diri-

176 2610 279 2632 mens
298 2597 341 2631 ab
359 2596 441 2632 Asia
456 2622 466 2640 ‚
491 2605 595 2643 atque
613 2611 649 2633 se
666 2612 862 2635 exonerans

176 2650 216 2685 in
241 2649 356 2685 lacum
380 2649 599 2685 Maeotidem.
627 2650 719 2686 Plin.
745 2651 792 2685 H.
817 2651 862 2687 N.

180 2701 256 2746 IV,
276 2716 326 2737 12.
742 2704 748 2714 ’

224 2753 301 2798 243.
322 2754 523 2799 Peneosque.
548 2753 605 2788 De
626 2755 736 2790 Peneo
748 2781 759 2796 ,
783 2752 863 2788 vide

366 2816 475 2862 III.

899 857 930 902 I,
950 857 1169 904 569zscnex5
1187 854 1266 891 vide
1280 855 1322 890 ad
1343 855 1373 898 I,
1394 854 1588 890 580.—Ex

905 911 1122 948 Teuthrania.
1136 920 1214 954 quae
1221 921 1325 954 supra
1334 907 1513 942 AEolidem
1522 914 1588 951 est,

904 965 1029 998 Caicus
1052 962 1165 997 amnis
1192 961 1359 1007 profluit,
1382 975 1589 1007 quanquam

902 1015 937 1051 h.
954 1016 974 1050 l.
987 1015 1102 1061 potius
1116 1028 1134 1049 a
1146 1022 1269 1049 monte
1291 1016 1507 1049 Teuthranle.
1528 1014 1589 1058 qui

903 1068 934 1103 ei
953 1067 1154 1112 adjacebat,
1178 1068 1420 1102 Teuthranteus
1437 1066 1564 1100 dicitur
1583 1079 1592 1101 ε

904 1121 984 1156 vide
1001 1121 1162 1156 Holsten.
1182 1120 1225 1155 ad
1240 1120 1410 1166 Stephan.
1422 1120 1538 1155 Urbb.
1552 1119 1591 1154 iu

905 1180 1083 1220 Τευθρανία.

950 1229 1025 1272 244.
1056 1229 1210 1262 Ismenus
1239 1232 1321 1260 ante
1355 1225 1495 1260 Thebas
1529 1239 1594 1271 per

908 1292 1073 1326 campum
1086 1279 1226 1314 fluebat.
1241 1277 1337 1312 Hinc
1349 1277 1482 1311 Thebae
1496 1272 1595 1322 ἰσμη·

909 1340 960 1370 νοῦ
974 1332 1156 1373 dics-wid.
1167 1332 1292 1367 senec.
1307 1332 1413 1366 Herc.
1429 1331 1505 1366 OEt.
1523 1333 1596 1375 140.

909 1406 954 1413 —
972 1387 1220 1433 Erymanlhus,
1254 1382 1413 1418 Arcadiae
1429 1381 1558 1418 fluvius
1577 1397 1597 1418 e

910 1445 1034 1473 monte
1052 1435 1256 1482 cognomini
1274 1436 1309 1470 in
1330 1435 1507 1480 Alpheum
1523 1435 1595 1470 de-

911 1491 1036 1526 fluens.
1061 1490 1152 1525 Plin.
1172 1489 1220 1524 H.
1241 1489 1285 1524 N.
1304 1488 1358 1522 IV
1372 1514 1381 1530 ,
1401 1487 1433 1523 6.
1454 1486 1596 1524 Gallim.

911 1544 946 1578 h.
963 1544 1043 1578 Jov.
1065 1543 1115 1578 18.
1143 1541 1217 1577 Sed
1238 1542 1389 1576 Phocz‘di
1403 1552 1512 1574 nemo
1528 1553 1599 1574 un-

913 1607 1020 1642 quam
1031 1594 1180 1629 fluvium
1190 1591 1458 1638 hujusuominis
1465 1591 1599 1625 tribuit.

915 1650 1038 1694 Itaque
1050 1660 1115 1694 pro
1125 1649 1297 1682 Phocaico
1305 1644 1497 1690 legendum
1505 1644 1600 1678 haud

913 1701 1019 1736 dubie
1042 1707 1094 1736 est
1116 1699 1171 1734 vel
1193 1700 1405 1743 Psophm‘co,
1431 1703 1472 1731 ut
1498 1695 1604 1730 multi

915 1754 1065 1791 suadent
1077 1780 1087 1798 ,
1105 1753 1161 1788 vel
1172 1765 1254 1788 cum
1270 1750 1435 1786 Palmero
1450 1748 1493 1783 ad
1509 1749 1604 1783 Pau-

915 1820 988 1842 san.
1002 1805 1128 1841 Arcad.
1140 1818 1172 1850 p.
1184 1806 1263 1851 419,
1275 1805 1448 1846 Psophoeo.
1457 1802 1605 1844 Psophis

917 1860 1016 1895 enim
1031 1858 1115 1893 urbs
1131 1856 1292 1892 Arcadiae
1305 1881 1315 1899 ,
1333 1867 1440 1900 quam
1456 1860 1602 1899 praeter-

916 1912 1045 1948 labitur
1059 1909 1311 1959 Erymanthus.
1485 1912 1491 1915 '

963 1966 1038 2007 245.
1055 1965 1227 1997 Xanthus.
1243 1960 1387 1996 Fluvius
1405 1960 1602 2005 Troianus,

917 2017 1015 2052 idem
1032 2015 1250 2052 Scamander
1266 2015 1378 2051 dictus
1393 2027 1401 2050 ε
1417 2018 1534 2049 ilerum
1549 2027 1606 2048 ar—

918 2083 1031 2111 surus,
1046 2076 1206 2115 tempore
1218 2068 1392 2113 Trojano,
1405 2067 1478 2111 ubi,
1491 2078 1604 2111 quum

921 2122 1065 2158 tumidis
1075 2121 1238 2157 fluctibus
1251 2121 1288 2156 in
1302 2120 1475 2155 Achillem
1488 2119 1605 2153 irrue-

920 2173 976 2212 r⁰et
993 2203 1003 2220 ,
1039 2176 1219 2211 Vulcanus
1244 2182 1381 2210 tantam
1406 2174 1439 2209 ei
1460 2173 1606 2208 immisit

920 2230 1010 2276 ignis
1023 2229 1096 2264 vim
1108 2255 1118 2273 ,
1136 2236 1177 2264 ut
1193 2228 1333 2263 arderet
1346 2254 1355 2272 ,
1374 2228 1485 2262 Hom.
1504 2226 1543 2261 Il.
1560 2233 1584 2261 Φ
1595 2252 1605 2269 ,

923 2283 1090 2326 212-384.
1099 2281 1208 2317 —Sic
1218 2281 1327 2328 glossa
1338 2280 1448 2315 nostri
1459 2279 1549 2314 Cod.
1563 2279 1609 2313 R.

922 2336 1261 2380 B:Xanthusfiuvius‚
1274 2335 1501 2379 qut'poslerius
1507 2334 1610 2365 eliam

923 2391 1066 2424 ardebat
1088 2393 1230 2432 tempore
1255 2389 1374 2432 Trojoe.
1395 2385 1462 2420 Ed.
1480 2403 1525 2412 ·--
1541 2386 1610 2431 Ly-

923 2454 1065 2481 cormas,
1077 2440 1220 2486 rapidus
1232 2440 1373 2474 AEtoliae
1385 2437 1525 2481 fluvius,
1537 2449 1612 2482 pos·

925 2500 981 2528 tea
994 2495 1128 2527 Euenus
1140 2492 1252 2526 dictus
1265 2491 1317 2526 lx
1331 2517 1340 2534 ,
1364 2491 1436 2534 104.
1454 2490 1612 2524 Vocatur

916 2548 1047 2592 flavus,
1065 2544 1172 2579 etiam
1183 2544 1308 2578 senec.
1320 2543 1428 2577 Herc.
1441 2541 1516 2576 OEt.
1527 2545 1588 2588 59¹
1602 2567 1612 2583 ,

927 2598 972 2632 ob
987 2609 1131 2631 arenam
1142 2595 1269 2630 flavam
1281 2621 1291 2639 ,
1310 2602 1348 2630 ut
1352 2597 1468 2640 slavus
1483 2595 1517 2628 T
1512 2596 1615 2628 Iberis

928 2649 1027 2694 Virg.
1043 2647 1185 2682 AEneid.
1208 2647 1303 2690 VII,
1322 2647 1361 2681 31
1378 2660 1387 2688 ;
1404 2647 1613 2691 aquamfla-

927 2715 1003 2737 vam
1020 2701 1105 2735 dixit
1120 2701 1247 2735 Pacuv.
1262 2712 1271 2735 z
1286 2699 1355 2733 vid.
1373 2697 1549 2734 Brouckh.
1571 2696 1617 2731 ad.

929 2753 1157 2799 Propertium
1172 2776 1183 2795 ,
1210 2751 1248 2786 11
1261 2777 1271 2795 ,
1305 2751 1403 2796 Eleg.
1432 2761 1488 2788 vn
1507 2776 1517 2795 ,
1552 2751 1594 2783 50
1605 2775 1614 2788 ,

1385 2829 1429 2856 11
