1832 3100
222 245 309 304 278

596 244 648 287 P.
687 245 918 290 OVIDII
956 246 1256 292 NASONIS

222 358 247 379 »
273 338 376 385 Non
399 347 542 385 tamen
564 335 677 386 hanc
702 356 824 386 sacro
847 338 1001 388 violari
1023 339 1220 405 pondere
1242 340 1397 406 pinum

222 435 247 456 >›
277 413 528 480 Perpetiar‚
552 413 664 471 dixi;
685 434 786 481 pars
807 415 879 464 hic
902 416 1011 464 mihi
1034 418 1222 466 maxima
1239 418 1373 483 juris,

221 511 247 532 >›
274 491 415 556 Inque
437 490 558 539 aditu
582 491 753 540 obsisto
776 512 786 540 :
806 492 913 540 furit
931 493 1247 542 audacissimus
1271 495 1391 543 omni

221 592 247 613 »
273 571 340 620 De
363 591 545 620 numero
567 574 785 640 Lycabas,
811 574 888 640 qui
908 575 1085 624 Thusca
1106 574 1263 642 pulsus
1285 577 1340 624 ab
1358 576 1470 625 urbe

221 675 246 696 »
273 653 511 718 Exsilium,
538 655 632 704 dira
654 675 833 723 poenam
856 676 940 723 pro
965 657 1102 715 caede,
1126 657 1291 706 luebat.

1565 671 1634 707 625

220 756 246 776 u
273 736 318 783 Is
339 736 471 795 mihi,
496 736 600 785 dum
621 750 739 786 resto
754 776 765 797 ,
786 738 968 804 juvenili
991 752 1170 802 guttura
1191 758 1346 805 pugno

218 837 245 859 >›
271 817 437 883 Rupit3
464 830 508 866 et
530 838 760 868 excussum
780 821 974 870 misisset
993 822 1041 869 in
1059 840 1260 888 aequora,
1284 821 1321 870 si
1343 839 1434 869 non

219 918 246 940 »
272 898 528 958 Haesissem,
556 901 753 966 quamvis
774 921 947 961 amens,
975 903 1023 950 in
1045 903 1151 952 fune
1175 908 1385 951 retentus.

222 1000 246 1021 »
274 981 415 1045 Impia
439 982 570 1030 turba
591 983 788 1049 probant
810 984 988 1032 factum:
1024 996 1120 1033 tum
1143 985 1330 1051 denique
1354 984 1554 1032 Bacchus
1569 1021 1580 1041 ‚

222 1083 247 1102 »
274 1062 474 1111 Bacchus
498 1064 614 1111 euim
637 1064 800 1126 fuerat,
821 1065 958 1114 veluti
982 1066 1171 1114 clamore
1194 1065 1368 1114 solutus

1569 1080 1635 1114 630

223 1163 247 1184 >›
277 1142 345 1191 Sit
368 1163 526 1210 sopor,
554 1164 665 1212 aque
688 1166 809 1194 mero
833 1147 1014 1195 redeant
1033 1148 1081 1194 in
1102 1159 1282 1213 pectora
1305 1165 1460 1195 sensus
1476 1183 1488 1205 ,

225 1246 247 1267 ³)
277 1226 400 1288 Quid
424 1227 603 1276 facitis?
627 1229 727 1295 quis
746 1228 911 1277 clamor
927 1231 946 1277 Ρ
965 1230 1027 1278 ait
1046 1249 1055 1277 :
1079 1250 1191 1296 qua,
1217 1229 1348 1277 dicite
1363 1266 1376 1288 ,
1401 1240 1544 1278 nautae
1558 1265 1571 1287 ,

222 1328 246 1349 »
274 1308 374 1356 Huc
399 1327 483 1375 ope
507 1311 720 1375 perveni?
742 1331 830 1378 quo
858 1331 926 1360 me
951 1311 1117 1360 deferre
1141 1311 1340 1378 paratis?

225 1409 248 1430 »
276 1389 397 1437 Pone
420 1403 609 1448 metum,
636 1393 848 1451 Proreus,
868 1405 913 1442 et
936 1413 1048 1459 quos
1073 1393 1329 1455 contingere
1351 1403 1509 1459 portus

224 1491 247 1511 »
275 1471 370 1518 Ede
394 1471 525 1530 velis,
552 1473 688 1530 dixit3
715 1485 829 1522 terra
853 1475 1004 1523 sistere
1026 1475 1178 1541 '‘petita.

221 1618 302 1639 eum
323 1605 429 1651 ligare
446 1606 569 1641 volunt
581 1632 590 1650 ‚
616 1607 675 1641 sed
696 1607 753 1642 illa
770 1615 894 1653 sponte

222 1657 351 1692 cadunt
369 1658 412 1692 de
430 1659 599 1693 manibus.

264 1710 340 1743 621.
363 1712 521 1745 Pondere.
543 1709 664 1744 Codex
688 1711 818 1755 Regius
840 1711 892 1753 B,

221 1774 353 1805 corpore
364 1769 399 1795 et
408 1775 510 1806 supra
522 1788 530 1805 ,
540 1762 599 1796 sed
611 1763 674 1796 alia
685 1776 793 1797 manu
805 1789 814 1806 ,
832 1764 895 1798 etsi

222 1813 381 1857 ejusdem
407 1814 518 1848 saeculi
540 1839 550 1856 ,
580 1816 735 1857 pondere.
763 1815 828 1849 Ed.
852 1834 896 1842 —

223 1866 360 1899 Pondus
374 1892 382 1904 ‚
414 1865 584 1909 quidquid
605 1865 800 1909 imponitur
815 1868 896 1902 navi

220 1929 371 1960 corpus:
396 1916 465 1950 XV
479 1943 488 1959 ,
506 1917 591 1963 694,
611 1917 657 1951 sic
673 1925 724 1952 est
745 1922 830 1952 on'us
854 1917 897 1953 de

221 1982 369 2014 corpore
383 1969 451 2004 Dei
463 1983 588 2004 navem
606 1978 799 2015 premente.
821 1972 896 2006 Na-

220 2021 271 2055 vis
289 2024 437 2055 violatur
457 2022 612 2066 pondere
627 2049 635 2065 ,
657 2024 737 2068 quia
752 2037 805 2058 res
824 2024 900 2058 im—

223 2072 279 2116 pia
297 2079 368 2116 est,
395 2073 515 2107 Deum
533 2074 563 2106 vi
590 2074 779 2109 abductum
802 2075 839 2109 in
860 2088 900 2110 ea

223 2125 536 2161 retinere—Pars
549 2130 605 2163 hic
617 2134 680 2162 etc.
694 2128 780 2162 Erat
795 2128 899 2163 Acoe-

223 2183 275 2211 tes
295 2177 507 2222 gubernator
525 2179 632 2212 navis.
660 2179 809 2213 Homer.
827 2179 858 2214 d.
878 2178 899 2212 l.

223 2221 400 2264 versu-15.
420 2230 551 2276 Hygin.
572 2230 605 2264 d.
629 2231 651 2265 l.
676 2249 720 2256 --
735 2234 822 2265 Pars
845 2234 901 2265 bic

224 2283 463 2315 mz‘hl'maxima
471 2282 570 2325 juris.
584 2283 741 2317 stlaxt'ma
750 2311 758 2323 ‚
772 2284 899 2328 inquit,

219 2345 302 2375 pars
317 2332 421 2377 hujus
438 2333 533 2367 navis
549 2339 600 2367 est
617 2345 704 2368 mea.
723 2337 789 2369 Ed.

269 2385 346 2418 526.
365 2387 533 2425 Juvem‘li,
553 2385 710 2431 adeoque
732 2386 824 2420 sorti.
845 2387 899 2430 X,

226 2436 290 2480 (375
302 2462 310 2477 ,
324 2437 415 2479 jecit
419 2438 631 2481 juveniliter,
650 2451 786 2472 summa
802 2438 845 2472 vi.
858 2457 903 2463 —

225 2490 341 2531 Rupit.
359 2490 429 2524 Sixi
444 2497 478 2524 et
492 2504 582 2525 unus
592 2490 902 2535 Leidensis,fiegil.

225 2539 395 2575 Heinsius
426 2542 597 2577 maluerat
628 2548 749 2587 raptat.
784 2543 903 2578 Nostri

202 2611 208 2619 ι
226 2590 328 2636 Regii
345 2592 475 2628 habent
484 2597 582 2638 rupit.
593 2613 635 2619 —
645 2597 767 2638 Rupit,
788 2594 831 2628 de
843 2607 904 2629 co—

227 2648 314 2675 natu
342 2644 571 2688 capiendum,
595 2658 758 2690 rumpere
784 2645 903 2680 voluit.

229 2693 361 2740 Hygin.
377 2695 427 2729 nil
445 2696 568 2731 definit
581 2723 590 2741 ,
622 2698 779 2742 injuriam
798 2700 841 2732 ab
859 2701 904 2732 iis

221 2758 349 2788 passus
364 2752 425 2782 est.

1569 1485 1637 1520 635

1003 1608 1078 1654 629.
1098 1609 1211 1641 Turba
1215 1609 1372 1650 probant.
1386 1604 1506 1640 Nostri
1516 1605 1638 1651 Regii,

954 1662 1079 1704 proba!
1087 1685 1095 1699 ‚
1113 1659 1186 1693 sine
1199 1658 1267 1692 ulla
1278 1658 1405 1692 lineola
1420 1670 1525 1702 super
1537 1657 1638 1701 scrip-

959 1719 1015 1753 ta;
1039 1711 1133 1746 unde
1151 1711 1321 1756 pluralem
1336 1723 1528 1745 numerum
1549 1722 1632 1744 sus-

959 1765 1056 1810 picor
1073 1777 1091 1799 a
1113 1764 1365 1799 recentioribus
1384 1763 1488 1798 fuisse
1515 1762 1636 1797 invec-

960 1825 1047 1851 tum.
1071 1819 1138 1851 Ed.
1163 1834 1207 1842 —-
1222 1818 1357 1851 Solutus
1371 1828 1477 1859 sopor.
1495 1815 1642 1850 Solvitur

960 1882 1121 1913 somnus,
1139 1881 1250 1913 quum
1263 1868 1447 1913 depellitur
1458 1893 1469 1908 ,
1485 1866 1584 1911 sugit.
1597 1883 1639 1892 -·

962 1922 998 1956 A
1015 1935 1101 1955 mero
1113 1947 1121 1961 ,
1148 1927 1225 1966 post
1241 1933 1381 1954 merum
1397 1919 1580 1964 digestum.
1595 1935 1640 1943 —-

960 1975 1037 2007 Huc
1047 1985 1108 2017 ope
1114 1975 1257 2016 perveni.
1277 1972 1383 2006 Unus
1396 1970 1534 2006 Heinsii
1544 1996 1554 2014 ,
1573 1971 1640 2004 de—

964 2029 1042 2060 veni
1053 2053 1062 2065 ‚
1098 2025 1193 2070 quod
1223 2026 1432 2059 Burmanno
1462 2023 1641 2068 eleganter
1672 2063 1675 2066 Α

965 2077 1097 2112 dictum
1113 2077 1253 2111 videtur
1265 2102 1274 2119 ,
1293 2076 1374 2121 quia
1389 2075 1516 2111 dicitur
1533 2073 1576 2108 de
1601 2073 1642 2108 iis

966 2129 1025 2173 qui
1040 2129 1076 2163 in
1094 2129 1184 2163 mala
1199 2128 1369 2162 incidunt.
1383 2146 1428 2153 -
1441 2125 1562 2162 Nostri
1573 2126 1640 2160 Re-

966 2181 1011 2226 gii
1020 2207 1030 2224 ,
1040 2184 1227 2224 pervenzl—
1233 2182 1305 2223 Quo
1313 2192 1365 2213 me
1371 2178 1642 2223 dcferreparatis.

966 2233 1107 2267 Servius
1135 2232 1168 2267 d.
1192 2232 1214 2266 l.
1236 2235 1441 2275 experrectus
1469 2233 1504 2264 in
1529 2242 1615 2264 nave
1629 2255 1638 2270 ,

964 2299 1029 2330 quo
1042 2288 1226 2325 duceretur,
1243 2285 1463 2327 interrogam‘l.
1479 2283 1640 2324 Respon-

965 2340 1086 2372 derunt
1098 2340 1166 2377 illi,
1186 2350 1250 2381 quo
1264 2338 1374 2370 vellet.
1390 2335 1492 2368 Liber
1504 2336 1558 2367 ait
1565 2359 1575 2374 ‚
1595 2334 1646 2366 ad

966 2391 1101 2425 Naxum
1111 2415 1120 2433 ,
1140 2390 1284 2423 insulam
1296 2389 1368 2420 sibi
1376 2390 1558 2420 sacratam.

1010 2441 1084 2484 634.
1099 2442 1239 2475 Proreus
1256 2437 1386 2473 Graecis
1401 2443 1452 2471 est
1466 2436 1494 2471 is
1506 2461 1516 2478 ,
1534 2448 1639 2480 quem

968 2491 1072 2526 Ovid.
1086 2504 1187 2525 versu
1200 2491 1238 2524 61
1247 2504 1276 2535 7,
1286 2502 1392 2533 prorae
1402 2490 1538 2529 tutelam
1547 2486 1641 2521 dixit.

968 2544 1024 2578 Ab
1052 2543 1195 2590 Hygino
1219 2543 1255 2577 in
1287 2541 1432 2586 antiquo
1455 2539 1640 2585 exemplari

968 2595 1077 2629 abfuit
1092 2595 1157 2629 hoc
1174 2607 1306 2628 nomen
1319 2608 1327 2635 3
1348 2593 1465 2637 itaque
1479 2589 1642 2625 nonnulli

967 2653 1136 2691 putarunt
1150 2673 1159 2689 ,
1178 2647 1347 2680 Nostrum
1360 2657 1401 2678 ex
1416 2642 1561 2678 nomine
1579 2640 1639 2674 os—

968 2698 1035 2731 ficii
1059 2698 1175 2732 secisse
1194 2709 1328 2731 nomen
1344 2694 1534 2741 proprium.
1559 2691 1639 2726 Vid.

968 2748 1135 2783 Munker.
1148 2748 1190 2783 ad
1203 2747 1334 2794 Hygin.
1348 2747 1541 2787 -Νατοη,
1562 2743 1639 2778 vide
