1832 3100
225 229 251 271 8
753 230 1106 292 PRAEFA‘rlo

334 320 463 361 Edidit
484 320 674 371 hinnitus,
695 330 736 360 et
754 320 905 362 brachia
922 324 1043 364 movit
1061 323 1100 364 in
1121 323 1265 364 herbas.

331 392 434 430 Tum
458 390 564 445 digiti
584 400 744 441 coeunt,
765 399 803 430 et
824 378 962 445 quinos
982 392 1119 447 adligat
1140 407 1286 447 ungues

331 462 522 515 Perpetuo
546 476 666 501 cornu
685 461 778 502 levis
798 462 939 516 ungula
956 478 964 501 ε
984 463 1118 502 crescit
1134 471 1172 502 et
1183 463 1269 502 oris

330 533 383 572 Et
402 532 489 572 colli
511 532 672 586 spatium
697 548 707 571 z
727 532 851 587 longae
870 546 953 586 pars
971 532 1103 571 ultima
1122 532 1230 586 pallae

330 601 458 642 Cauda
477 602 520 640 fit
539 616 548 639 :
565 610 683 654 utque
701 592 785 656 vagi
808 601 928 646 crines
948 615 1017 655 per
1034 601 1130 641 colla
1147 600 1341 654 jacebant,

331 673 380 711 In
401 672 544 711 dextras
563 671 687 711 abiere
705 671 824 725 jubas.

227 777 495 841 Quanquam
513 775 586 823 hic
605 776 785 837 ingenio
811 775 977 824 abusus
999 787 1066 823 est
1088 785 1241 842 poeta,
1261 769 1497 822 extremam
1519 772 1644 840 pallae

221 876 391 930 partem
414 865 462 912 in
491 864 673 913 caudam
695 865 1022 914 transformans.
1065 864 1276 932 Daphnes
1311 863 1402 912 fato
1432 862 1643 921 instante,

224 954 247 1000 I
263 990 275 1011 9
309 953 402 1015 548
421 992 433 1012 5
808 1012 809 1015 ,

584 1046 595 1057 .
611 1047 622 1057 .
657 1021 814 1074 Torpor
831 1022 952 1076 gravis
972 1021 1110 1076 adligat
1129 1028 1230 1060 artus
1242 1050 1254 1070 ‚

333 1090 466 1129 Mollia
485 1091 691 1145 cinguntur
707 1092 814 1131 tenui
833 1091 1040 1144 praecordia
1062 1091 1174 1131 libro.

331 1161 379 1198 In
395 1159 568 1199 frondem
586 1159 707 1200 crines
721 1190 733 1210 ‚
752 1160 793 1199 in
815 1174 939 1199 ramos
959 1159 1106 1199 brachia
1129 1167 1316 1201 crescunt.

335 1230 407 1269 Pes
420 1259 432 1279 ‚
452 1230 568 1270 modo
589 1239 663 1269 tam
681 1231 811 1280 velox,
829 1230 947 1286 pigris
963 1231 1149 1285 radicibus
1167 1230 1288 1270 haeret
1304 1246 1314 1269 z

336 1301 417 1340 Ora
437 1315 611 1341 cacumen
631 1301 731 1349 obit;
750 1311 919 1341 remanet
939 1302 1043 1342 nitor
1061 1317 1161 1342 unus
1180 1302 1220 1341 in
1240 1302 1315 1341 illa.

231 1404 343 1452 Saxa
364 1423 504 1452 unum
527 1404 700 1458 vultum
724 1404 912 1462 habent,
938 1424 1018 1453 nec
1040 1417 1187 1472 partes
1210 1404 1556 1463 discriminatas;
1580 1406 1650 1453 ni-

229 1492 324 1540 hilo
351 1505 495 1542 tamen
513 1494 660 1542 minus
685 1495 734 1542 in
755 1514 805 1542 ea
829 1514 1013 1588 quoque·
1030 1495 1262 1543 transitum
1279 1494 1471 1560 jucunde
1489 1493 1650 1542 deseri-

233 1580 325 1640 bit,
346 1583 412 1642 II,
439 1582 559 1642 820,
584 1584 665 1632 ubi
692 1564 900 1647 Aglaum

338 1705 500 1761 Surgere
518 1707 671 1745 conanti
690 1715 841 1761 partes,
859 1720 1105 1760 quascunque
1129 1706 1295 1746 sedendo

339 1776 543 1815 Flectimus
555 1805 567 1826 ‚
589 1777 935 1831 ignavavnequeunt
953 1778 1131 1833 gravitate
1151 1777 1310 1817 moveri.

337 1846 405 1885 Illa
425 1847 578 1900 quidem
597 1856 703 1886 recto
723 1856 866 1903 pugnat
886 1862 924 1888 se
944 1848 1117 1888 attollere
1139 1855 1311 1887 trunco:

343 1918 418 1957 Sed
438 1932 605 1972 genuum
627 1919 804 1971 junctura
826 1918 948 1974 riget,
966 1918 1161 1972 frigusque
1181 1931 1249 1970 per
1267 1925 1369 1962 artus

342 1990 524 2039 Labitur,
544 1997 583 2028 et
598 1988 740 2042 pallent
761 1990 898 2028 amisso
923 1989 1105 2041 sanguine
1123 2002 1243 2028 venae.

429 2059 607 2098 ‚Letalis
621 2059 740 2098 hiems
755 2057 959 2111 paulatim'
948 2072 988 2096 m
1002 2066 1157 2112 pectora
1170 2057 1294 2106 venit,

343 2086 560 2181 Vitalesque
580 2128 656 2169 vias
675 2137 713 2167 et
728 2128 969 2182 respiramina
987 2127 1129 2167 clausit.
1269 2182 1274 2188 .

346 2199 429 2237 Nec
450 2205 584 2237 conata
601 2196 711 2249 loqui
734 2204 809 2244 est3
833 2210 926 2246 nec⁷
946 2197 977 2236 si
999 2204 1130 2235 conata
1148 2195 1304 2256 suisset?

345 2269 464 2308 Vocis
487 2267 642 2307 haberet
660 2267 756 2314 iter3
783 2278 911 2306 saxum
931 2267 1004 2320 jam
1023 2266 1119 2306 colla
1141 2256 1292 2324 tenebat
1308 2294 1321 2316 ‚

349 2341 504 2393 Oraque
520 2339 726 2379 duruerant
746 2354 754 2376 :
781 2339 1008 2393 signumque
1028 2352 1214 2392 exsangue
1233 2336 1396 2379 sedehat.

240 2445 393 2510 Neque
405 2442 537 2492 semel
548 2454 718 2504 tantum
726 2440 854 2490 illum
866 2441 1100 2489 transitum
1113 2459 1192 2506 per
1203 2451 1350 2506 partes
1364 2438 1567 2488 elocutus
1579 2449 1658 2496 est,

244 2532 322 2582 secl
333 2552 433 2581 cum
444 2533 651 2581 varietate
665 2531 837 2598 saepius.
857 2530 1035 2580 Etenim
1050 2530 1194 2587 etiam,
1210 2530 1288 2588 VI,
1309 2527 1417 2588 303,
1433 2529 1480 2576 in
1498 2527 1658 2578 Niobe:

711 2677 720 2687 .
739 2678 748 2687 .
778 2649 917 2689 Nullos
937 2657 1066 2691 movet
1081 2662 1170 2688 aura
1184 2647 1353 2701 capillos.

350 2722 398 2760 In
416 2720 526 2762 vultu
543 2720 653 2760 color
672 2727 730 2760 est
751 2719 831 2760 sine
851 2719 1030 2774 sanguine
1055 2734 1065 2758 z
1088 2717 1229 2757 lumina
1247 2716 1393 2757 moestis
