1832 3100
428 251 1123 303 METAMORPHOSEON
1155 261 1284 305 LIB.
1319 262 1378 307 V.

1527 263 1609 325 371

189 349 264 399 Sic
286 347 451 398 dubius
474 345 691 408 Perseus,
710 349 864 398 dextra
884 345 1047 400 laevane
1069 351 1257 412 feratur,

187 426 371 495 Molpea
393 427 561 494 trajecti
585 427 815 477 submovit
840 427 1020 477 vulnere
1044 429 1185 478 cruris
1204 449 1215 488 ;

189 506 526 573 Contentusque
542 506 646 570 suga
669 519 762 556 est:
779 526 925 574 neque
941 508 1059 557 enim
1078 508 1154 556 dat
1175 520 1350 577 tempus
1367 511 1592 562 Ethemon
1605 552 1617 573 ,

187 582 277 633 Sed
298 583 432 644 surit;
453 597 522 644 et,
549 585 732 652 cupiens
755 585 848 635 alto
872 586 975 636 dare
996 586 1177 636 vulnera
1202 587 1317 637 collo
1332 627 1344 649 ,

1557 618 1618 652 ¹70

186 662 293 711 Non
316 662 647 731 circumspectis
672 677 872 714 exactum
894 664 1064 714 viribus
1087 683 1237 713 ensem

185 740 364 804 Fregit3
385 733 643 791 etextrema
665 761 884 809 percussae
908 754 1032 810 parte
1059 742 1277 792 columnae

185 820 371 869 Lamina
397 820 617 879 dissiluit,
640 821 899 888 dominique
922 821 975 869 in
993 833 1170 885 gutture
1198 821 1283 870 fixa
1307 835 1386 871 est.

185 898 456 952 Nontamen
478 899 534 948 ad
558 898 697 948 letum
723 918 874 948 causas
897 899 1003 948 satis
1027 898 1104 947 illa
1124 899 1320 949 valentes

187 974 325 1039 Plaga
345 976 468 1025 dedit
488 996 498 1025 ε
519 976 744 1043 trepidum
772 976 959 1025 Perseus
972 1015 984 1035 ,
1011 989 1055 1025 et
1078 977 1263 1027 inermia
1284 978 1448 1028 frustra
1561 994 1621 1027 1—5

1583 1023 1594 1041 Ι

186 1053 378 1104 Brachia
400 1054 663 1109 tendentem,
678 1053 906 1121 Cyllenide
930 1056 1133 1104 confodit
1154 1057 1306 1124 harpe.

250 1134 420 1182 Verum
440 1132 522 1181 ubi
546 1132 756 1180 virtutem
778 1132 921 1181 turbae
946 1135 1232 1184 succumbere
1257 1135 1395 1194 vidit,

192 1231 216 1253 «
241 1210 471 1259 Auxilium
487 1248 499 1269 ,
525 1210 714 1259 Perseus
730 1248 741 1268 ,
770 1211 982 1277 quoniam
1008 1212 1071 1261 sie
1095 1213 1252 1277 cogitis
1275 1214 1388 1280 ipsi,

193 1310 216 1332 >³
245 1289 393 1347 Dixit,
418 1289 474 1338 ab
497 1289 627 1338 hoste
649 1300 823 1355 petam;
848 1289 999 1338 vultus
1023 1291 1205 1340 avertite
1228 1303 1424 1349 vestros,

194 1388 218 1410 n
244 1367 293 1416 Si
314 1367 416 1434 quis
440 1367 606 1416 amicus
631 1366 755 1416 adest
776 1386 786 1414 ε
812 1389 835 1411 »
862 1379 907 1416 et
934 1367 1160 1431 Gorgonis
1182 1368 1342 1417 extulit
1365 1388 1456 1417 ora.

1563 1386 1625 1419 180

194 1467 219 1488 «
246 1445 408 1510 Quaere
431 1445 567 1494 alium
582 1483 594 1504 ,
618 1457 694 1493 tua
719 1464 851 1512 quem
873 1458 1076 1494 moveant
1099 1446 1308 1496 miracula
1322 1486 1333 1506 ,
1366 1470 1389 1490 »
1415 1447 1530 1495 dixit

188 1523 432 1573 Thescelus
450 1543 460 1571 ε
481 1534 621 1590 utque
643 1543 777 1572 manu
799 1522 994 1588 jaculum
1018 1523 1148 1572 fatale
1169 1525 1357 1590 parabat

189 1601 398 1660 Mittere,
422 1601 471 1649 in
494 1601 580 1650 hoc
603 1601 731 1650 haesit
753 1601 937 1664 sigmum·
953 1600 1007 1649 de
1034 1620 1252 1650 marmore
1277 1614 1420 1665 gestu.

183 1737 390 1773 bellatorem
412 1744 631 1784 comparant.
657 1755 702 1764 -
725 1738 872 1771 Diversa

185 1794 298 1835 vall&
317 1791 355 1826 in
373 1797 471 1838 parte
487 1789 625 1831 diversa
639 1790 744 1825 vallis.

233 1844 307 1892 ὥς.
329 1843 685 1888 Contentusquefuga.
703 1842 871 1887 Optimus

185 1897 415 1933 Florentinus
427 1922 436 1940 ,
444 1895 542 1940 suge
553 1922 561 1936 ,
581 1895 676 1940 quod
693 1907 767 1928 non
784 1907 873 1929 con-

186 1947 424 1984 temnendum
439 1946 579 1981 videtur
588 1946 751 1989 Heinsio,
765 1958 872 1990 quem

185 2001 266 2036 vide
279 1999 323 2035 ad
335 2000 421 2043 XV,
439 1999 505 2035 513
518 2025 527 2042 ,
546 2006 580 2033 et
591 1998 813 2033 Freinshem.
828 1998 872 2033 ad

191 2052 378 2097 Curtium,
401 2051 455 2086 Vl
467 2077 477 2095 ,
495 2064 526 2086 2.

235 2118 310 2151 170.
319 2107 442 2141 Furere
451 2131 460 2146 ‚
476 2109 653 2149 μαίνεσθαι,
666 2105 768 2146 θύειν,
781 2115 871 2150 saepe

186 2160 285 2195 bono
307 2170 414 2194 sensu
442 2157 486 2192 de
511 2156 623 2191 milite
648 2156 774 2191 acriter
797 2169 872 2202 pu-

188 2220 332 2260 gnante.
361 2209 515 2247 Bruckh.
542 2209 585 2244 ad
607 2210 770 2254 Propert.
794 2209 870 2253 lv,

188 2278 249 2311 vl,
269 2265 332 2302 56:
346 2263 514 2300 sedidem
524 2270 560 2298 et
572 2263 745 2296 iratorum
759 2267 874 2296 est.—

187 2323 268 2358 Non
283 2321 533 2362 circumspectis
544 2343 553 2358 ‚
579 2328 652 2350 non
667 2322 770 2363 antea
787 2328 873 2361 pon-

188 2371 336 2416 deratis,
353 2371 420 2406 hoc
435 2376 506 2413 est,
524 2368 652 2410 nimiis.
666 2385 712 2393 —
727 2368 874 2412 Eaezgrere

186 2437 316 2466 ensem,
334 2434 513 2461 summam
541 2419 671 2454 virium
694 2418 873 2453 intentio-

188 2490 275 2513 nem
284 2483 408 2513 notare
426 2489 434 2511 :
450 2474 570 2510 docuit
586 2473 708 2509 Barth.
725 2472 768 2507 ad
784 2472 871 2508 Stat.

188 2532 263 2574 VI,
280 2528 394 2564 Theb.
412 2529 486 2575 718.

225 2597 239 2618 1
247 2597 298 2630 7²·
310 2583 474 2616 Extrema
478 2578 777 2624 percussae.Nescit
784 2578 874 2613 Bur-

189 2649 343 2672 mannus
359 2646 479 2669 annon
496 2633 624 2668 rectius
639 2638 875 2676 extremoeper-

189 2701 310 2731 cussa,
341 2686 437 2734 quod
460 2686 497 2720 in
519 2698 577 2720 sex
601 2685 704 2719 libris.
730 2703 775 2711 —
790 2687 873 2719 Do—

189 2745 300 2776 minus
311 2768 320 2783 ,
340 2740 400 2787 qui
417 2740 528 2774 utitur
544 2738 659 2783 aliqua
673 2751 723 2772 re.
739 2756 783 2764 —-
795 2739 876 2783 Cyl-

187 2796 315 2837 lenide,
330 2806 438 2839 quam
449 2806 468 2828 a
481 2791 662 2839 Cyllenio,
680 2791 750 2827 sive
766 2791 874 2827 Mer-

937 1736 1036 1772 curio
1053 1744 1258 1782 acceperat:
1276 1738 1354 1772 vide
1379 1738 1421 1772 ad
1449 1738 1521 1783 lv,
1554 1741 1626 1784 726.

938 1788 1058 1823 Etiam
1088 1788 1255 1834 Orpheus
1273 1814 1282 1832 ,
1311 1789 1403 1825 Lith.
1433 1791 1503 1824 XV
1520 1816 1530 1835 ,
1555 1792 1597 1834 45
1615 1817 1625 1835 ‚

938 1841 1035 1890 ἅρπηγ
1058 1845 1235 1881 Κυλληνίδος
1251 1841 1367 1877 habet.

944 1926 947 1928 ,
986 1906 1058 1937 177.
1088 1894 1210 1927 Verum
1241 1895 1304 1927 ubi
1321 1900 1387 1928 etc.
1416 1894 1536 1929 Serius
1560 1895 1627 1931 hoc

939 1944 1065 1978 auxilio
1083 1944 1194 1979 utitur
1211 1951 1251 1979 ut
1263 1945 1510 1981 fortitudinem
1522 1955 1626 1982 antea

939 2003 1143 2032 ostentaret.
1157 2015 1201 2024 —
1220 1999 1348 2042 Cogitis
1362 2001 1439 2043 ipsi.
1458 2000 1627 2036 Heinsius

938 2049 1090 2084 malebat
1104 2053 1183 2094 ψεῖ.
1198 2068 1243 2076 -
1253 2050 1290 2084 A
1292 2052 1312 2084 b
1328 2052 1424 2085 hoste
1431 2056 1557 2094 pelam.
1567 2052 1627 2088 Sic

928 2101 996 2146 sas
1004 2107 1040 2137 el
1044 2105 1088 2137 ab
1095 2105 1191 2138 hoste
1199 2105 1498 2147 deceni—Hastam
1505 2106 1625 2153 Gorgo

938 2153 1024 2189 olim
1047 2155 1167 2190 occisa.
1196 2154 1284 2200 Ejus
1310 2156 1421 2202 capite
1443 2156 1478 2191 in
1507 2171 1626 2203 pugna

938 2219 1020 2242 cum
1033 2206 1241 2254 Gigantibus
1257 2208 1417 2243 similiter
1430 2210 1544 2244 utitur
1554 2210 1627 2244 Mi-

938 2272 1047 2294 nerva
1055 2259 1146 2306 apud
1161 2259 1285 2295 Claud.
1295 2261 1490 2306 XXXVII,
1499 2263 1542 2310 93
1550 2276 1625 2309 sqq.

938 2315 1137 2349 ——Extulia
1150 2314 1217 2359 IV,
1233 2314 1299 2349 655
1313 2341 1322 2359 ,
1334 2317 1489 2359 prodidit
1501 2329 1570 2350 ora.
1582 2334 1627 2342 -·
1693 2358 1695 2362 ,

938 2368 1112 2402 M‘racula
1123 2395 1131 2408 ‚
1154 2368 1298 2414 magicae
1307 2375 1398 2403 artes
1409 2395 1419 2412 ,
1435 2382 1538 2403 versu
1553 2383 1625 2417 197.

938 2422 1154 2462 —Moveana
1167 2428 1333 2456 terreant.
1341 2440 1385 2447 ——
1392 2424 1512 2456 Fatale
1522 2421 1624 2457 Rode

939 2474 1044 2509 vertit
1052 2476 1115 2508 den
1127 2474 1412 2520 loedlltblaengSic
1426 2487 1509 2509 sane
1523 2477 1623 2509 telum

929 2526 1066 2571 fatale,
1087 2526 1229 2561 AEneid.
1250 2526 1343 2570 XII,
1366 2539 1453 2574 919,
1478 2533 1514 2561 et
1533 2526 1623 2561 alibi.

940 2578 990 2613 At
1013 2591 1111 2613 nunc
1135 2591 1243 2612 nemo
1260 2577 1319 2612 illo
1338 2577 1625 2614 interficiebatur.

941 2632 1037 2678 Ergo
1039 2633 1156 2676 fillale
1172 2632 1287 2677 potius
1304 2639 1355 2667 est
1368 2659 1378 2677 ,
1397 2633 1492 2678 quod
1510 2646 1625 2679 arrep-

940 2693 1017 2720 tum
1037 2698 1139 2720 causa
1164 2686 1230 2720 suit
1253 2685 1317 2731 ipsi
1343 2687 1559 2721 mutationis.
1579 2705 1624 2711 —

940 2739 1053 2772 Hesi(
1067 2740 1198 2782 signum
1215 2738 1381 2783 exquisite
1396 2765 1405 2782 ,
1424 2739 1556 2773 factum
1573 2745 1625 2773 est

939 2791 1189 2836 signum.-la
1203 2793 1268 2827 hoc
1282 2794 1412 2837 signum
1428 2791 1626 2836 lta-s11,·hoc

1676 265 1689 287 x
1735 259 1739 270 .
