<?xml version="1.0" encoding="UTF-8"?>
<!DOCTYPE html PUBLIC "-//W3C//DTD XHTML 1.0 Transitional//EN"
    "http://www.w3.org/TR/xhtml1/DTD/xhtml1-transitional.dtd">
<html xmlns="http://www.w3.org/1999/xhtml" xml:lang="en" lang="en">
 <head>
  <title>
</title>
<meta http-equiv="Content-Type" content="text/html;charset=utf-8" />
  <meta name='ocr-system' content='tesseract 3.04.00' />
  <meta name='ocr-capabilities' content='ocr_page ocr_carea ocr_par ocr_line ocrx_word'/>
</head>
<body>
  <div class='ocr_page' id='page_1' title='image "./quaeextantomniao03oviduoft_0454.png"; bbox 0 0 1832 3100; ppageno 0'>
   <div class='ocr_carea' id='block_1_1' title="bbox 266 231 351 287">
    <p class='ocr_par' dir='ltr' id='par_1_1' title="bbox 266 231 351 287">
     <span class='ocr_line' id='line_1_1' title="bbox 266 231 351 287; baseline 0.012 -12"><span class='ocrx_word' id='word_1_1' title='bbox 266 231 351 287; x_wconf 67' lang='lat'>422</span> 
     </span>
    </p>
   </div>
   <div class='ocr_carea' id='block_1_2' title="bbox 635 231 1309 279">
    <p class='ocr_par' dir='ltr' id='par_1_2' title="bbox 635 231 1309 279">
     <span class='ocr_line' id='line_1_2' title="bbox 635 231 1309 279; baseline 0.003 -3"><span class='ocrx_word' id='word_1_2' title='bbox 635 235 688 276; x_wconf 91' lang='lat' dir='ltr'>P.</span> <span class='ocrx_word' id='word_1_3' title='bbox 730 231 966 279; x_wconf 89' lang='lat' dir='ltr'><strong>OVIDII</strong></span> <span class='ocrx_word' id='word_1_4' title='bbox 1007 233 1309 278; x_wconf 89' lang='lat' dir='ltr'><strong>NASONIS</strong></span> 
     </span>
    </p>
   </div>
   <div class='ocr_carea' id='block_1_3' title="bbox 258 325 1677 855">
    <p class='ocr_par' dir='ltr' id='par_1_3' title="bbox 263 325 1320 385">
     <span class='ocr_line' id='line_1_3' title="bbox 263 325 1320 385; baseline 0.002 -12"><span class='ocrx_word' id='word_1_5' title='bbox 263 325 456 374; x_wconf 86' lang='lat' dir='ltr'>Prodere</span> <span class='ocrx_word' id='word_1_6' title='bbox 481 345 580 374; x_wconf 90' lang='lat' dir='ltr'>cum</span> <span class='ocrx_word' id='word_1_7' title='bbox 599 326 746 374; x_wconf 81' lang='lat' dir='ltr'>baccis</span> <span class='ocrx_word' id='word_1_8' title='bbox 771 325 927 377; x_wconf 82' lang='lat' dir='ltr'>soetum</span> <span class='ocrx_word' id='word_1_9' title='bbox 950 326 1146 374; x_wconf 86' lang='lat' dir='ltr'>canentis</span> <span class='ocrx_word' id='word_1_10' title='bbox 1170 325 1320 385; x_wconf 84' lang='lat' dir='ltr'>olivae;</span> 
     </span>
    </p>

    <p class='ocr_par' dir='ltr' id='par_1_4' title="bbox 262 402 1156 470">
     <span class='ocr_line' id='line_1_4' title="bbox 262 402 1156 470; baseline 0 -20"><span class='ocrx_word' id='word_1_11' title='bbox 262 403 504 469; x_wconf 87' lang='lat' dir='ltr'>Mirarique</span> <span class='ocrx_word' id='word_1_12' title='bbox 527 405 647 452; x_wconf 87' lang='lat' dir='ltr'>Deos</span> <span class='ocrx_word' id='word_1_13' title='bbox 667 423 677 451; x_wconf 93' lang='lat'><strong>:</strong></span> <span class='ocrx_word' id='word_1_14' title='bbox 698 403 820 470; x_wconf 87' lang='lat' dir='ltr'>operi</span> <span class='ocrx_word' id='word_1_15' title='bbox 838 403 1021 451; x_wconf 79' lang='lat' dir='ltr'>victoria</span> <span class='ocrx_word' id='word_1_16' title='bbox 1042 402 1156 450; x_wconf 86' lang='lat' dir='ltr'>finis.</span> 
     </span>
    </p>

    <p class='ocr_par' dir='ltr' id='par_1_5' title="bbox 263 479 1332 548">
     <span class='ocr_line' id='line_1_5' title="bbox 263 479 1332 548; baseline 0.002 -22"><span class='ocrx_word' id='word_1_17' title='bbox 263 482 326 527; x_wconf 87' lang='lat' dir='ltr'>Ut</span> <span class='ocrx_word' id='word_1_18' title='bbox 350 492 494 529; x_wconf 87' lang='lat' dir='ltr'>tamen</span> <span class='ocrx_word' id='word_1_19' title='bbox 518 481 728 548; x_wconf 86' lang='lat' dir='ltr'>exemplis</span> <span class='ocrx_word' id='word_1_20' title='bbox 750 480 970 543; x_wconf 85' lang='lat' dir='ltr'>intelligat</span> <span class='ocrx_word' id='word_1_21' title='bbox 987 479 1141 528; x_wconf 84' lang='lat' dir='ltr'>aemula</span> <span class='ocrx_word' id='word_1_22' title='bbox 1162 479 1332 538; x_wconf 85' lang='lat' dir='ltr'>laudis,</span> 
     </span>
    </p>

    <p class='ocr_par' dir='ltr' id='par_1_6' title="bbox 262 556 1422 626">
     <span class='ocr_line' id='line_1_6' title="bbox 262 556 1422 626; baseline 0 -21"><span class='ocrx_word' id='word_1_23' title='bbox 262 557 400 620; x_wconf 81' lang='lat' dir='ltr'>Quod</span> <span class='ocrx_word' id='word_1_24' title='bbox 423 559 615 625; x_wconf 89' lang='lat' dir='ltr'>pretium</span> <span class='ocrx_word' id='word_1_25' title='bbox 641 571 787 626; x_wconf 90' lang='lat' dir='ltr'>speret</span> <span class='ocrx_word' id='word_1_26' title='bbox 811 578 893 625; x_wconf 92' lang='lat' dir='ltr'>pro</span> <span class='ocrx_word' id='word_1_27' title='bbox 917 570 1005 606; x_wconf 87' lang='lat' dir='ltr'>tam</span> <span class='ocrx_word' id='word_1_28' title='bbox 1026 557 1260 606; x_wconf 89' lang='lat' dir='ltr'>furialibus</span> <span class='ocrx_word' id='word_1_29' title='bbox 1282 556 1422 615; x_wconf 84' lang='lat' dir='ltr'>ausis,</span> 
     </span>
    </p>

    <p class='ocr_par' dir='ltr' id='par_1_7' title="bbox 260 633 1677 773">
     <span class='ocr_line' id='line_1_7' title="bbox 260 633 1677 702; baseline 0.001 -20"><span class='ocrx_word' id='word_1_30' title='bbox 260 636 486 698; x_wconf 82' lang='lat' dir='ltr'>Quattuor</span> <span class='ocrx_word' id='word_1_31' title='bbox 505 635 551 683; x_wconf 87' lang='lat' dir='ltr'>in</span> <span class='ocrx_word' id='word_1_32' title='bbox 574 649 721 702; x_wconf 89' lang='lat' dir='ltr'>partes</span> <span class='ocrx_word' id='word_1_33' title='bbox 743 635 978 684; x_wconf 84' lang='lat' dir='ltr'>certamina</span> <span class='ocrx_word' id='word_1_34' title='bbox 1004 646 1218 701; x_wconf 86' lang='lat' dir='ltr'>quattuor</span> <span class='ocrx_word' id='word_1_35' title='bbox 1240 633 1364 681; x_wconf 84' lang='lat' dir='ltr'><strong>addit</strong></span> <span class='ocrx_word' id='word_1_36' title='bbox 1631 648 1677 684; x_wconf 80' lang='lat'>85</span> 
     </span>
     <span class='ocr_line' id='line_1_8' title="bbox 262 709 1357 773; baseline -0.003 -13"><span class='ocrx_word' id='word_1_37' title='bbox 262 711 388 760; x_wconf 86' lang='lat' dir='ltr'>Clara</span> <span class='ocrx_word' id='word_1_38' title='bbox 413 711 560 760; x_wconf 86' lang='lat' dir='ltr'>colore</span> <span class='ocrx_word' id='word_1_39' title='bbox 585 732 666 761; x_wconf 92' lang='lat' dir='ltr'>suo</span> <span class='ocrx_word' id='word_1_40' title='bbox 683 750 694 770; x_wconf 87' lang='lat'>‚</span> <span class='ocrx_word' id='word_1_41' title='bbox 722 711 931 760; x_wconf 89' lang='lat' dir='ltr'>brevibus</span> <span class='ocrx_word' id='word_1_42' title='bbox 953 711 1159 760; x_wconf 85' lang='lat' dir='ltr'>distincta</span> <span class='ocrx_word' id='word_1_43' title='bbox 1187 709 1357 773; x_wconf 76' lang='lat' dir='ltr'><strong>sigillis.</strong></span> 
     </span>
    </p>

    <p class='ocr_par' dir='ltr' id='par_1_8' title="bbox 258 786 1628 855">
     <span class='ocr_line' id='line_1_9' title="bbox 258 786 1628 855; baseline -0.001 -20"><span class='ocrx_word' id='word_1_44' title='bbox 258 789 505 837; x_wconf 85' lang='lat' dir='ltr'>Threiciam</span> <span class='ocrx_word' id='word_1_45' title='bbox 530 789 783 855; x_wconf 87' lang='lat' dir='ltr'>Rhodopen</span> <span class='ocrx_word' id='word_1_46' title='bbox 806 789 941 836; x_wconf 89' lang='lat' dir='ltr'>habet</span> <span class='ocrx_word' id='word_1_47' title='bbox 962 787 1150 851; x_wconf 87' lang='lat' dir='ltr'>angulus</span> <span class='ocrx_word' id='word_1_48' title='bbox 1174 805 1290 834; x_wconf 89' lang='lat' dir='ltr'>unus</span> <span class='ocrx_word' id='word_1_49' title='bbox 1305 823 1318 844; x_wconf 87' lang='lat'>,</span> <span class='ocrx_word' id='word_1_50' title='bbox 1344 797 1388 834; x_wconf 90' lang='lat' dir='ltr'>et</span> <span class='ocrx_word' id='word_1_51' title='bbox 1411 786 1598 835; x_wconf 86' lang='lat' dir='ltr'>Haemon</span> <span class='ocrx_word' id='word_1_52' title='bbox 1614 824 1628 846; x_wconf 87' lang='lat'>,</span> 
     </span>
    </p>
   </div>
   <div class='ocr_carea' id='block_1_4' title="bbox 257 867 1515 936">
    <p class='ocr_par' dir='ltr' id='par_1_9' title="bbox 257 867 1515 936">
     <span class='ocr_line' id='line_1_10' title="bbox 257 867 1515 936; baseline -0.003 -17"><span class='ocrx_word' id='word_1_53' title='bbox 257 872 387 919; x_wconf 86' lang='lat' dir='ltr'>Nunc</span> <span class='ocrx_word' id='word_1_54' title='bbox 413 871 582 934; x_wconf 84' lang='lat' dir='ltr'>gelidos</span> <span class='ocrx_word' id='word_1_55' title='bbox 605 883 804 928; x_wconf 83' lang='lat' dir='ltr'>montes,</span> <span class='ocrx_word' id='word_1_56' title='bbox 828 869 1032 918; x_wconf 85' lang='lat' dir='ltr'>mortalia</span> <span class='ocrx_word' id='word_1_57' title='bbox 1053 887 1241 936; x_wconf 89' lang='lat' dir='ltr'>corpora</span> <span class='ocrx_word' id='word_1_58' title='bbox 1266 867 1515 934; x_wconf 87' lang='lat' dir='ltr'>quondam;</span> 
     </span>
    </p>
   </div>
   <div class='ocr_carea' id='block_1_5' title="bbox 256 950 1415 1017">
    <p class='ocr_par' dir='ltr' id='par_1_10' title="bbox 256 950 1415 1017">
     <span class='ocr_line' id='line_1_11' title="bbox 256 950 1415 1017; baseline -0.003 -16"><span class='ocrx_word' id='word_1_59' title='bbox 256 954 449 1001; x_wconf 83' lang='lat' dir='ltr'>Nomina</span> <span class='ocrx_word' id='word_1_60' title='bbox 474 971 747 1000; x_wconf 89' lang='lat' dir='ltr'>summorum</span> <span class='ocrx_word' id='word_1_61' title='bbox 771 951 858 999; x_wconf 89' lang='lat' dir='ltr'>sibi</span> <span class='ocrx_word' id='word_1_62' title='bbox 884 951 960 1017; x_wconf 84' lang='lat' dir='ltr'>qui</span> <span class='ocrx_word' id='word_1_63' title='bbox 984 950 1176 999; x_wconf 83' lang='lat' dir='ltr'>tribuere</span> <span class='ocrx_word' id='word_1_64' title='bbox 1201 950 1415 998; x_wconf 88' lang='lat' dir='ltr'>Deorum.</span> 
     </span>
    </p>
   </div>
   <div class='ocr_carea' id='block_1_6' title="bbox 253 1031 1678 1101">
    <p class='ocr_par' dir='ltr' id='par_1_11' title="bbox 253 1031 1678 1101">
     <span class='ocr_line' id='line_1_12' title="bbox 253 1031 1678 1101; baseline -0.003 -19"><span class='ocrx_word' id='word_1_65' title='bbox 253 1034 407 1100; x_wconf 85' lang='lat' dir='ltr'>Altera</span> <span class='ocrx_word' id='word_1_66' title='bbox 430 1035 642 1101; x_wconf 86' lang='lat' dir='ltr'>Pygmaeae</span> <span class='ocrx_word' id='word_1_67' title='bbox 664 1033 804 1081; x_wconf 84' lang='lat' dir='ltr'>fatum</span> <span class='ocrx_word' id='word_1_68' title='bbox 828 1031 1078 1081; x_wconf 81' lang='lat' dir='ltr'>miserabile</span> <span class='ocrx_word' id='word_1_69' title='bbox 1099 1031 1255 1078; x_wconf 86' lang='lat' dir='ltr'>matris</span> <span class='ocrx_word' id='word_1_70' title='bbox 1633 1056 1678 1090; x_wconf 81' lang='lat'>9⁰</span> 
     </span>
    </p>
   </div>
   <div class='ocr_carea' id='block_1_7' title="bbox 251 1170 941 2778">
    <p class='ocr_par' dir='ltr' id='par_1_12' title="bbox 251 1170 936 2456">
     <span class='ocr_line' id='line_1_13' title="bbox 256 1170 934 1217; baseline 0 -11"><span class='ocrx_word' id='word_1_71' title='bbox 256 1189 299 1197; x_wconf 89' lang='lat'>—-</span> <span class='ocrx_word' id='word_1_72' title='bbox 309 1173 364 1206; x_wconf 84' lang='lat' dir='ltr'>De</span> <span class='ocrx_word' id='word_1_73' title='bbox 376 1173 530 1216; x_wconf 80' lang='lat' dir='ltr'>cuspt&#39;de;</span> <span class='ocrx_word' id='word_1_74' title='bbox 546 1170 603 1206; x_wconf 85' lang='lat' dir='ltr'>hic</span> <span class='ocrx_word' id='word_1_75' title='bbox 613 1170 809 1217; x_wconf 80' lang='lat' dir='ltr'>praepositio</span> <span class='ocrx_word' id='word_1_76' title='bbox 825 1171 934 1206; x_wconf 83' lang='lat' dir='ltr'>otiosa</span> 
     </span>
     <span class='ocr_line' id='line_1_14' title="bbox 254 1223 934 1270; baseline 0.001 -12"><span class='ocrx_word' id='word_1_77' title='bbox 254 1230 314 1258; x_wconf 84' lang='lat' dir='ltr'>est.</span> <span class='ocrx_word' id='word_1_78' title='bbox 328 1226 542 1265; x_wconf 79' lang='lat' dir='ltr'>-Pmdere‚</span> <span class='ocrx_word' id='word_1_79' title='bbox 561 1223 654 1258; x_wconf 89' lang='lat' dir='ltr'>idem</span> <span class='ocrx_word' id='word_1_80' title='bbox 674 1237 780 1270; x_wconf 83' lang='lat' dir='ltr'>quam</span> <span class='ocrx_word' id='word_1_81' title='bbox 792 1251 801 1268; x_wconf 82' lang='grc'>,</span> <span class='ocrx_word' id='word_1_82' title='bbox 818 1224 934 1259; x_wconf 88' lang='lat' dir='ltr'>edere.</span> 
     </span>
     <span class='ocr_line' id='line_1_15' title="bbox 256 1274 934 1321; baseline 0.004 -12"><span class='ocrx_word' id='word_1_83' title='bbox 256 1274 378 1310; x_wconf 87' lang='lat' dir='ltr'>Codex</span> <span class='ocrx_word' id='word_1_84' title='bbox 397 1276 525 1321; x_wconf 84' lang='lat' dir='ltr'>Regius</span> <span class='ocrx_word' id='word_1_85' title='bbox 547 1276 575 1310; x_wconf 83' lang='grc' dir='ltr'>Α</span> <span class='ocrx_word' id='word_1_86' title='bbox 593 1275 697 1311; x_wconf 80' lang='lat' dir='ltr'>habet</span> <span class='ocrx_word' id='word_1_87' title='bbox 710 1279 826 1319; x_wconf 75' lang='lat' dir='ltr'>edere5</span> <span class='ocrx_word' id='word_1_88' title='bbox 843 1277 934 1312; x_wconf 88' lang='lat' dir='ltr'>bene</span> 
     </span>
     <span class='ocr_line' id='line_1_16' title="bbox 255 1328 934 1374; baseline 0.001 -12"><span class='ocrx_word' id='word_1_89' title='bbox 255 1328 298 1363; x_wconf 86' lang='lat' dir='ltr'>de</span> <span class='ocrx_word' id='word_1_90' title='bbox 314 1336 407 1363; x_wconf 82' lang='lat' dir='ltr'>terra</span> <span class='ocrx_word' id='word_1_91' title='bbox 422 1341 499 1374; x_wconf 85' lang='lat' dir='ltr'>quae</span> <span class='ocrx_word' id='word_1_92' title='bbox 516 1328 588 1363; x_wconf 87' lang='lat' dir='ltr'>edit</span> <span class='ocrx_word' id='word_1_93' title='bbox 603 1329 715 1364; x_wconf 84' lang='lat' dir='ltr'>soetus.</span> <span class='ocrx_word' id='word_1_94' title='bbox 733 1331 934 1364; x_wconf 86' lang='lat' dir='ltr'>Ed.—Cum</span> 
     </span>
     <span class='ocr_line' id='line_1_17' title="bbox 254 1382 935 1428; baseline 0 -12"><span class='ocrx_word' id='word_1_95' title='bbox 254 1384 379 1416; x_wconf 73' lang='lat' dir='ltr'>baccis.</span> <span class='ocrx_word' id='word_1_96' title='bbox 402 1382 521 1416; x_wconf 78' lang='lat' dir='ltr'>Bacrae</span> <span class='ocrx_word' id='word_1_97' title='bbox 545 1382 677 1416; x_wconf 78' lang='lat' dir='ltr'>fructus</span> <span class='ocrx_word' id='word_1_98' title='bbox 709 1382 847 1428; x_wconf 85' lang='lat' dir='ltr'>proprie</span> <span class='ocrx_word' id='word_1_99' title='bbox 873 1382 935 1416; x_wconf 89' lang='lat' dir='ltr'>di-</span> 
     </span>
     <span class='ocr_line' id='line_1_18' title="bbox 252 1433 933 1476; baseline 0.004 -10"><span class='ocrx_word' id='word_1_100' title='bbox 252 1440 383 1467; x_wconf 84' lang='lat' dir='ltr'>cuntur</span> <span class='ocrx_word' id='word_1_101' title='bbox 393 1433 491 1467; x_wconf 87' lang='lat' dir='ltr'>olivae</span> <span class='ocrx_word' id='word_1_102' title='bbox 502 1459 511 1476; x_wconf 89' lang='lat'>,</span> <span class='ocrx_word' id='word_1_103' title='bbox 525 1440 558 1468; x_wconf 91' lang='lat' dir='ltr'>et</span> <span class='ocrx_word' id='word_1_104' title='bbox 570 1434 736 1468; x_wconf 81' lang='lat' dir='ltr'>similium</span> <span class='ocrx_word' id='word_1_105' title='bbox 753 1435 933 1476; x_wconf 86' lang='lat' dir='ltr'>arborum,</span> 
     </span>
     <span class='ocr_line' id='line_1_19' title="bbox 255 1484 934 1530; baseline 0.006 -13"><span class='ocrx_word' id='word_1_106' title='bbox 255 1484 313 1529; x_wconf 87' lang='lat' dir='ltr'>qui</span> <span class='ocrx_word' id='word_1_107' title='bbox 331 1491 366 1518; x_wconf 90' lang='lat' dir='ltr'>et</span> <span class='ocrx_word' id='word_1_108' title='bbox 389 1485 500 1530; x_wconf 86' lang='lat' dir='ltr'>exigui</span> <span class='ocrx_word' id='word_1_109' title='bbox 526 1492 661 1529; x_wconf 84' lang='lat' dir='ltr'>suntet</span> <span class='ocrx_word' id='word_1_110' title='bbox 677 1486 767 1530; x_wconf 86' lang='lat' dir='ltr'>rari,</span> <span class='ocrx_word' id='word_1_111' title='bbox 795 1498 833 1521; x_wconf 82' lang='lat' dir='ltr'>ac</span> <span class='ocrx_word' id='word_1_112' title='bbox 856 1500 875 1521; x_wconf 89' lang='lat' dir='ltr'>a</span> <span class='ocrx_word' id='word_1_113' title='bbox 898 1499 934 1521; x_wconf 94' lang='lat' dir='ltr'>se</span> 
     </span>
     <span class='ocr_line' id='line_1_20' title="bbox 251 1535 934 1580; baseline 0.003 -11"><span class='ocrx_word' id='word_1_114' title='bbox 251 1535 405 1569; x_wconf 83' lang='lat' dir='ltr'>invicem</span> <span class='ocrx_word' id='word_1_115' title='bbox 419 1537 567 1580; x_wconf 81' lang='lat' dir='ltr'>separati</span> <span class='ocrx_word' id='word_1_116' title='bbox 589 1544 791 1571; x_wconf 82' lang='lat' dir='ltr'>nascuntur.</span> <span class='ocrx_word' id='word_1_117' title='bbox 813 1536 876 1571; x_wconf 79' lang='lat' dir='ltr'>Ed.</span> <span class='ocrx_word' id='word_1_118' title='bbox 891 1556 934 1564; x_wconf 93' lang='lat'>—-</span> 
     </span>
     <span class='ocr_line' id='line_1_21' title="bbox 254 1587 935 1623; baseline 0.004 -3"><span class='ocrx_word' id='word_1_119' title='bbox 254 1589 392 1621; x_wconf 70' lang='lat' dir='ltr'>Fatum.</span> <span class='ocrx_word' id='word_1_120' title='bbox 412 1588 453 1621; x_wconf 82' lang='lat' dir='ltr'>In</span> <span class='ocrx_word' id='word_1_121' title='bbox 469 1587 535 1622; x_wconf 88' lang='lat' dir='ltr'>hoc</span> <span class='ocrx_word' id='word_1_122' title='bbox 550 1588 718 1622; x_wconf 81' lang='lat' dir='ltr'>vocabulo</span> <span class='ocrx_word' id='word_1_123' title='bbox 731 1589 839 1623; x_wconf 84' lang='lat' dir='ltr'>haeret</span> <span class='ocrx_word' id='word_1_124' title='bbox 849 1589 935 1623; x_wconf 88' lang='lat' dir='ltr'>Gla-</span> 
     </span>
     <span class='ocr_line' id='line_1_22' title="bbox 253 1639 934 1684; baseline 0.004 -12"><span class='ocrx_word' id='word_1_125' title='bbox 253 1652 349 1673; x_wconf 87' lang='lat' dir='ltr'>rean.</span> <span class='ocrx_word' id='word_1_126' title='bbox 382 1651 493 1684; x_wconf 90' lang='lat' dir='ltr'>quum</span> <span class='ocrx_word' id='word_1_127' title='bbox 525 1639 628 1673; x_wconf 81' lang='lat' dir='ltr'>arbor</span> <span class='ocrx_word' id='word_1_128' title='bbox 660 1639 838 1674; x_wconf 85' lang='lat' dir='ltr'>nominari</span> <span class='ocrx_word' id='word_1_129' title='bbox 863 1641 934 1675; x_wconf 91' lang='lat' dir='ltr'>de—</span> 
     </span>
     <span class='ocr_line' id='line_1_23' title="bbox 252 1692 932 1736; baseline 0.001 -10"><span class='ocrx_word' id='word_1_130' title='bbox 252 1692 390 1726; x_wconf 86' lang='lat' dir='ltr'>buisset.</span> <span class='ocrx_word' id='word_1_131' title='bbox 404 1708 450 1718; x_wconf 89' lang='lat'>—-</span> <span class='ocrx_word' id='word_1_132' title='bbox 470 1692 575 1725; x_wconf 71' lang='lat' dir='ltr'>Olim</span> <span class='ocrx_word' id='word_1_133' title='bbox 590 1695 743 1725; x_wconf 77' lang='lat' dir='ltr'>canentis</span> <span class='ocrx_word' id='word_1_134' title='bbox 760 1705 777 1725; x_wconf 91' lang='lat' dir='ltr'>a</span> <span class='ocrx_word' id='word_1_135' title='bbox 794 1692 909 1727; x_wconf 83' lang='lat' dir='ltr'>colore</span> <span class='ocrx_word' id='word_1_136' title='bbox 922 1719 932 1736; x_wconf 86' lang='lat'>,</span> 
     </span>
     <span class='ocr_line' id='line_1_24' title="bbox 255 1743 933 1789; baseline 0.001 -11"><span class='ocrx_word' id='word_1_137' title='bbox 255 1756 362 1789; x_wconf 79' lang='lat' dir='ltr'>quem</span> <span class='ocrx_word' id='word_1_138' title='bbox 375 1744 520 1777; x_wconf 85' lang='lat' dir='ltr'>inferius</span> <span class='ocrx_word' id='word_1_139' title='bbox 532 1743 697 1777; x_wconf 84' lang='lat' dir='ltr'>soliorum</span> <span class='ocrx_word' id='word_1_140' title='bbox 713 1744 801 1779; x_wconf 87' lang='lat' dir='ltr'>latus</span> <span class='ocrx_word' id='word_1_141' title='bbox 816 1746 933 1779; x_wconf 84' lang='lat' dir='ltr'>refert.</span> 
     </span>
     <span class='ocr_line' id='line_1_25' title="bbox 256 1796 934 1842; baseline 0.001 -12"><span class='ocrx_word' id='word_1_142' title='bbox 256 1796 420 1842; x_wconf 86' lang='lat' dir='ltr'>Virgilius</span> <span class='ocrx_word' id='word_1_143' title='bbox 432 1822 441 1839; x_wconf 88' lang='lat'>,</span> <span class='ocrx_word' id='word_1_144' title='bbox 454 1796 570 1841; x_wconf 83' lang='lat' dir='ltr'>Eclog.</span> <span class='ocrx_word' id='word_1_145' title='bbox 583 1797 630 1840; x_wconf 89' lang='lat' dir='ltr'>V,</span> <span class='ocrx_word' id='word_1_146' title='bbox 645 1810 690 1831; x_wconf 90' lang='lat' dir='ltr'>vs.</span> <span class='ocrx_word' id='word_1_147' title='bbox 705 1797 744 1831; x_wconf 76' lang='grc'>16</span> <span class='ocrx_word' id='word_1_148' title='bbox 754 1823 763 1840; x_wconf 84' lang='grc'>,</span> <span class='ocrx_word' id='word_1_149' title='bbox 771 1800 934 1840; x_wconf 57' lang='lat' dir='ltr'>pallentis·</span> 
     </span>
     <span class='ocr_line' id='line_1_26' title="bbox 253 1847 935 1894; baseline 0.003 -12"><span class='ocrx_word' id='word_1_150' title='bbox 253 1851 358 1883; x_wconf 70' lang='lat' dir='ltr'>oliva.</span> <span class='ocrx_word' id='word_1_151' title='bbox 378 1849 587 1883; x_wconf 87' lang='lat' dir='ltr'>Burmanno</span> <span class='ocrx_word' id='word_1_152' title='bbox 607 1861 680 1882; x_wconf 92' lang='lat' dir='ltr'>non</span> <span class='ocrx_word' id='word_1_153' title='bbox 698 1847 854 1894; x_wconf 81' lang='lat' dir='ltr'>displicet</span> <span class='ocrx_word' id='word_1_154' title='bbox 871 1849 935 1884; x_wconf 90' lang='lat' dir='ltr'>lec-</span> 
     </span>
     <span class='ocr_line' id='line_1_27' title="bbox 253 1900 935 1944; baseline -0.001 -9"><span class='ocrx_word' id='word_1_155' title='bbox 253 1902 303 1935; x_wconf 84' lang='lat' dir='ltr'>tio</span> <span class='ocrx_word' id='word_1_156' title='bbox 325 1900 559 1935; x_wconf 86' lang='lat' dir='ltr'>Bononiensis</span> <span class='ocrx_word' id='word_1_157' title='bbox 571 1925 581 1943; x_wconf 86' lang='lat'>,</span> <span class='ocrx_word' id='word_1_158' title='bbox 605 1912 731 1934; x_wconf 84' lang='lat' dir='ltr'>ramum</span> <span class='ocrx_word' id='word_1_159' title='bbox 738 1900 935 1944; x_wconf 75' lang='lat' dir='ltr'>frondentis</span> 
     </span>
     <span class='ocr_line' id='line_1_28' title="bbox 253 1951 933 1996; baseline 0 -10"><span class='ocrx_word' id='word_1_160' title='bbox 253 1955 347 1987; x_wconf 70' lang='lat' dir='ltr'>oliva·</span> <span class='ocrx_word' id='word_1_161' title='bbox 360 1979 367 1991; x_wconf 89' lang='lat'><strong>‚</strong></span> <span class='ocrx_word' id='word_1_162' title='bbox 403 1958 442 1985; x_wconf 91' lang='lat' dir='ltr'>ut</span> <span class='ocrx_word' id='word_1_163' title='bbox 464 1951 613 1986; x_wconf 89' lang='lat' dir='ltr'>allusum</span> <span class='ocrx_word' id='word_1_164' title='bbox 635 1951 678 1986; x_wconf 91' lang='lat' dir='ltr'>sit</span> <span class='ocrx_word' id='word_1_165' title='bbox 699 1951 742 1986; x_wconf 82' lang='lat' dir='ltr'>ad</span> <span class='ocrx_word' id='word_1_166' title='bbox 771 1952 909 1987; x_wconf 83' lang='lat' dir='ltr'>Graecas</span> <span class='ocrx_word' id='word_1_167' title='bbox 923 1978 933 1996; x_wconf 89' lang='lat'>,</span> 
     </span>
     <span class='ocr_line' id='line_1_29' title="bbox 255 2004 934 2050; baseline -0.001 -10"><span class='ocrx_word' id='word_1_168' title='bbox 255 2007 381 2041; x_wconf 61' lang='grc' dir='ltr'>,θάλλειν</span> <span class='ocrx_word' id='word_1_169' title='bbox 400 2011 434 2039; x_wconf 82' lang='lat' dir='ltr'>et</span> <span class='ocrx_word' id='word_1_170' title='bbox 450 2005 562 2039; x_wconf 63' lang='grc' dir='ltr'>θάλλον</span> <span class='ocrx_word' id='word_1_171' title='bbox 577 2019 585 2046; x_wconf 90' lang='grc'><strong>;</strong></span> <span class='ocrx_word' id='word_1_172' title='bbox 613 2017 690 2049; x_wconf 82' lang='lat' dir='ltr'>quae</span> <span class='ocrx_word' id='word_1_173' title='bbox 704 2017 805 2039; x_wconf 89' lang='lat' dir='ltr'>voces</span> <span class='ocrx_word' id='word_1_174' title='bbox 821 2017 871 2050; x_wconf 88' lang='lat' dir='ltr'>pr.</span> <span class='ocrx_word' id='word_1_175' title='bbox 891 2004 934 2039; x_wconf 89' lang='lat' dir='ltr'>de</span> 
     </span>
     <span class='ocr_line' id='line_1_30' title="bbox 253 2055 933 2091; baseline 0.001 -1"><span class='ocrx_word' id='word_1_176' title='bbox 253 2057 320 2091; x_wconf 84' lang='lat' dir='ltr'>hac</span> <span class='ocrx_word' id='word_1_177' title='bbox 338 2069 433 2091; x_wconf 84' lang='lat' dir='ltr'>sacra</span> <span class='ocrx_word' id='word_1_178' title='bbox 459 2055 608 2091; x_wconf 83' lang='lat' dir='ltr'>Palladis</span> <span class='ocrx_word' id='word_1_179' title='bbox 627 2056 716 2090; x_wconf 88' lang='lat' dir='ltr'>oliva</span> <span class='ocrx_word' id='word_1_180' title='bbox 733 2055 833 2091; x_wconf 75' lang='lat' dir='ltr'>dictae</span> <span class='ocrx_word' id='word_1_181' title='bbox 853 2057 933 2091; x_wconf 90' lang='lat' dir='ltr'>sint.</span> 
     </span>
     <span class='ocr_line' id='line_1_31' title="bbox 255 2108 935 2153; baseline -0.001 -9"><span class='ocrx_word' id='word_1_182' title='bbox 255 2109 410 2144; x_wconf 82' lang='lat' dir='ltr'>Frustra.</span> <span class='ocrx_word' id='word_1_183' title='bbox 422 2109 537 2143; x_wconf 89' lang='lat' dir='ltr'>Arbor</span> <span class='ocrx_word' id='word_1_184' title='bbox 550 2108 735 2143; x_wconf 84' lang='lat' dir='ltr'>commode</span> <span class='ocrx_word' id='word_1_185' title='bbox 739 2109 851 2153; x_wconf 82' lang='lat' dir='ltr'>foelus</span> <span class='ocrx_word' id='word_1_186' title='bbox 868 2109 935 2144; x_wconf 85' lang='lat' dir='ltr'>dici</span> 
     </span>
     <span class='ocr_line' id='line_1_32' title="bbox 255 2161 933 2207; baseline 0 -12"><span class='ocrx_word' id='word_1_187' title='bbox 255 2161 370 2207; x_wconf 88' lang='lat' dir='ltr'>potuit</span> <span class='ocrx_word' id='word_1_188' title='bbox 382 2187 390 2202; x_wconf 82' lang='grc'><strong>,</strong></span> <span class='ocrx_word' id='word_1_189' title='bbox 407 2174 536 2206; x_wconf 90' lang='lat' dir='ltr'>nempe</span> <span class='ocrx_word' id='word_1_190' title='bbox 550 2167 663 2195; x_wconf 79' lang='lat' dir='ltr'>terrae.</span> <span class='ocrx_word' id='word_1_191' title='bbox 682 2161 743 2196; x_wconf 88' lang='lat' dir='ltr'>Illa</span> <span class='ocrx_word' id='word_1_192' title='bbox 756 2161 825 2206; x_wconf 86' lang='lat' dir='ltr'>ipsa</span> <span class='ocrx_word' id='word_1_193' title='bbox 838 2161 913 2195; x_wconf 89' lang='lat' dir='ltr'>olea</span> <span class='ocrx_word' id='word_1_194' title='bbox 923 2187 933 2205; x_wconf 87' lang='lat'>,</span> 
     </span>
     <span class='ocr_line' id='line_1_33' title="bbox 256 2212 935 2259; baseline 0 -11"><span class='ocrx_word' id='word_1_195' title='bbox 256 2226 361 2259; x_wconf 88' lang='lat' dir='ltr'>quam</span> <span class='ocrx_word' id='word_1_196' title='bbox 379 2213 543 2247; x_wconf 81' lang='lat' dir='ltr'>Minerva</span> <span class='ocrx_word' id='word_1_197' title='bbox 558 2212 789 2258; x_wconf 87' lang='lat' dir='ltr'>produxerat,</span> <span class='ocrx_word' id='word_1_198' title='bbox 807 2213 842 2246; x_wconf 90' lang='lat' dir='ltr'>in</span> <span class='ocrx_word' id='word_1_199' title='bbox 858 2227 935 2248; x_wconf 88' lang='lat' dir='ltr'>arce</span> 
     </span>
     <span class='ocr_line' id='line_1_34' title="bbox 256 2264 935 2308; baseline -0.003 -7"><span class='ocrx_word' id='word_1_200' title='bbox 256 2264 528 2301; x_wconf 82' lang='lat' dir='ltr'>Atheniensium</span> <span class='ocrx_word' id='word_1_201' title='bbox 543 2264 744 2299; x_wconf 84' lang='lat' dir='ltr'>servabatur</span> <span class='ocrx_word' id='word_1_202' title='bbox 753 2291 762 2308; x_wconf 93' lang='lat'>‚</span> <span class='ocrx_word' id='word_1_203' title='bbox 774 2272 860 2300; x_wconf 88' lang='lat' dir='ltr'>teste</span> <span class='ocrx_word' id='word_1_204' title='bbox 873 2266 935 2300; x_wconf 89' lang='lat' dir='ltr'>So·</span> 
     </span>
     <span class='ocr_line' id='line_1_35' title="bbox 256 2317 936 2366; baseline -0.001 -13"><span class='ocrx_word' id='word_1_205' title='bbox 256 2319 377 2366; x_wconf 80' lang='lat' dir='ltr'>phocle</span> <span class='ocrx_word' id='word_1_206' title='bbox 392 2344 401 2362; x_wconf 88' lang='lat'>,</span> <span class='ocrx_word' id='word_1_207' title='bbox 425 2317 509 2352; x_wconf 85' lang='lat' dir='ltr'>OEd.</span> <span class='ocrx_word' id='word_1_208' title='bbox 533 2317 612 2352; x_wconf 89' lang='lat' dir='ltr'>Col.</span> <span class='ocrx_word' id='word_1_209' title='bbox 626 2317 692 2352; x_wconf 73' lang='lat'>585</span> <span class='ocrx_word' id='word_1_210' title='bbox 709 2330 781 2362; x_wconf 87' lang='lat' dir='ltr'>sqq.</span> <span class='ocrx_word' id='word_1_211' title='bbox 797 2343 806 2360; x_wconf 87' lang='lat'>,</span> <span class='ocrx_word' id='word_1_212' title='bbox 826 2325 860 2352; x_wconf 90' lang='lat' dir='ltr'>et</span> <span class='ocrx_word' id='word_1_213' title='bbox 878 2331 936 2352; x_wconf 88' lang='lat' dir='ltr'>os-</span> 
     </span>
     <span class='ocr_line' id='line_1_36' title="bbox 256 2367 934 2414; baseline -0.001 -10"><span class='ocrx_word' id='word_1_214' title='bbox 256 2369 466 2404; x_wconf 79' lang='lat' dir='ltr'>tendebatur</span> <span class='ocrx_word' id='word_1_215' title='bbox 488 2367 601 2403; x_wconf 84' lang='lat' dir='ltr'>adhuc</span> <span class='ocrx_word' id='word_1_216' title='bbox 626 2375 785 2413; x_wconf 87' lang='lat' dir='ltr'>tempore</span> <span class='ocrx_word' id='word_1_217' title='bbox 818 2369 934 2414; x_wconf 89' lang='lat' dir='ltr'>Apol-</span> 
     </span>
     <span class='ocr_line' id='line_1_37' title="bbox 256 2420 757 2456; baseline -0.002 -1"><span class='ocrx_word' id='word_1_218' title='bbox 256 2421 368 2456; x_wconf 89' lang='lat' dir='ltr'>lodori</span> <span class='ocrx_word' id='word_1_219' title='bbox 386 2421 420 2455; x_wconf 90' lang='lat' dir='ltr'>in</span> <span class='ocrx_word' id='word_1_220' title='bbox 438 2420 608 2455; x_wconf 88' lang='lat' dir='ltr'>Pandrosi</span> <span class='ocrx_word' id='word_1_221' title='bbox 624 2420 757 2454; x_wconf 84' lang='lat' dir='ltr'>sacello.</span> 
     </span>
    </p>

    <p class='ocr_par' dir='ltr' id='par_1_13' title="bbox 256 2472 941 2721">
     <span class='ocr_line' id='line_1_38' title="bbox 300 2472 936 2517; baseline 0 -11"><span class='ocrx_word' id='word_1_222' title='bbox 300 2473 351 2507; x_wconf 81' lang='lat'>82.</span> <span class='ocrx_word' id='word_1_223' title='bbox 377 2473 478 2515; x_wconf 77' lang='lat' dir='ltr'>Opere·</span> <span class='ocrx_word' id='word_1_224' title='bbox 490 2475 633 2506; x_wconf 77' lang='lat' dir='ltr'>victoria</span> <span class='ocrx_word' id='word_1_225' title='bbox 634 2473 732 2517; x_wconf 82' lang='lat' dir='ltr'>finis.</span> <span class='ocrx_word' id='word_1_226' title='bbox 749 2472 866 2517; x_wconf 83' lang='lat' dir='ltr'>Vulgo</span> <span class='ocrx_word' id='word_1_227' title='bbox 883 2472 936 2506; x_wconf 89' lang='lat' dir='ltr'>le—</span> 
     </span>
     <span class='ocr_line' id='line_1_39' title="bbox 256 2524 936 2570; baseline 0 -12"><span class='ocrx_word' id='word_1_228' title='bbox 256 2524 348 2570; x_wconf 83' lang='lat' dir='ltr'>gitur</span> <span class='ocrx_word' id='word_1_229' title='bbox 374 2528 490 2567; x_wconf 80' lang='lat' dir='ltr'>open‘s.</span> <span class='ocrx_word' id='word_1_230' title='bbox 522 2525 574 2558; x_wconf 81' lang='lat' dir='ltr'>Ita</span> <span class='ocrx_word' id='word_1_231' title='bbox 602 2537 739 2569; x_wconf 91' lang='lat' dir='ltr'>quoque</span> <span class='ocrx_word' id='word_1_232' title='bbox 760 2524 796 2558; x_wconf 89' lang='lat' dir='ltr'>in</span> <span class='ocrx_word' id='word_1_233' title='bbox 819 2524 936 2558; x_wconf 88' lang='lat' dir='ltr'>Codi-</span> 
     </span>
     <span class='ocr_line' id='line_1_40' title="bbox 256 2575 941 2620; baseline 0.003 -12"><span class='ocrx_word' id='word_1_234' title='bbox 256 2575 351 2609; x_wconf 76' lang='lat' dir='ltr'>cibus</span> <span class='ocrx_word' id='word_1_235' title='bbox 380 2575 517 2610; x_wconf 82' lang='lat' dir='ltr'>nostris.</span> <span class='ocrx_word' id='word_1_236' title='bbox 552 2576 645 2620; x_wconf 83' lang='lat' dir='ltr'>Opus</span> <span class='ocrx_word' id='word_1_237' title='bbox 674 2576 793 2610; x_wconf 86' lang='lat' dir='ltr'>clausit</span> <span class='ocrx_word' id='word_1_238' title='bbox 818 2576 907 2610; x_wconf 88' lang='lat' dir='ltr'>oliva</span> <span class='ocrx_word' id='word_1_239' title='bbox 931 2602 941 2620; x_wconf 82' lang='lat'><em>‚</em></span> 
     </span>
     <span class='ocr_line' id='line_1_41' title="bbox 256 2627 936 2673; baseline 0.003 -13"><span class='ocrx_word' id='word_1_240' title='bbox 256 2627 455 2672; x_wconf 88' lang='lat' dir='ltr'>symbolum</span> <span class='ocrx_word' id='word_1_241' title='bbox 480 2627 591 2672; x_wconf 81' lang='lat' dir='ltr'>pacis,</span> <span class='ocrx_word' id='word_1_242' title='bbox 616 2627 651 2661; x_wconf 89' lang='lat' dir='ltr'>in</span> <span class='ocrx_word' id='word_1_243' title='bbox 669 2628 839 2673; x_wconf 82' lang='lat' dir='ltr'>suffragiis</span> <span class='ocrx_word' id='word_1_244' title='bbox 863 2628 936 2663; x_wconf 80' lang='lat' dir='ltr'>vic-</span> 
     </span>
     <span class='ocr_line' id='line_1_42' title="bbox 257 2679 901 2721; baseline 0.005 -9"><span class='ocrx_word' id='word_1_245' title='bbox 257 2679 344 2713; x_wconf 87' lang='lat' dir='ltr'>toria</span> <span class='ocrx_word' id='word_1_246' title='bbox 361 2694 369 2721; x_wconf 89' lang='lat'>;</span> <span class='ocrx_word' id='word_1_247' title='bbox 387 2680 465 2714; x_wconf 86' lang='lat' dir='ltr'>vide</span> <span class='ocrx_word' id='word_1_248' title='bbox 482 2681 572 2714; x_wconf 79' lang='lat' dir='ltr'>infra</span> <span class='ocrx_word' id='word_1_249' title='bbox 587 2694 728 2716; x_wconf 85' lang='lat' dir='ltr'>versum</span> <span class='ocrx_word' id='word_1_250' title='bbox 746 2693 818 2715; x_wconf 83' lang='lat'>101.</span> <span class='ocrx_word' id='word_1_251' title='bbox 837 2682 901 2715; x_wconf 86' lang='lat' dir='ltr'>Ed.</span> 
     </span>
    </p>

    <p class='ocr_par' dir='ltr' id='par_1_14' title="bbox 299 2731 934 2778">
     <span class='ocr_line' id='line_1_43' title="bbox 299 2731 934 2778; baseline 0 -13"><span class='ocrx_word' id='word_1_252' title='bbox 299 2731 351 2774; x_wconf 79' lang='lat'>84.</span> <span class='ocrx_word' id='word_1_253' title='bbox 361 2733 507 2766; x_wconf 76' lang='lat' dir='ltr'>Pretium</span> <span class='ocrx_word' id='word_1_254' title='bbox 516 2759 526 2774; x_wconf 81' lang='grc'><em>,</em></span> <span class='ocrx_word' id='word_1_255' title='bbox 541 2732 739 2767; x_wconf 85' lang='lat' dir='ltr'>mercedem</span> <span class='ocrx_word' id='word_1_256' title='bbox 750 2758 759 2776; x_wconf 90' lang='lat'>,</span> <span class='ocrx_word' id='word_1_257' title='bbox 773 2745 912 2778; x_wconf 87' lang='lat' dir='ltr'>poenam</span> <span class='ocrx_word' id='word_1_258' title='bbox 925 2746 934 2774; x_wconf 83' lang='lat'><em>3</em></span> 
     </span>
    </p>
   </div>
   <div class='ocr_carea' id='block_1_8' title="bbox 995 1165 1683 2780">
    <p class='ocr_par' dir='ltr' id='par_1_15' title="bbox 995 1165 1680 1688">
     <span class='ocr_line' id='line_1_44' title="bbox 998 1165 1678 1216; baseline -0.001 -11"><span class='ocrx_word' id='word_1_259' title='bbox 998 1184 1083 1206; x_wconf 90' lang='lat' dir='ltr'>nam</span> <span class='ocrx_word' id='word_1_260' title='bbox 1098 1170 1194 1216; x_wconf 75' lang='lat' dir='ltr'>juxta</span> <span class='ocrx_word' id='word_1_261' title='bbox 1215 1165 1416 1205; x_wconf 84' lang='lat' dir='ltr'>Callim&#39;ach.</span> <span class='ocrx_word' id='word_1_262' title='bbox 1433 1169 1469 1204; x_wconf 87' lang='lat' dir='ltr'>h.</span> <span class='ocrx_word' id='word_1_263' title='bbox 1484 1168 1597 1216; x_wconf 84' lang='lat' dir='ltr'>Apoll.</span> <span class='ocrx_word' id='word_1_264' title='bbox 1613 1171 1656 1204; x_wconf 80' lang='lat'>25</span> <span class='ocrx_word' id='word_1_265' title='bbox 1667 1195 1678 1213; x_wconf 79' lang='lat'>,</span> 
     </span>
     <span class='ocr_line' id='line_1_45' title="bbox 999 1224 1677 1274; baseline -0.006 -14"><span class='ocrx_word' id='word_1_266' title='bbox 999 1228 1087 1260; x_wconf 71' lang='grc' dir='ltr'><strong><em>κακὲν</em></strong></span> <span class='ocrx_word' id='word_1_267' title='bbox 1110 1225 1298 1274; x_wconf 66' lang='grc' dir='ltr'><strong><em>μακάρεσσιν</em></strong></span> <span class='ocrx_word' id='word_1_268' title='bbox 1320 1225 1441 1273; x_wconf 69' lang='grc' dir='ltr'><strong><em>ἶρίζειν.</em></strong></span> <span class='ocrx_word' id='word_1_269' title='bbox 1457 1241 1501 1248; x_wconf 94' lang='grc'>-</span> <span class='ocrx_word' id='word_1_270' title='bbox 1522 1224 1677 1267; x_wconf 82' lang='lat' dir='ltr'>Sperare,</span> 
     </span>
     <span class='ocr_line' id='line_1_46' title="bbox 1000 1275 1678 1322; baseline -0.004 -9"><span class='ocrx_word' id='word_1_271' title='bbox 1000 1286 1040 1314; x_wconf 87' lang='lat' dir='ltr'>ut</span> <span class='ocrx_word' id='word_1_272' title='bbox 1057 1281 1186 1320; x_wconf 70' lang='grc' dir='ltr'>ἐλπίζειν</span> <span class='ocrx_word' id='word_1_273' title='bbox 1199 1304 1208 1321; x_wconf 82' lang='grc'><em>,</em></span> <span class='ocrx_word' id='word_1_274' title='bbox 1235 1277 1342 1312; x_wconf 89' lang='lat' dir='ltr'>etiam</span> <span class='ocrx_word' id='word_1_275' title='bbox 1359 1276 1403 1311; x_wconf 88' lang='lat' dir='ltr'>de</span> <span class='ocrx_word' id='word_1_276' title='bbox 1423 1275 1678 1322; x_wconf 81' lang='lat' dir='ltr'>exspectatione</span> 
     </span>
     <span class='ocr_line' id='line_1_47' title="bbox 999 1329 1679 1367; baseline -0.004 0"><span class='ocrx_word' id='word_1_277' title='bbox 999 1332 1081 1367; x_wconf 87' lang='lat' dir='ltr'>mali</span> <span class='ocrx_word' id='word_1_278' title='bbox 1101 1346 1109 1367; x_wconf 73' lang='grc' dir='ltr'><strong>ι</strong></span> <span class='ocrx_word' id='word_1_279' title='bbox 1127 1332 1205 1366; x_wconf 88' lang='lat' dir='ltr'>vide</span> <span class='ocrx_word' id='word_1_280' title='bbox 1227 1331 1418 1366; x_wconf 88' lang='lat' dir='ltr'>Heinsium</span> <span class='ocrx_word' id='word_1_281' title='bbox 1438 1330 1481 1365; x_wconf 87' lang='lat' dir='ltr'>ad</span> <span class='ocrx_word' id='word_1_282' title='bbox 1499 1329 1572 1365; x_wconf 86' lang='lat' dir='ltr'>Vll</span> <span class='ocrx_word' id='word_1_283' title='bbox 1593 1337 1679 1365; x_wconf 86' lang='lat' dir='ltr'>extr.</span> 
     </span>
     <span class='ocr_line' id='line_1_48' title="bbox 995 1382 1680 1420; baseline -0.004 -1"><span class='ocrx_word' id='word_1_284' title='bbox 995 1403 1042 1410; x_wconf 92' lang='lat'><em>-</em></span> <span class='ocrx_word' id='word_1_285' title='bbox 1058 1386 1249 1420; x_wconf 78' lang='lat' dir='ltr'>Certamitm</span> <span class='ocrx_word' id='word_1_286' title='bbox 1278 1383 1335 1418; x_wconf 85' lang='lat' dir='ltr'>illa</span> <span class='ocrx_word' id='word_1_287' title='bbox 1357 1382 1547 1417; x_wconf 87' lang='lat' dir='ltr'>hominum</span> <span class='ocrx_word' id='word_1_288' title='bbox 1579 1388 1680 1417; x_wconf 87' lang='lat' dir='ltr'>erant</span> 
     </span>
     <span class='ocr_line' id='line_1_49' title="bbox 997 1434 1674 1481; baseline -0.004 -10"><span class='ocrx_word' id='word_1_289' title='bbox 997 1449 1078 1471; x_wconf 89' lang='lat' dir='ltr'>cum</span> <span class='ocrx_word' id='word_1_290' title='bbox 1086 1436 1163 1471; x_wconf 85' lang='lat' dir='ltr'>Diis</span> <span class='ocrx_word' id='word_1_291' title='bbox 1173 1449 1209 1470; x_wconf 92' lang='lat' dir='ltr'>se</span> <span class='ocrx_word' id='word_1_292' title='bbox 1220 1434 1557 1481; x_wconf 87' lang='lat' dir='ltr'>comparantium.-</span> <span class='ocrx_word' id='word_1_293' title='bbox 1562 1436 1674 1473; x_wconf 78' lang='lat' dir='ltr'>Clara,</span> 
     </span>
     <span class='ocr_line' id='line_1_50' title="bbox 999 1485 1680 1532; baseline -0.003 -10"><span class='ocrx_word' id='word_1_294' title='bbox 999 1487 1192 1522; x_wconf 87' lang='lat' dir='ltr'>eminentia</span> <span class='ocrx_word' id='word_1_295' title='bbox 1211 1514 1220 1531; x_wconf 92' lang='lat'>,</span> <span class='ocrx_word' id='word_1_296' title='bbox 1245 1486 1471 1532; x_wconf 21' lang='lat' dir='ltr'>quolsacilius</span> <span class='ocrx_word' id='word_1_297' title='bbox 1499 1485 1680 1520; x_wconf 78' lang='lat' dir='ltr'>Arachnes</span> 
     </span>
     <span class='ocr_line' id='line_1_51' title="bbox 999 1539 1678 1583; baseline -0.001 -9"><span class='ocrx_word' id='word_1_298' title='bbox 999 1540 1116 1574; x_wconf 90' lang='lat' dir='ltr'>oculos</span> <span class='ocrx_word' id='word_1_299' title='bbox 1133 1540 1170 1574; x_wconf 89' lang='lat' dir='ltr'>in</span> <span class='ocrx_word' id='word_1_300' title='bbox 1187 1553 1223 1574; x_wconf 91' lang='lat' dir='ltr'>se</span> <span class='ocrx_word' id='word_1_301' title='bbox 1244 1539 1678 1583; x_wconf 71' lang='lat' dir='ltr'>adverterent.-·Sigilla‚</span> 
     </span>
     <span class='ocr_line' id='line_1_52' title="bbox 998 1592 1680 1637; baseline 0 -12"><span class='ocrx_word' id='word_1_302' title='bbox 998 1592 1250 1637; x_wconf 80' lang='lat' dir='ltr'>imagunculae,</span> <span class='ocrx_word' id='word_1_303' title='bbox 1272 1592 1396 1636; x_wconf 89' lang='lat' dir='ltr'>quibus</span> <span class='ocrx_word' id='word_1_304' title='bbox 1412 1594 1593 1632; x_wconf 73' lang='lat' dir='ltr'>distincta,</span> <span class='ocrx_word' id='word_1_305' title='bbox 1611 1604 1680 1626; x_wconf 86' lang='lat' dir='ltr'>va—</span> 
     </span>
     <span class='ocr_line' id='line_1_53' title="bbox 997 1643 1443 1688; baseline 0 -12"><span class='ocrx_word' id='word_1_306' title='bbox 997 1643 1127 1688; x_wconf 86' lang='lat' dir='ltr'>riegata</span> <span class='ocrx_word' id='word_1_307' title='bbox 1139 1669 1148 1685; x_wconf 93' lang='lat'><strong><em>‚</em></strong></span> <span class='ocrx_word' id='word_1_308' title='bbox 1166 1643 1223 1676; x_wconf 88' lang='lat' dir='ltr'>illa</span> <span class='ocrx_word' id='word_1_309' title='bbox 1239 1643 1443 1677; x_wconf 84' lang='lat' dir='ltr'>certamina.</span> 
     </span>
    </p>

    <p class='ocr_par' dir='ltr' id='par_1_16' title="bbox 998 1695 1681 2039">
     <span class='ocr_line' id='line_1_54' title="bbox 1042 1695 1680 1741; baseline 0.003 -14"><span class='ocrx_word' id='word_1_310' title='bbox 1042 1695 1094 1741; x_wconf 76' lang='lat'>87.</span> <span class='ocrx_word' id='word_1_311' title='bbox 1118 1695 1255 1728; x_wconf 71' lang='lat' dir='ltr'>Hamus</span> <span class='ocrx_word' id='word_1_312' title='bbox 1271 1701 1306 1729; x_wconf 87' lang='lat' dir='ltr'>et</span> <span class='ocrx_word' id='word_1_313' title='bbox 1325 1695 1487 1737; x_wconf 81' lang='lat' dir='ltr'>Rhodope</span> <span class='ocrx_word' id='word_1_314' title='bbox 1504 1720 1513 1734; x_wconf 81' lang='grc'><em>,</em></span> <span class='ocrx_word' id='word_1_315' title='bbox 1540 1700 1680 1729; x_wconf 76' lang='lat' dir='ltr'>montes</span> 
     </span>
     <span class='ocr_line' id='line_1_55' title="bbox 999 1745 1681 1789; baseline -0.001 -9"><span class='ocrx_word' id='word_1_316' title='bbox 999 1745 1259 1789; x_wconf 80' lang='lat' dir='ltr'>Thraciae,olim</span> <span class='ocrx_word' id='word_1_317' title='bbox 1266 1746 1405 1780; x_wconf 82' lang='lat' dir='ltr'>fuerant</span> <span class='ocrx_word' id='word_1_318' title='bbox 1411 1745 1572 1780; x_wconf 88' lang='lat' dir='ltr'>homines</span> <span class='ocrx_word' id='word_1_319' title='bbox 1580 1758 1621 1779; x_wconf 85' lang='lat' dir='ltr'>ex</span> <span class='ocrx_word' id='word_1_320' title='bbox 1628 1745 1681 1780; x_wconf 83' lang='lat' dir='ltr'>iis·</span> 
     </span>
     <span class='ocr_line' id='line_1_56' title="bbox 998 1796 1681 1843; baseline 0 -12"><span class='ocrx_word' id='word_1_321' title='bbox 998 1796 1080 1832; x_wconf 89' lang='lat' dir='ltr'>dem</span> <span class='ocrx_word' id='word_1_322' title='bbox 1093 1797 1295 1843; x_wconf 86' lang='lat' dir='ltr'>parentibus</span> <span class='ocrx_word' id='word_1_323' title='bbox 1307 1797 1402 1832; x_wconf 88' lang='lat' dir='ltr'>editi.</span> <span class='ocrx_word' id='word_1_324' title='bbox 1415 1797 1464 1831; x_wconf 92' lang='lat' dir='ltr'>Hi</span> <span class='ocrx_word' id='word_1_325' title='bbox 1476 1809 1588 1842; x_wconf 88' lang='lat' dir='ltr'>quum</span> <span class='ocrx_word' id='word_1_326' title='bbox 1603 1809 1681 1831; x_wconf 90' lang='lat' dir='ltr'>mu-</span> 
     </span>
     <span class='ocr_line' id='line_1_57' title="bbox 999 1847 1680 1894; baseline 0.003 -12"><span class='ocrx_word' id='word_1_327' title='bbox 999 1855 1061 1882; x_wconf 88' lang='lat' dir='ltr'>tuo</span> <span class='ocrx_word' id='word_1_328' title='bbox 1075 1850 1168 1883; x_wconf 79' lang='lat' dir='ltr'>inter</span> <span class='ocrx_word' id='word_1_329' title='bbox 1181 1862 1216 1883; x_wconf 91' lang='lat' dir='ltr'>se</span> <span class='ocrx_word' id='word_1_330' title='bbox 1232 1861 1351 1883; x_wconf 85' lang='lat' dir='ltr'>amore</span> <span class='ocrx_word' id='word_1_331' title='bbox 1369 1847 1557 1894; x_wconf 80' lang='lat' dir='ltr'>flagrarent</span> <span class='ocrx_word' id='word_1_332' title='bbox 1569 1871 1580 1890; x_wconf 83' lang='lat'><em>,</em></span> <span class='ocrx_word' id='word_1_333' title='bbox 1596 1849 1680 1884; x_wconf 84' lang='lat' dir='ltr'>Hae—</span> 
     </span>
     <span class='ocr_line' id='line_1_58' title="bbox 1000 1900 1678 1946; baseline 0 -12"><span class='ocrx_word' id='word_1_334' title='bbox 1000 1914 1078 1935; x_wconf 91' lang='lat' dir='ltr'>mus</span> <span class='ocrx_word' id='word_1_335' title='bbox 1094 1913 1252 1936; x_wconf 89' lang='lat' dir='ltr'>sororem</span> <span class='ocrx_word' id='word_1_336' title='bbox 1269 1900 1451 1946; x_wconf 83' lang='lat' dir='ltr'>appellavit</span> <span class='ocrx_word' id='word_1_337' title='bbox 1467 1900 1651 1935; x_wconf 87' lang='lat' dir='ltr'>Junonem</span> <span class='ocrx_word' id='word_1_338' title='bbox 1668 1926 1678 1943; x_wconf 90' lang='lat'>,</span> 
     </span>
     <span class='ocr_line' id='line_1_59' title="bbox 999 1951 1680 1997; baseline -0.001 -10"><span class='ocrx_word' id='word_1_339' title='bbox 999 1953 1056 1987; x_wconf 89' lang='lat' dir='ltr'>illa</span> <span class='ocrx_word' id='word_1_340' title='bbox 1065 1953 1210 1987; x_wconf 87' lang='lat' dir='ltr'>fratrem</span> <span class='ocrx_word' id='word_1_341' title='bbox 1220 1953 1358 1988; x_wconf 88' lang='lat' dir='ltr'>Jovem.</span> <span class='ocrx_word' id='word_1_342' title='bbox 1373 1951 1412 1986; x_wconf 91' lang='lat' dir='ltr'>Id</span> <span class='ocrx_word' id='word_1_343' title='bbox 1425 1964 1515 1997; x_wconf 84' lang='lat' dir='ltr'>aegre</span> <span class='ocrx_word' id='word_1_344' title='bbox 1528 1952 1680 1986; x_wconf 80' lang='lat' dir='ltr'>serentes</span> 
     </span>
     <span class='ocr_line' id='line_1_60' title="bbox 999 2003 1659 2039; baseline 0 -1"><span class='ocrx_word' id='word_1_345' title='bbox 999 2004 1059 2038; x_wconf 83' lang='lat' dir='ltr'>Dii</span> <span class='ocrx_word' id='word_1_346' title='bbox 1076 2005 1195 2039; x_wconf 87' lang='lat' dir='ltr'>ambos</span> <span class='ocrx_word' id='word_1_347' title='bbox 1210 2010 1439 2038; x_wconf 85' lang='lat' dir='ltr'>mutaverunt</span> <span class='ocrx_word' id='word_1_348' title='bbox 1455 2003 1491 2038; x_wconf 85' lang='lat' dir='ltr'>in</span> <span class='ocrx_word' id='word_1_349' title='bbox 1510 2010 1659 2039; x_wconf 85' lang='lat' dir='ltr'>montes.</span> 
     </span>
    </p>

    <p class='ocr_par' dir='ltr' id='par_1_17' title="bbox 997 2054 1683 2780">
     <span class='ocr_line' id='line_1_61' title="bbox 1043 2054 1682 2102; baseline -0.002 -12"><span class='ocrx_word' id='word_1_350' title='bbox 1043 2069 1096 2102; x_wconf 83' lang='lat'>90.</span> <span class='ocrx_word' id='word_1_351' title='bbox 1117 2056 1172 2090; x_wconf 93' lang='lat' dir='ltr'>De</span> <span class='ocrx_word' id='word_1_352' title='bbox 1196 2058 1421 2102; x_wconf 71' lang='lat' dir='ltr'>Pygma-orum</span> <span class='ocrx_word' id='word_1_353' title='bbox 1437 2082 1445 2096; x_wconf 89' lang='lat'>,</span> <span class='ocrx_word' id='word_1_354' title='bbox 1472 2054 1682 2090; x_wconf 88' lang='lat' dir='ltr'>homuncu-</span> 
     </span>
     <span class='ocr_line' id='line_1_62' title="bbox 999 2106 1681 2150; baseline -0.001 -9"><span class='ocrx_word' id='word_1_355' title='bbox 999 2106 1116 2141; x_wconf 89' lang='lat' dir='ltr'>lorum</span> <span class='ocrx_word' id='word_1_356' title='bbox 1142 2107 1427 2143; x_wconf 87' lang='lat' dir='ltr'>brevissimorum</span> <span class='ocrx_word' id='word_1_357' title='bbox 1441 2132 1451 2150; x_wconf 84' lang='lat'>,</span> <span class='ocrx_word' id='word_1_358' title='bbox 1474 2106 1572 2141; x_wconf 79' lang='lat' dir='ltr'>bellis</span> <span class='ocrx_word' id='word_1_359' title='bbox 1598 2119 1681 2141; x_wconf 89' lang='lat' dir='ltr'>cum</span> 
     </span>
     <span class='ocr_line' id='line_1_63' title="bbox 997 2159 1682 2206; baseline -0.001 -10"><span class='ocrx_word' id='word_1_360' title='bbox 997 2165 1134 2206; x_wconf 75' lang='lat' dir='ltr'>gruibus</span> <span class='ocrx_word' id='word_1_361' title='bbox 1144 2188 1152 2201; x_wconf 92' lang='lat'>,</span> <span class='ocrx_word' id='word_1_362' title='bbox 1172 2161 1240 2195; x_wconf 85' lang='lat' dir='ltr'>vid.</span> <span class='ocrx_word' id='word_1_363' title='bbox 1254 2161 1382 2195; x_wconf 85' lang='lat' dir='ltr'>Strabo</span> <span class='ocrx_word' id='word_1_364' title='bbox 1394 2187 1404 2203; x_wconf 90' lang='lat'>,</span> <span class='ocrx_word' id='word_1_365' title='bbox 1425 2161 1463 2204; x_wconf 86' lang='grc' dir='ltr'>Ι,</span> <span class='ocrx_word' id='word_1_366' title='bbox 1477 2173 1509 2206; x_wconf 93' lang='lat' dir='ltr'>p.</span> <span class='ocrx_word' id='word_1_367' title='bbox 1521 2160 1576 2194; x_wconf 83' lang='lat'>60.</span> <span class='ocrx_word' id='word_1_368' title='bbox 1586 2159 1682 2195; x_wconf 85' lang='lat' dir='ltr'>Fons</span> 
     </span>
     <span class='ocr_line' id='line_1_64' title="bbox 1000 2213 1683 2260; baseline -0.003 -11"><span class='ocrx_word' id='word_1_369' title='bbox 1000 2215 1124 2249; x_wconf 88' lang='lat' dir='ltr'>sabulae</span> <span class='ocrx_word' id='word_1_370' title='bbox 1141 2221 1193 2249; x_wconf 88' lang='lat' dir='ltr'>est</span> <span class='ocrx_word' id='word_1_371' title='bbox 1211 2215 1359 2249; x_wconf 86' lang='lat' dir='ltr'>Homer.</span> <span class='ocrx_word' id='word_1_372' title='bbox 1378 2214 1418 2250; x_wconf 91' lang='lat' dir='ltr'>Il.</span> <span class='ocrx_word' id='word_1_373' title='bbox 1429 2220 1452 2250; x_wconf 81' lang='grc' dir='ltr'><strong>Γ</strong></span> <span class='ocrx_word' id='word_1_374' title='bbox 1464 2241 1473 2258; x_wconf 88' lang='grc'><strong>,</strong></span> <span class='ocrx_word' id='word_1_375' title='bbox 1490 2214 1522 2248; x_wconf 85' lang='grc'>6.</span> <span class='ocrx_word' id='word_1_376' title='bbox 1543 2213 1683 2260; x_wconf 87' lang='lat' dir='ltr'>Copio-</span> 
     </span>
     <span class='ocr_line' id='line_1_65' title="bbox 1000 2265 1681 2312; baseline 0 -12"><span class='ocrx_word' id='word_1_377' title='bbox 1000 2266 1069 2301; x_wconf 90' lang='lat' dir='ltr'>sius</span> <span class='ocrx_word' id='word_1_378' title='bbox 1085 2280 1163 2301; x_wconf 78' lang='lat' dir='ltr'>eam</span> <span class='ocrx_word' id='word_1_379' title='bbox 1185 2273 1389 2312; x_wconf 88' lang='lat' dir='ltr'>exposuerat</span> <span class='ocrx_word' id='word_1_380' title='bbox 1405 2266 1522 2300; x_wconf 87' lang='lat' dir='ltr'>Boeus</span> <span class='ocrx_word' id='word_1_381' title='bbox 1544 2266 1582 2300; x_wconf 87' lang='lat' dir='ltr'>in</span> <span class='ocrx_word' id='word_1_382' title='bbox 1598 2265 1681 2301; x_wconf 87' lang='lat' dir='ltr'>Or-</span> 
     </span>
     <span class='ocr_line' id='line_1_66' title="bbox 999 2317 1679 2364; baseline 0 -12"><span class='ocrx_word' id='word_1_383' title='bbox 999 2318 1224 2364; x_wconf 84' lang='lat' dir='ltr'>nithogonia,</span> <span class='ocrx_word' id='word_1_384' title='bbox 1243 2318 1337 2352; x_wconf 89' lang='lat' dir='ltr'>unde</span> <span class='ocrx_word' id='word_1_385' title='bbox 1355 2330 1433 2352; x_wconf 90' lang='lat' dir='ltr'>eam</span> <span class='ocrx_word' id='word_1_386' title='bbox 1452 2317 1584 2352; x_wconf 87' lang='lat' dir='ltr'>Athen.</span> <span class='ocrx_word' id='word_1_387' title='bbox 1602 2318 1655 2353; x_wconf 90' lang='lat' dir='ltr'>IX</span> <span class='ocrx_word' id='word_1_388' title='bbox 1669 2343 1679 2360; x_wconf 90' lang='lat'>,</span> 
     </span>
     <span class='ocr_line' id='line_1_67' title="bbox 1000 2368 1682 2416; baseline 0.001 -14"><span class='ocrx_word' id='word_1_389' title='bbox 1000 2383 1032 2414; x_wconf 92' lang='lat' dir='ltr'>p.</span> <span class='ocrx_word' id='word_1_390' title='bbox 1044 2370 1127 2416; x_wconf 82' lang='lat'>393,</span> <span class='ocrx_word' id='word_1_391' title='bbox 1139 2376 1173 2404; x_wconf 89' lang='lat' dir='ltr'>et</span> <span class='ocrx_word' id='word_1_392' title='bbox 1188 2369 1318 2404; x_wconf 88' lang='lat' dir='ltr'>Anton.</span> <span class='ocrx_word' id='word_1_393' title='bbox 1333 2368 1447 2404; x_wconf 87' lang='lat' dir='ltr'>Liber.</span> <span class='ocrx_word' id='word_1_394' title='bbox 1461 2368 1551 2403; x_wconf 91' lang='lat' dir='ltr'>XVI</span> <span class='ocrx_word' id='word_1_395' title='bbox 1562 2395 1572 2412; x_wconf 89' lang='lat'><strong>‚</strong></span> <span class='ocrx_word' id='word_1_396' title='bbox 1583 2381 1682 2414; x_wconf 87' lang='lat' dir='ltr'>repe·</span> 
     </span>
     <span class='ocr_line' id='line_1_68' title="bbox 1000 2419 1683 2466; baseline -0.001 -11"><span class='ocrx_word' id='word_1_397' title='bbox 1000 2421 1143 2455; x_wconf 86' lang='lat' dir='ltr'>tierunt.</span> <span class='ocrx_word' id='word_1_398' title='bbox 1160 2422 1298 2466; x_wconf 88' lang='lat' dir='ltr'>Nempe</span> <span class='ocrx_word' id='word_1_399' title='bbox 1318 2421 1452 2464; x_wconf 87' lang='lat' dir='ltr'>OEnoe,</span> <span class='ocrx_word' id='word_1_400' title='bbox 1468 2433 1575 2466; x_wconf 89' lang='lat' dir='ltr'>quam</span> <span class='ocrx_word' id='word_1_401' title='bbox 1593 2419 1683 2455; x_wconf 84' lang='lat' dir='ltr'>Eus-</span> 
     </span>
     <span class='ocr_line' id='line_1_69' title="bbox 1002 2470 1683 2516; baseline 0 -10"><span class='ocrx_word' id='word_1_402' title='bbox 1002 2472 1085 2507; x_wconf 88' lang='lat' dir='ltr'>tath.</span> <span class='ocrx_word' id='word_1_403' title='bbox 1102 2473 1145 2506; x_wconf 89' lang='lat' dir='ltr'>ad</span> <span class='ocrx_word' id='word_1_404' title='bbox 1169 2473 1317 2507; x_wconf 90' lang='lat' dir='ltr'>Homer.</span> <span class='ocrx_word' id='word_1_405' title='bbox 1343 2472 1382 2508; x_wconf 86' lang='lat'>11.</span> <span class='ocrx_word' id='word_1_406' title='bbox 1397 2479 1442 2516; x_wconf 82' lang='grc' dir='ltr'>Ψ,</span> <span class='ocrx_word' id='word_1_407' title='bbox 1471 2473 1574 2516; x_wconf 77' lang='grc' dir='ltr'><strong><em>ι444,</em></strong></span> <span class='ocrx_word' id='word_1_408' title='bbox 1602 2470 1683 2506; x_wconf 87' lang='lat' dir='ltr'>Ge-</span> 
     </span>
     <span class='ocr_line' id='line_1_70' title="bbox 1001 2523 1680 2570; baseline 0.001 -14"><span class='ocrx_word' id='word_1_409' title='bbox 1001 2536 1112 2557; x_wconf 88' lang='lat' dir='ltr'>ranen</span> <span class='ocrx_word' id='word_1_410' title='bbox 1131 2531 1249 2567; x_wconf 88' lang='lat' dir='ltr'>vocat,</span> <span class='ocrx_word' id='word_1_411' title='bbox 1267 2523 1334 2558; x_wconf 89' lang='lat' dir='ltr'>suit</span> <span class='ocrx_word' id='word_1_412' title='bbox 1348 2523 1470 2569; x_wconf 84' lang='lat' dir='ltr'>regina</span> <span class='ocrx_word' id='word_1_413' title='bbox 1487 2524 1680 2570; x_wconf 69' lang='lat' dir='ltr'>Pygmaeo-</span> 
     </span>
     <span class='ocr_line' id='line_1_71' title="bbox 1000 2574 1679 2622; baseline -0.001 -13"><span class='ocrx_word' id='word_1_414' title='bbox 1000 2589 1080 2610; x_wconf 88' lang='lat' dir='ltr'>rum</span> <span class='ocrx_word' id='word_1_415' title='bbox 1092 2602 1101 2618; x_wconf 90' lang='lat'>,</span> <span class='ocrx_word' id='word_1_416' title='bbox 1119 2589 1223 2621; x_wconf 87' lang='lat' dir='ltr'>quam</span> <span class='ocrx_word' id='word_1_417' title='bbox 1233 2603 1242 2620; x_wconf 93' lang='lat'>,</span> <span class='ocrx_word' id='word_1_418' title='bbox 1256 2589 1366 2622; x_wconf 88' lang='lat' dir='ltr'>quum</span> <span class='ocrx_word' id='word_1_419' title='bbox 1375 2590 1410 2611; x_wconf 85' lang='lat' dir='ltr'>se</span> <span class='ocrx_word' id='word_1_420' title='bbox 1421 2574 1679 2621; x_wconf 84' lang='lat' dir='ltr'>pulchritudine</span> 
     </span>
     <span class='ocr_line' id='line_1_72' title="bbox 1001 2628 1676 2673; baseline -0.004 -11"><span class='ocrx_word' id='word_1_421' title='bbox 1001 2629 1143 2664; x_wconf 90' lang='lat' dir='ltr'>Deabus</span> <span class='ocrx_word' id='word_1_422' title='bbox 1160 2630 1373 2673; x_wconf 81' lang='lat' dir='ltr'>anteferret,</span> <span class='ocrx_word' id='word_1_423' title='bbox 1394 2629 1418 2662; x_wconf 92' lang='lat' dir='ltr'>J</span> <span class='ocrx_word' id='word_1_424' title='bbox 1422 2641 1493 2663; x_wconf 90' lang='lat' dir='ltr'>uno</span> <span class='ocrx_word' id='word_1_425' title='bbox 1509 2628 1545 2662; x_wconf 83' lang='lat' dir='ltr'>in</span> <span class='ocrx_word' id='word_1_426' title='bbox 1563 2639 1676 2671; x_wconf 72' lang='lat' dir='ltr'>gruem</span> 
     </span>
     <span class='ocr_line' id='line_1_73' title="bbox 1001 2678 1677 2717; baseline -0.006 -1"><span class='ocrx_word' id='word_1_427' title='bbox 1001 2681 1114 2717; x_wconf 86' lang='lat' dir='ltr'>vertit.</span> <span class='ocrx_word' id='word_1_428' title='bbox 1125 2681 1240 2717; x_wconf 89' lang='lat' dir='ltr'>Grues</span> <span class='ocrx_word' id='word_1_429' title='bbox 1253 2688 1371 2716; x_wconf 90' lang='lat' dir='ltr'>autem</span> <span class='ocrx_word' id='word_1_430' title='bbox 1382 2678 1606 2715; x_wconf 80' lang='lat' dir='ltr'>multitudine</span> <span class='ocrx_word' id='word_1_431' title='bbox 1615 2691 1677 2714; x_wconf 77' lang='lat' dir='ltr'>sua</span> 
     </span>
     <span class='ocr_line' id='line_1_74' title="bbox 1001 2732 1565 2780; baseline -0.002 -14"><span class='ocrx_word' id='word_1_432' title='bbox 1001 2732 1119 2767; x_wconf 80' lang='lat' dir='ltr'>invisae</span> <span class='ocrx_word' id='word_1_433' title='bbox 1139 2733 1319 2780; x_wconf 85' lang='lat' dir='ltr'>Pygmaeis.</span> <span class='ocrx_word' id='word_1_434' title='bbox 1335 2732 1422 2767; x_wconf 90' lang='lat' dir='ltr'>Inde</span> <span class='ocrx_word' id='word_1_435' title='bbox 1437 2733 1565 2766; x_wconf 81' lang='lat' dir='ltr'>bellum.</span> 
     </span>
    </p>
   </div>
  </div>
 </body>
</html>
