1832 3100
301 224 388 267 300

661 225 713 268 P.
758 225 1001 271 OVIDII
1035 225 1341 273 NASONIS

297 314 602 381 Praecipitatur
624 318 773 383 aquis,
800 329 843 366 et
866 319 990 385 aquis
1010 339 1099 367 nox
1124 321 1265 382 surgit
1283 321 1338 368 ab
1359 319 1509 369 isdem.

301 391 467 439 Callida
493 411 572 458 per
595 394 795 460 tenebras
809 432 820 452 ,
843 407 1012 444 versato
1036 395 1208 443 cardine
1223 433 1234 453 ,
1258 395 1426 444 Thisbe

296 468 561 530 Egreditur,
585 468 783 535 fallitque
807 489 939 528 suos;
966 472 1262 538 adopertaque
1285 472 1456 521 vultum

295 544 500 593 Pervenit
524 545 577 593 ad
603 546 842 602 tumulum;
867 547 1067 614 dictaque
1091 550 1174 597 sub
1196 549 1350 597 arbore
1374 549 1498 598 sedit.
1657 561 1703 608 95

292 621 517 670 Audacem
539 622 727 672 faciebat
750 643 873 672 amor
893 644 902 671 :
921 625 1040 672 venit
1063 644 1158 674 ecce
1181 626 1344 674 recenti

295 698 421 746 Caede
443 690 574 748 leaena
595 700 731 748 boum
755 713 1008 766 spumantes
1033 702 1170 753 oblita
1192 702 1328 750 rictus
1342 738 1355 760 ‚

290 775 561 841 Depositura
576 774 703 825 *sitim
726 778 858 826 vicini
881 777 1018 826 fontis
1039 779 1086 826 in
1107 778 1237 827 unda.

290 853 439 916 Quam
462 853 619 919 procul
642 854 697 902 ad
722 853 836 903 lunae
857 855 1006 903 radios
1028 855 1274 922 Babylonia
1294 855 1463 904 Thisbe

292 929 440 988 Vidit3
461 943 506 978 et
527 932 765 980 obscurum
790 933 962 999 trepido
985 933 1097 999 pede
1117 932 1268 995 fugit
1255 952 1302 980 111
1324 944 1527 990 antrum3

1644 956 1705 980 100

289 1008 499 1074 Dumque
521 1009 657 1071 fugit,
681 1021 805 1072 tergo
830 1010 1043 1058 velamina
1062 1010 1184 1076 lapsa
1205 1009 1427 1091 relinquit.

290 1086 355 1132 Ut
377 1084 442 1134 lea
463 1105 572 1135 saeva
595 1087 715 1135 sitim
738 1086 877 1136 multa
901 1088 1175 1154 compescuit
1196 1087 1337 1145 unda,

289 1166 410 1215 Dum
433 1167 580 1215 redit
568 1188 617 1216 m
640 1168 788 1227 silvas,
811 1169 1016 1217 inventos
1038 1169 1153 1216 forte
1179 1168 1272 1217 sine
1296 1168 1394 1235 ipsa

294 1249 385 1297 Ore
408 1262 636 1298 cruentato
659 1262 812 1299 tenues
833 1250 1012 1299 laniavit
1035 1251 1232 1298 amictus.

289 1329 439 1379 Serius
462 1350 688 1394 egressus,
713 1331 897 1394 vestigia
916 1331 1027 1379 vidit
1049 1332 1095 1379 in
1119 1330 1208 1380 alto

287 1482 333 1516 tri
356 1482 481 1528 Regii,
506 1486 696 1527 delccedere5
721 1498 794 1520 non
815 1492 965 1531 praestat.

287 1535 576 1570 Ed.--J)ecedere
584 1533 739 1571 solemne
753 1537 795 1571 de
807 1538 965 1572 occiden-

288 1586 378 1620 tibus
401 1586 580 1621 sideribus.
609 1588 743 1622 Putant
765 1596 920 1624 sumtum
944 1602 964 1623 a

287 1639 488 1683 praesidibus
512 1639 772 1685 provinciarum
794 1648 871 1686 post
896 1654 963 1675 ex—

288 1690 422 1735 pletum
431 1698 567 1736 tempus
575 1705 594 1726 a
605 1705 752 1727 munere
763 1706 826 1727 suo
837 1693 963 1727 abeun-

288 1742 389 1777 tibus.
402 1744 518 1778 Immo
530 1756 549 1777 a
559 1743 726 1779 militibus
737 1745 941 1779 translatum
952 1758 962 1786 ;

286 1794 364 1829 vide
377 1794 420 1829 ad
430 1797 466 1831 ΙΙ
480 1822 489 1839 ,
511 1810 525 1830 1
534 1798 571 1840 14
581 1809 654 1841 sqq.
666 1815 711 1823 -
720 1799 962 1841 Proectpilatun

287 1858 399 1891 prona
406 1847 460 1881 via
469 1847 647 1883 descendit
658 1848 694 1882 in
711 1860 896 1890 oceanum;
910 1849 961 1891 ΙΙ,

287 1898 328 1943 67
346 1911 419 1944 sqq.
441 1899 564 1945 Via-gil.
580 1899 722 1933 AEneid.
745 1900 782 1935 ΙΙ
795 1925 805 1943 ,
829 1909 875 1946 9:
896 1913 965 1934 noz-

288 1953 370 1985 coelo
380 1954 580 1995 precipitat.
602 1952 715 1986 Porro
725 1977 735 1996 ‚
752 1964 820 1986 nox
835 1955 961 1996 surgit,

288 2002 368 2046 quia
394 2010 506 2048 poetae
535 2003 567 2038 ei
592 2016 666 2037 non
692 2003 810 2038 minus
822 2029 831 2047 ,
858 2015 964 2049 quam

289 2053 374 2097 Soli,
384 2053 569 2089 decursum
581 2069 644 2100 per
653 2055 776 2090 caelum
790 2056 961 2099 tribuunt,

288 2106 335 2139 ita
351 2106 510 2150 quidem,
530 2114 568 2141 ut
584 2107 638 2141 vel
654 2107 695 2141 ab
713 2107 862 2142 Oriente
877 2119 963 2141 sur-

290 2170 373 2205 gens
382 2157 471 2192 Solis
481 2171 624 2192 currum
632 2165 861 2204 persequatur
869 2184 878 2202 ,
887 2157 941 2192 vel
951 2183 960 2201 ,

290 2208 372 2243 Sole
396 2209 433 2243 in
456 2222 627 2244 oceanum
649 2224 684 2245 se
706 2210 962 2256 praecipitante,

290 2260 332 2294 ab
348 2260 472 2295 eadem
488 2261 544 2296 illa
559 2269 656 2307 parte
671 2262 874 2296 occidentali
889 2274 964 2296 sur-

289 2320 355 2358 gat.
376 2330 420 2340 —·
435 2316 514 2350 Nox
537 2318 652 2359 surgit..
682 2314 839 2359 Quidam
853 2340 862 2357 ,
883 2318 962 2350 exit.

288 2367 402 2411 Surgit
426 2366 519 2412 quod
543 2367 674 2402 habent
697 2367 808 2402 nostri
836 2367 935 2412 Regii
951 2393 961 2410 ,

287 2418 505 2463 praecedente
513 2422 751 2463 precipitatur,
764 2419 884 2464 aptius.
897 2422 962 2454 Ed.

288 2488 332 2497 —
349 2470 403 2504 Ex
418 2470 483 2505 hac
497 2471 686 2516 posteriore
710 2471 845 2506 ratione
865 2471 963 2506 fluxit

288 2525 385 2566 aquis
402 2526 446 2557 ab
461 2525 576 2558 isdem.
601 2523 818 2566 Lactantius,
842 2523 879 2557 in
896 2523 963 2557 Ar-

291 2582 458 2619 gumento
470 2582 604 2616 narrat,
624 2588 682 2610 eos
693 2576 865 2611 matutino
878 2583 962 2610 tem-

291 2639 375 2671 pore
392 2628 438 2662 ibi
454 2629 665 2663 convenisse.

333 2678 387 2724 93.
414 2678 536 2714 Venus
558 2680 648 2714 favet
662 2706 672 2723 ,
698 2680 727 2714 si
748 2684 874 2714 resera!
883 2682 962 2725 fixo

289 2732 385 2764 dente
390 2731 605 2776 puellafhres
615 2759 623 2775 ,
644 2731 728 2767 doce
733 2739 814 2777 tque
822 2757 832 2775 ,
844 2734 962 2777 pedem

1641 1343 1703 1376 105

1027 1487 1120 1521 nullo
1127 1496 1250 1529 ponere
1253 1495 1356 1528 posse
1366 1494 1447 1517 sono
1457 1491 1470 1524 ,⁶
1485 1480 1591 1527 idque
1603 1479 1703 1516 docet

1028 1548 1101 1571 non
1113 1537 1179 1571 nisi
1190 1539 1248 1570 eos
1257 1561 1266 1578 ,
1279 1548 1365 1580 quos
1377 1536 1452 1570 Non
1461 1538 1556 1568 velat
1564 1536 1704 1568 obscura

1026 1600 1157 1634 surgere
1174 1593 1269 1623 nocle
1284 1591 1397 1627 timor,
1417 1594 1456 1621 ut
1471 1587 1519 1621 ait
1534 1585 1649 1621 Tibul.
1661 1586 1678 1621 Ῑ
1692 1611 1702 1628 ,

1028 1653 1057 1676 11
1070 1668 1079 1684 ,
1110 1642 1148 1675 18
1171 1653 1245 1685 sqq.
1275 1640 1362 1684 Ejus
1384 1639 1434 1673 rei
1457 1639 1515 1673 hie
1536 1638 1703 1673 habemus

1028 1691 1227 1737 exemplum
1239 1717 1248 1735 ,
1265 1698 1368 1736 atque
1380 1690 1485 1724 etiam
1496 1690 1570 1734 ejus
1581 1715 1591 1732 ,
1607 1688 1703 1734 quod

1026 1746 1122 1782 idem
1134 1746 1345 1792 despotentia
1357 1743 1541 1790 Cupidinis
1550 1743 1597 1778 ait
1608 1755 1616 1777 ε
1627 1745 1704 1777 Hoc

1027 1803 1111 1835 duce
1122 1802 1276 1835 custodes
1278 1798 1401 1842 furtim
1417 1803 1626 1841 transgressa
1630 1797 1703 1840 ja·-

1027 1858 1139 1886 centes
1147 1853 1209 1886 Ad
1206 1852 1362 1896 juvem-m
1369 1851 1509 1884 tenebat:
1514 1851 1589 1882 sola
1591 1849 1707 1892 puella

1027 1904 1220 1940 vem't.Vide
1231 1903 1347 1938 Tibul.
1358 1903 1407 1946 11,
1416 1913 1443 1946 1,
1457 1903 1703 1948 75.·-Versato

1028 1960 1172 1993 cardine.
1187 1956 1277 1991 Alibi
1280 1956 1402 2000 furtim
1415 1967 1509 1989 verso
1524 1959 1584 1988 aut
1598 1956 1703 1988 tacita

1027 2012 1164 2045 cardine
1180 2008 1269 2045 clam
1284 2006 1501 2053 egredientes
1515 2006 1607 2040 sores
1624 2017 1702 2050 ape-

1027 2063 1097 2097 rire
1108 2062 1273 2097 dicuntur
1285 2087 1294 2105 ,
1311 2059 1426 2095 Tibul.
1441 2060 1458 2094 I
1469 2085 1479 2103 ‚
1497 2069 1527 2093 11
1538 2084 1547 2102 ,
1566 2070 1625 2100 ως
1640 2068 1680 2092 vl
1691 2083 1701 2100 ,

1031 2128 1046 2150 1
1053 2129 1080 2150 2.
1088 2131 1132 2141 —-
1140 2115 1175 2149 A
1176 2116 1372 2157 doperlaque
1380 2114 1515 2146 vultum.
1532 2110 1585 2145 Re
1589 2110 1663 2154 gius
1671 2109 1702 2143 B

1028 2166 1133 2200 habet
1155 2166 1248 2199 vulla
1259 2175 1270 2206 ,·
1289 2164 1405 2198 forsan
1428 2175 1548 2198 errore
1573 2161 1703 2196 librarii

1029 2217 1089 2263 qui
1110 2216 1266 2252 omiserit
1281 2215 1444 2250 lineolam
1468 2226 1571 2259 supra
1592 2225 1703 2248 voca-

1027 2270 1099 2304 lem
1114 2283 1146 2303 u.
1166 2267 1231 2302 Ed.

1071 2333 1123 2367 97.
1149 2321 1243 2354 Coede
1264 2321 1369 2352 boum.
1395 2315 1572 2361 Sanguine
1591 2314 1702 2348 boum

1027 2382 1195 2406 caesorum
1207 2396 1216 2413 ,
1239 2376 1280 2404 ut
1294 2380 1397 2413 supra
1408 2367 1485 2410 ΙΙΙ,
1513 2365 1573 2409 ¹43
1585 2391 1595 2409 ,
1613 2368 1702 2400 caede

1017 2422 1179 2466 ferarum.
1189 2439 1234 2448 —
1244 2422 1461 2463 Deponunlur
1471 2417 1588 2453 omnia
1597 2443 1608 2461 ‚
1625 2429 1701 2462 quae

1027 2475 1211 2509 finiuntur·
1216 2499 1225 2516 ‚
1264 2473 1387 2518 quibus
1411 2471 1488 2517 quis
1512 2471 1698 2512 liberatur;

1026 2525 1104 2560 vide
1123 2526 1214 2560 VIII
1228 2551 1237 2568 ,
1256 2526 1308 2569 47.

1074 2590 1145 2610 ιοο.
1167 2578 1316 2620 Trepido,
1324 2588 1387 2622 pro
1400 2576 1524 2614 timido,
1541 2586 1559 2608 e
1575 2572 1700 2607 Canta-

1026 2628 1177 2674 brigensi
1194 2628 1290 2662 dedit
1303 2628 1539 2662 Burmannus.
1555 2642 1598 2651 ·-
1609 2624 1698 2658 Nos—

1026 2681 1070 2715 tri
1102 2680 1201 2726 Regii
1227 2679 1357 2713 habent
1380 2679 1527 2712 timido·
1513 2701 1522 2718 ‚
1557 2674 1697 2709 videant

1029 2731 1150 2767 Critici
1161 2757 1171 2775 ,
1185 2744 1228 2766 an
1243 2732 1368 2775 trepido
1378 2729 1524 2764 nimiam
1534 2727 1697 2773 agitatio-
