1832 3100
314 241 374 303 94

689 245 742 288 P.·
777 246 1010 292 OVIDII
1043 249 1349 299 NASONIS

315 335 489 401 Detque
511 336 597 384 sibi
617 337 785 387 veniam
799 375 811 397 ‚
836 340 994 405 pavido
1022 354 1149 404 rogat
1173 362 1247 392 ore
1269 363 1279 402 ;
1303 357 1517 412 pavetque

263 471 273 478 ,
314 413 488 462 Laedere
507 414 680 479 jactatis
706 428 922 466 maternas
947 418 1125 466 ossibus
1143 420 1335 470 umbras.

313 493 482 541 Interea
503 505 709 558 repetunt
732 494 853 542 caecis
879 495 1067 544 obscura
1090 495 1270 547 latebris

313 569 460 617 Verba
484 569 593 618 datae
617 571 747 619 sortis
769 590 938 630 secum,
965 573 1081 622 inter
1104 577 1236 640 seque
1257 575 1471 625 volutant.

312 650 420 699 Inde
443 651 748 701 Promethides
768 653 952 719 placidis
975 655 1257 721 Epimethida
1280 650 1407 705 dictis

1659 673 1726 720 390

312 732 503 791 Mulcet;
530 745 596 791 et,
629 756 651 776 «
676 736 771 783 Aut
793 734 942 794 fallax,
967 736 1053 794 ait,
1079 748 1145 784 est
1167 737 1343 786 solertia
1366 739 1526 798 nobis,

315 837 338 858 >2
365 815 458 863 Aut
478 815 552 882 pia
573 828 701 875 sunt,
727 816 986 884 nullumque
1009 819 1129 867 nefas
1154 819 1330 869 oracula
1353 821 1548 870 suadent.

316 919 338 938 »
367 898 532 960 Magna
553 916 712 964 parens
733 900 874 948 Terra
898 912 963 948 est
987 921 995 949 :
1023 901 1189 968 lapides
1213 902 1259 950 in
1281 922 1464 969 corpore
1485 914 1610 952 terrae

308 1035 406 1069 brem
421 1035 627 1082 religionem
640 1037 678 1071 in
691 1037 812 1083 primis
828 1038 893 1073 tale
910 1052 983 1074 ora-

307 1087 424 1122 culum
444 1088 624 1123 offendere
651 1089 808 1125 debebat.
841 1091 981 1127 Deuca—

307 1138 386 1174 lionv
406 1147 528 1174 contra
552 1153 634 1174 mox
660 1144 796 1176 solertia
815 1142 983 1189 insignior

308 1192 491 1236 reperitur.
520 1192 662 1227 Laedere
688 1193 822 1228 cineres
846 1202 881 1228 et
907 1207 981 1230 ossa

307 1244 483 1289 majorum
499 1257 679 1279 summum
695 1245 804 1280 scelus
818 1258 826 1280 :
842 1246 982 1294 Phocy—

306 1295 364 1329 lid.
376 1309 463 1330 vers.
479 1298 521 1343 95
536 1310 630 1342 sqq.;
651 1298 775 1332 Horat.
792 1297 834 1332 Α.
855 1299 894 1333 Ρ,
907 1301 982 1344 471.

349 1348 424 1382 386.
440 1351 615 1393 Pavetque.
638 1349 795 1384 Gronov.
816 1350 993 1397 suadebat*

305 1405 464 1445 canetque
478 1427 487 1444 ‚
513 1401 594 1446 quia
611 1402 718 1436 modo
735 1403 982 1448 praecessitpa-

306 1455 391 1488 vido.
407 1453 499 1489 Mihi
512 1467 595 1488 vero
610 1454 677 1490 hoc
692 1468 764 1489 non
782 1456 862 1491 satis
878 1469 980 1501 grave

304 1505 444 1540 videtur
472 1519 536 1551 pro
566 1520 605 1541 re
631 1508 806 1553 proposita
822 1523 830 1550 ;
863 1508 979 1554 itaque

303 1558 424 1592 malim
441 1566 501 1594 aut
523 1572 605 1594 cum
623 1559 781 1595 Vossian.
804 1564 976 1606 timetque,

304 1617 363 1644 aut
378 1624 459 1646 cum
477 1611 648 1647 Arundel.
662 1615 779 1647 timido
792 1626 846 1648 ore
856 1641 864 1653 ‚
884 1614 978 1659 quod

302 1665 473 1709 posterius
487 1672 523 1700 et
541 1665 663 1700 Heins.
679 1666 841 1710 placebat.

345 1717 420 1763 387.
442 1718 595 1752 Umbras.
614 1718 782 1762 Animas,
801 1732 886 1764 quas
901 1718 979 1754 laedi

302 1768 466 1804 credebat
482 1770 689 1815 antiquitas,
713 1770 804 1804 illata
825 1771 978 1806 cadave-

300 1822 396 1857 ribus
415 1829 473 1857 aut
496 1823 638 1857 tumulis
654 1823 793 1869 injuria.
810 1825 877 1857 Ed.

344 1872 418 1908 388.
441 1875 545 1908 Cact's
557 1877 699 1909 obscura
711 1878 857 1909 la'tebnzr.
871 1875 955 1909 Duo
966 1902 976 1919 ‚

300 1926 451 1959 obscuris
472 1937 571 1960 caeca.
600 1927 719 1961 Nostri
745 1939 829 1961 vero
843 1953 852 1970 ,
879 1930 979 1961 coecis

299 1979 451 2012 obscura.
468 1996 513 2004 —
532 1978 684 2012 Obscura
697 2005 706 2021 ,
733 1978 778 2012 ob
799 1978 977 2024 ambigui-

300 2035 408 2064 tatem
420 2055 429 2072 ‚
455 2043 532 2074 quae
543 2044 615 2066 non
633 2032 729 2066 facile
745 2032 890 2078 perspici
905 2045 977 2078 po-

299 2087 425 2115 terant.
452 2082 575 2117 Senec.
601 2084 721 2129 OEdip.
740 2097 780 2131 92
803 2098 811 2119 :
831 2086 978 2129 Sphinga

299 2136 396 2176 caecyls
415 2137 514 2167 verba
534 2140 712 2170 nectentem
728 2139 845 2171 modis.
863 2136 978 2171 Cicer.

292 2184 380 2218 -Div.
401 2186 458 2228 ΙΙ,
484 2187 546 2229 54,
571 2186 614 2221 de
640 2195 778 2222 auctore
806 2189 975 2223 librorum

298 2236 551 2283 Sibyllinorum
563 2264 573 2282 ‚
596 2240 751 2272 adhibuit
769 2244 868 2273 etiam
889 2244 978 2274 late-

298 2290 389 2322 bram
401 2292 626 2324 obscuritatis.
651 2290 741 2325 Alibi
757 2294 915 2335 ambages
931 2292 974 2326 de

299 2340 454 2375 oraculis.
473 2341 544 2376 Sed
559 2342 648 2388 apud
665 2342 827 2377 Sasstium
844 2356 975 2378 oracu-

296 2390 370 2425 lum
379 2399 544 2437 repetunt
553 2396 590 2427 in
597 2396 822 2439 einerfinstem
833 2396 970 2436 Hoehle,

297 2450 332 2477 et
347 2444 438 2488 apud
455 2444 611 2479 Rodium
625 2472 634 2488 ‚
659 2450 756 2479 anter
767 2448 972 2491 ihrcmfias—

295 2499 365 2528 tem
384 2497 596 2531 Obdache.-—
605 2499 640 2531 V
634 2501 770 2534 alutam.
784 2506 823 2532 ut
831 2503 968 2542 agitare,

296 2545 339 2579 de
356 2547 570 2583 deliberante
591 2556 626 2583 et
647 2550 818 2596 cogitante
832 2550 972 2597 :VirgiL

297 2596 372 2631 Ecl.
391 2599 442 2633 IX
454 2626 463 2642 ‚
487 2601 540 2646 37.

338 2650 414 2697 390.
427 2652 510 2685 Inde
524 2654 760 2688 Promethides.
779 2653 867 2688 Cod.
885 2655 971 2700 Reg.

294 2703 401 2745 8000,
417 2705 495 2737 hinc
504 2706 763 2739 Promelhz'ades.
776 2707 865 2741 Item
881 2706 970 2740 Cod.

295 2751 439 2790 Obrecti
452 2780 461 2798 ,
479 2762 513 2789 et
531 2755 603 2791 haec
616 2756 818 2793 lectio-mihi
829 2758 969 2793 arridet.

1047 1042 1284 1076 Promethides.
1309 1041 1503 1077 Deucalion
1520 1042 1723 1081 Promethei

1047 1092 1147 1130 filius.
1175 1095 1399 1137 Epimethida.
1421 1094 1595 1142 Pyrrham
1608 1122 1617 1137 ‚
1637 1094 1724 1142 Epi-

1046 1145 1178 1179 methei
1195 1145 1310 1179 filiam.
1331 1147 1397 1180 Ed.
1646 1153 1649 1155 ’

1091 1195 1165 1243 391.
1192 1197 1329 1231 Mulcet.
1355 1197 1501 1232 Mulcerc
1515 1224 1524 1238 ,
1563 1197 1721 1232 animum

1047 1246 1174 1282 addere
1192 1274 1201 1290 ‚
1230 1248 1351 1283 solatio
1373 1248 1516 1293 erigere.
1541 1248 1722 1294 Quam·-

1046 1298 1120 1333 lent
1134 1299 1176 1333 ad
1191 1300 1474 1335 confirmandum
1486 1301 1643 1336 animum
1653 1327 1664 1346 ,
1682 1314 1724 1337 ea

1040 1353 1181 1395 placida
1192 1353 1301 1397 poetis
1314 1352 1384 1386 drr.
1399 1371 1443 1379 -
1451 1354 1593 1395 Solertia
1599 1354 1722 1389 cerni-

1046 1409 1105 1437 tur
1120 1403 1156 1438 in
1174 1404 1371 1449 indagando
1386 1417 1470 1439 vero
1486 1405 1646 1440 :Lucret-
1664 1405 1698 1438 V
1709 1432 1720 1450 ,

1050 1468 1062 1488 1
1069 1455 1132 1489 355
1147 1465 1154 1486 :
1167 1459 1321 1490 solertius
1334 1461 1388 1490 est
1399 1460 1501 1492 multo
1511 1470 1615 1502 genus
1628 1471 1723 1493 omne

1045 1509 1150 1540 virile.
1162 1508 1345 1542 Pontanus
1358 1511 1456 1544 nobis
1468 1509 1559 1544 male
1571 1509 1616 1545 de
1628 1517 1721 1545 utro·

1046 1573 1113 1605 que
1134 1560 1298 1605 capiebat.

1088 1611 1162 1658 392.
1176 1614 1244 1646 pia
1255 1617 1342 1646 sunt.
1354 1612 1604 1649 Jac.-a-Cruce
1616 1614 1721 1648 verba

1038 1667 1101 1708 pia
1103 1689 1153 1698 .....
1185 1667 1329 1698 suadent
1350 1665 1455 1710 signis
1475 1665 1721 1710 parentheseos

1045 1715 1256 1751 includenda
1273 1724 1410 1758 censet3
1429 1716 1520 1762 quod
1539 1725 1574 1752 et
1590 1718 1720 1753 Lenzio

1044 1768 1166 1814 placet.
1182 1768 1273 1802 Mihi
1285 1768 1391 1803 altera
1402 1769 1638 1815 interpunctio
1649 1782 1725 1805 me·-

1043 1821 1109 1856 lior
1125 1820 1264 1855 videtur
1276 1847 1286 1864 ‚
1306 1835 1346 1856 ex
1358 1834 1424 1867 qua
1438 1822 1630 1858 Deucalion
1646 1836 1720 1858 ver·
1754 1820 1760 1828 ’

1041 1872 1092 1906 bis
1107 1876 1169 1906 aut
1180 1871 1302 1914 fallax
1303 1898 1365 1907 ......
1373 1876 1519 1907 suadent
1542 1874 1718 1922 Pyrrham

1043 1930 1212 1958 attentam
1229 1923 1362 1968 reddit,
1386 1931 1420 1958 et
1434 1925 1568 1970 pavoris
1584 1926 1718 1961 nullam

1042 1987 1113 2008 esse
1138 1988 1274 2009 causam
1299 1983 1444 2017 monet;
1467 1983 1544 2010 tum
1565 1984 1717 2011 senten—

1042 2026 1127 2059 tiam
1149 2026 1256 2071 ipsam
1285 2027 1458 2072 proponit.
1496 2028 1576 2062 Hoc
1603 2027 1715 2062 multo

1041 2078 1304 2113 convenientius
1327 2086 1378 2113 est
1402 2079 1621 2115 sermonibus
1642 2079 1716 2115 ho-

1041 2131 1189 2165 minum.
1676 2176 1679 2182 Ι

1084 2183 1158 2230 393.
1168 2184 1427 2228 Magnaparens
1439 2191 1502 2219 etc.
1515 2180 1714 2230 Respexisse

1039 2233 1354 2280 ingeniosissimum
1383 2243 1522 2281 poetam
1552 2236 1715 2281 opinatur

1039 2288 1221 2331 Muretus,
1240 2289 1296 2323 lib.
1311 2289 1365 2331 X,
1385 2289 1467 2323 Var.
1485 2289 1561 2324 lect.
1580 2301 1652 2334 cap.
1669 2302 1688 2322 2
1701 2315 1710 2332 ,

1040 2339 1083 2374 ad
1096 2340 1289 2375 Historiam
1297 2341 1400 2375 Rom.
1410 2339 1483 2374 Liv.
1494 2340 1550 2375 lib.
1559 2340 1588 2383 I,
1602 2353 1712 2385 quum

1038 2393 1139 2439 regiis
1157 2393 1430 2428 adolescentibus
1441 2405 1645 2438 responsum
1662 2405 1711 2427 es-

1036 2451 1110 2487 set,
1137 2457 1218 2478 eum
1235 2451 1464 2490 regnaturum
1481 2445 1604 2479 Romae
1616 2470 1626 2488 ,
1651 2445 1712 2490 qui

1036 2495 1140 2529 matri
1149 2495 1303 2530 osculum
1317 2496 1450 2541 primus
1460 2496 1609 2531 tulisset:
1624 2496 1711 2531 Bru·

1035 2554 1090 2581 tus
1103 2560 1121 2580 e
1138 2547 1218 2581 navi
1234 2547 1447 2582 descendens
1456 2547 1618 2582 simulato
1629 2559 1710 2582 casu

1035 2605 1164 2632 terram
1197 2600 1366 2634 osculatus
1398 2606 1449 2634 est
1462 2625 1471 2643 ,
1505 2606 1570 2633 etc.
1598 2597 1708 2632 Vetus

1033 2651 1128 2685 idem
1143 2651 1401 2687 Grammaticus
1416 2652 1458 2687 de
1474 2663 1516 2686 eo
1524 2652 1589 2696 ‘qui
1606 2651 1649 2685 ad
1663 2651 1708 2684 la-

1034 2707 1151 2752 pidem
1166 2707 1366 2742 offendisset
1378 2733 1387 2751 ,
1402 2707 1505 2741 dixit:
1520 2713 1582 2744 Γῖὶς
1598 2706 1706 2740 Serto?-

1034 2775 1083 2795 σιν
1098 2762 1291 2809 ἔγχμμᾳθεὶς
1304 2763 1390 2794 πόδα.
1410 2759 1501 2804 Quae
1518 2759 1623 2793 etiam
1638 2770 1705 2791 va-
