1832 3100
361 199 1057 273 METAMORPHOSEON
1090 203 1219 248 LIB.
1260 206 1332 250 II.

1480 207 1560 269 157

132 294 331 345 Vulnera
354 307 532 345 curvata
552 295 832 344 minitantem
858 295 1041 363 cuspide
1065 296 1203 355 vidit3

134 374 303 423 Mentis
325 373 480 442 inops,
508 372 652 437 gelida
673 373 908 422 formidine
933 373 1028 423 lora
1050 374 1232 423 remisit.

1497 404 1562 428 200

137 451 251 516 Quae
271 462 513 518 postquam
539 469 760 499 summum
786 451 966 515 tetigere
987 451 1172 516 jacentia
1197 463 1396 515 tergum,

135 527 454 596 Exspatiantur
474 527 600 595 equi3
623 527 840 595 nulloque
861 528 1094 578 inhibente
1117 547 1196 595 per
1218 549 1346 579 auras

135 607 303 669 Ignotae
322 605 518 670 regionis
539 618 668 664 eunt;
694 626 870 673 quaque
891 607 1084 674 impetus
1109 607 1219 671 egit,

135 683 232 733 Hac
256 683 350 733 sine
371 682 467 748 lege
490 695 653 742 ruunt3
676 683 857 751 altoque
880 685 964 734 sub
986 685 1146 734 aethere
1170 684 1269 735 fixis

133 763 369 812 Incursant
392 761 553 821 stellis,
575 763 843 830 rapiuntque
865 783 946 830 per
964 764 1059 813 avia
1078 784 1257 813 currum
1275 785 1286 813 :

1498 784 1563 818 205

134 840 195 888 Et
215 840 353 890 modo
381 850 553 891 summa
575 854 760 909 petunt,
782 841 920 891 modo
946 862 1026 909 per
1048 842 1215 892 decliva
1234 843 1414 911 viasque

134 917 386 985 Praecipites
407 919 552 987 spatio
574 931 699 968 terrae
721 919 932 986 propiore
956 919 1190 968 feruntur:

132 993 412 1064 Inferiusque
435 997 528 1046 suis
552 996 772 1046 fraternos
798 1016 971 1045 currere
997 999 1125 1045 Luna

131 1073 392 1124 Admiratur
412 1094 575 1142 equos;
602 1076 894 1142 ambustaque
919 1075 1076 1124 nubila
1099 1075 1282 1125 fumant.

135 1151 390 1220 Corripitur
410 1153 597 1202 flammis
611 1191 623 1211 ‚
646 1165 699 1201 ut
723 1172 907 1220 quaeque
928 1153 1161 1212 altissima,
1187 1154 1318 1205 tellus
1337 1176 1346 1213 ;

1502 1184 1567 1207 210

133 1229 346 1298 Fissaque
369 1232 461 1295 agit
482 1232 637 1291 rimas,
664 1243 708 1280 et
727 1233 870 1282 succis
892 1244 984 1282 aret
1009 1233 1208 1282 ademtis.

134 1308 307 1359 Pabula
329 1324 587 1370 canescunt;
613 1331 714 1360 cum
736 1311 973 1361 frondibus
995 1311 1142 1360 uritur
1163 1312 1324 1375 arbos;

135 1393 457 1462 Mater-iamque
478 1414 561 1444 suo
582 1395 752 1462 praebet
772 1414 897 1459 seges
919 1394 1040 1444 arida
1061 1394 1237 1444 damno.

133 1542 215 1578 nius
231 1550 352 1579 autem
367 1543 411 1579 ad
426 1543 549 1591 virgil.
563 1544 707 1580 AEneid.
719 1545 812 1591 VH,

135 1595 200 1638 354
212 1619 222 1637 ‚
236 1601 359 1630 monet
370 1621 381 1638 ,
398 1595 503 1630 verba
514 1598 685 1630 madidum
697 1599 819 1631 sudore

133 1649 256 1681 tenena·
265 1659 341 1682 non
357 1647 406 1683 ita
421 1647 591 1694 capienda
607 1661 679 1684 esse
692 1675 702 1693 ,
720 1649 817 1694 quasi

134 1698 312 1735 exsudasse
324 1712 408 1735 eum
422 1713 603 1736 venenum
614 1701 815 1746 crediderit,

131 1751 194 1787 sed
203 1755 356 1788 sudorem
369 1755 630 1800 venem'poetica
647 1762 683 1790 et
694 1754 818 1800 exqui-

131 1806 196 1841 sita
208 1805 345 1841 ratione
356 1805 491 1841 dictum
508 1820 580 1842 esse
597 1819 661 1852 pro
676 1819 817 1842 veneno

131 1857 360 1904 simpliciter;
385 1860 557 1894 madidum
582 1866 701 1894 autem
728 1859 817 1895 nihil

133 1909 227 1945 aliud
237 1936 247 1955 ,
258 1911 324 1947 nisi
335 1910 573 1958 profluentem
585 1912 655 1946 oris
661 1911 794 1947 saniem
805 1938 815 1956 ,

133 1963 298 2000 indicare.
309 1965 382 2000 Sed
397 1978 506 2011 quum
518 1973 620 2011 poeta
630 1979 726 2001 nunc
736 1978 817 2000 om-

136 2016 194 2052 nia
210 2016 368 2052 ardentia
386 2017 516 2064 fingat,
540 2025 643 2064 atque
661 2019 699 2053 in
719 2018 819 2052 omni

136 2068 170 2104 h.
186 2069 209 2103 l.
232 2068 378 2115 ingenio
401 2083 464 2105 suo
481 2070 669 2106 luxurianti
691 2071 819 2116 passim

136 2120 334 2165 indulgeat,
356 2129 396 2157 ut
413 2121 457 2157 ad
471 2135 560 2157 vers.
582 2123 642 2169 173
659 2122 820 2157 admoni-

135 2179 213 2208 tum
223 2199 233 2217 ,
253 2173 376 2219 quidni
387 2174 494 2209 etiam
510 2174 742 2220 Scorpionem
759 2188 821 2210 su—

137 2225 281 2262 dantem
288 2227 494 2274 cogitemus,
504 2227 698 2274 praesertim
709 2241 819 2274 quum

137 2279 241 2314 verba
260 2278 330 2314 huc
346 2279 504 2315 ducant?
528 2280 730 2326 Scorpionis
749 2294 819 2315 au—

135 2340 209 2368 tem
230 2333 340 2368 cauda
355 2332 482 2368 desinit
498 2334 535 2368 in
552 2339 724 2369 curvatam
740 2348 820 2369 cus-

130 2387 263 2430 pidem,
283 2392 319 2420 et
328 2386 515 2431 semperin
530 2386 601 2421 ictu
617 2394 687 2431 est,
706 2388 820 2422 nullo-

137 2451 205 2484 que
222 2445 407 2473 momento
424 2438 587 2474 meditari
612 2447 721 2475 cessat
734 2467 744 2484 ,
771 2454 819 2475 ne

137 2489 280 2536 quando
297 2489 386 2525 desit
396 2491 585 2527 occasioni:
602 2492 691 2527 Plin.
709 2493 757 2527 H.
775 2493 820 2529 N.

138 2543 210 2586 XI,
237 2543 290 2577 25.
313 2542 395 2578 Non
413 2542 545 2577 mirum
557 2569 567 2588 ‚
585 2544 612 2578 si
626 2556 712 2588 puer
723 2543 820 2579 hunc

140 2594 279 2630 metuit.

182 2661 260 2682 ποι.
282 2648 448 2683 Summum
451 2673 535 2682 ........
552 2652 686 2693 tergum.
705 2647 819 2684 Codd.

139 2699 250 2735 nostri
264 2726 274 2744 ,
291 2712 418 2734 summo
435 2704 535 2744 tergo.

186 2755 259 2798 204.
292 2755 370 2789 Sine
390 2756 471 2799 lege.
496 2754 582 2789 Sine
604 2752 729 2788 ordine
759 2759 819 2788 aut

883 1544 1042 1591 imperio.
1057 1544 1163 1591 Apud
1178 1544 1321 1580 Lucian.
1336 1545 1369 1580 d.
1382 1545 1402 1581 l.
1419 1559 1566 1582 currum

883 1599 1025 1645 rapiunt
1043 1601 1113 1649 ἄρτι
1127 1603 1183 1644 μὲν
1195 1601 1242 1635 ivri
1254 1602 1294 1635 τὰ
1305 1602 1379 1636 λαιὰ
1390 1627 1399 1645 ,
1417 1601 1486 1646 μετ’
1503 1604 1567 1638 σ’λί-

883 1668 934 1697 γον
957 1655 989 1687 δὲ
1008 1653 1061 1686 ἔτι-ὲ
1072 1654 1111 1687 τὰ
1129 1654 1234 1696 δεξιοὶ,
1254 1658 1307 1688 καὶ
1323 1655 1383 1688 ἅνω
1399 1659 1452 1689 καὶ
1464 1655 1565 1694 κάτω,

884 1706 958 1743 ὅλως
980 1705 1048 1738 ’ἔνθα
1070 1705 1218 1739 ‘'enno-m
1242 1707 1337 1740 αὐτοί.
1368 1705 1409 1739 Id
1438 1706 1568 1742 Noster

882 1754 930 1790 sic
943 1754 1123 1801 exprimit,
1145 1756 1241 1800 quasi
1253 1756 1290 1790 in
1306 1756 1435 1792 aethere
1450 1785 1459 1803 ‚
1477 1766 1515 1793 ut
1532 1759 1569 1792 in

885 1814 979 1841 terra
997 1834 1006 1851 ‚
1042 1810 1235 1852 pra-cistilio
1267 1815 1383 1843 essent
1414 1816 1450 1843 et
1479 1814 1568 1844 avia.

885 1861 994 1895 Hunc
1010 1861 1126 1895 lusum
1142 1860 1178 1895 in
1195 1860 1260 1895 hac
1276 1862 1478 1897 narratione
1493 1875 1567 1896 non

884 1915 993 1960 magis
1005 1915 1134 1960 probo,
1154 1928 1261 1959 quam
1273 1915 1371 1949 illum
1385 1929 1473 1950 vers.
1492 1916 1571 1950 133.

885 1966 1055 2001 Ambusto
1083 1969 1199 2001 nubila
1223 1967 1355 2002 facilius
1379 1981 1537 2003 excusem
1557 1996 1566 2012 ‚

884 2019 965 2063 quia
982 2045 991 2062 ,
1028 2019 1190 2053 Homero
1212 2026 1352 2054 auctore
1366 2046 1376 2064 ‚
1408 2020 1568 2055 ardentia

884 2070 1034 2105 flumina
1051 2070 1185 2117 fingere
1203 2071 1337 2106 licebat.

929 2126 1005 2158 205.
1024 2125 1280 2158 R‘xzk...stellis.
1297 2123 1406 2158 Palat.
1421 2137 1488 2160 sec.
1501 2139 1566 2170 pro

885 2175 980 2210 varia
1005 2176 1082 2210 lect.
1095 2178 1197 2222 fixas
1220 2179 1287 2211 inc.
1309 2179 1446 2218 stellas,
1471 2178 1566 2223 quod

885 2227 1078 2274 elegantius
1102 2228 1287 2263 videbatur
1323 2229 1473 2264 Heinsio
1489 2257 1498 2274 ,
1532 2238 1568 2265 ct

884 2281 1133 2326 comprobatur
1143 2281 1307 2327 exemplis
1318 2295 1336 2316 a
1346 2282 1565 2318 Burmanno.

931 2335 1006 2369 206.
1030 2336 1175 2370 Declt’va
1191 2348 1256 2381 pro
1272 2338 1424 2370 declivia.
1441 2336 1499 2371 Sic
1513 2350 1568 2371 su·
1592 2350 1598 2353 “

884 2399 947 2431 pra
962 2389 1131 2429 acclivus,
1151 2387 1294 2422 acclivis.

929 2450 1005 2472 210.
1026 2439 1075 2471 Ul
1083 2451 1219 2483 queque
1230 2442 1410 2473 altissima.
1428 2439 1567 2475 Scilicet

884 2488 932 2524 ita
957 2490 1107 2524 maxime
1125 2490 1332 2535 corripitur;
1358 2503 1463 2536 quam
1486 2492 1567 2525 sor—-

884 2554 981 2576 mam
1007 2541 1080 2576 Cic.
1106 2549 1209 2576 amat.
1232 2542 1403 2587 Indignor
1422 2550 1539 2578 autem
1555 2571 1564 2585 ‚

884 2603 1025 2641 poetam
1045 2607 1126 2628 mox
1143 2595 1300 2630 minutiis
1316 2597 1566 2634 enumerandis

885 2648 1115 2681 immoratum
1142 2661 1213 2682 esse
1228 2674 1236 2691 ,
1278 2655 1381 2693 atque
1414 2662 1563 2684 acumen

883 2699 969 2733 illud
1000 2699 1202 2734 admicuisse
1228 2700 1471 2746 filatert'amque
1499 2709 1564 2736 etc.

887 2752 997 2797 Quod
1011 2751 1134 2788 Claud.
1146 2764 1283 2798 xxxm,
1306 2754 1385 2798 163,
1398 2754 1440 2790 de
1455 2755 1563 2789 AEtna
