1832 3100
264 233 349 261 210

636 219 689 261 P.
733 218 972 265 OVIDII
1006 218 1301 264 NASONIS

260 309 426 359 Abdita
442 346 454 368 ,
479 308 571 357 sole
591 328 764 368 carens,
790 328 882 357 non
903 308 985 357 ulli
1007 310 1156 376 pervia
1176 314 1339 370 v'ent05

259 386 439 444 Tristis,
465 397 508 433 et
530 385 675 448 ignavi
698 384 955 452 plenissima
978 386 1177 449 frigoris;
1202 399 1246 436 et
1265 406 1362 453 quae

259 466 366 526 Igne
392 473 513 511 vacet
534 480 726 528 semper,
753 461 939 525 caligine
962 481 1134 529 semper
1156 463 1364 512 abundet.

260 542 360 589 Huc
383 540 461 588 ubi
483 540 684 606 pervenit
706 538 817 587 belli
840 539 1075 587 metuenda
1095 540 1245 603 virago
1260 577 1273 599 ,

1610 558 1675 605 765

261 616 477 666 Constitit
500 628 599 665 ante
624 615 826 674 domum,
852 635 996 682 neque
1020 616 1137 664 enim
1162 615 1391 665 succedere
1414 617 1538 667 tectis

258 695 340 742 Fas
364 692 521 750 habet,
547 704 590 740 et
610 703 762 758 postes
787 703 979 740 extrema
1002 692 1184 758 cuspide
1203 691 1365 759 pulsat.

260 772 497 819 Concussae
519 781 700 836 patuere
721 769 838 817 fores
860 790 870 817 ε
894 768 1014 818 videt
1032 770 1154 818 intus
1174 770 1375 819 edentem

259 848 471 914 Vipereas
497 865 668 903 carneS‚
695 845 904 894 vitiorum
928 846 1133 896 alimenta
1155 867 1337 897 suorum
1353 885 1366 906 ‚

260 923 503 980 Invidiam3
529 923 708 988 visaque
734 922 886 972 oculos
909 925 1066 973 avertit
1088 945 1098 973 :
1123 937 1168 973 at
1189 924 1266 973 illa

1610 954 1675 989 77¹·

260 1001 414 1064 Surgit
435 1001 574 1048 humo
598 1000 722 1066 pigre
737 1037 750 1058 ‚
772 1019 1121 1068 semesarumque
1143 1002 1355 1069 relinquit

262 1079 460 1144 Corpora
482 1088 761 1144 serpentum3
786 1080 1008 1144 passuque
1032 1079 1198 1127 incedit
1223 1079 1367 1128 inerti.

258 1158 409 1222 thue
433 1155 572 1203 Deam
595 1153 727 1211 vidit,
754 1152 984 1221 formaque
1009 1155 1229 1221 armisque
1250 1155 1474 1214 decoram,

257 1231 499 1296 Ingemuit3
523 1229 784 1297 vultumque
809 1230 895 1279 ima
919 1231 974 1280 ad
995 1232 1185 1299 suspiria
1208 1233 1347 1281 duxit.

258 1373 390 1409 ibidem
400 1374 436 1408 in
448 1380 532 1408 nota
542 1372 675 1418 adjecta
691 1379 826 1417 monet,
836 1374 937 1418 hujus

258 1429 306 1463 sic
321 1428 473 1473 positum
497 1440 571 1461 non
597 1439 668 1461 esse
691 1426 879 1471 insipidum
901 1433 936 1461 et

258 1479 454 1524 prosaicum
473 1490 482 1512 :
504 1478 620 1522 itaque
650 1484 686 1512 et
709 1476 765 1511 hic
791 1475 936 1511 retineri

258 1530 374 1574 malit,
394 1530 587 1576 praesertim
608 1530 636 1564 si
661 1542 742 1564 cum
758 1541 829 1563 uno
855 1529 936 1563 MS.

258 1582 393 1628 legatur
406 1608 414 1622 ,
444 1584 560 1616 domus
585 1585 638 1614 esl
657 1580 758 1624 hujus
775 1582 836 1613 sub
860 1582 938 1612 val-

258 1636 346 1668 libus
355 1636 443 1668 imis.
454 1627 528 1668 Nec'
537 1632 604 1666 hoc
615 1631 726 1676 placet
741 1657 750 1674 ,
772 1630 854 1674 quia
865 1630 937 1664 sola

259 1687 352 1720 vallis
362 1698 428 1720 nec
439 1697 563 1719 omnes
572 1690 706 1726 ventos,
717 1696 782 1718 nec
791 1695 937 1718 omnem

259 1738 370 1772 solem
396 1743 501 1772 arcet.
525 1736 592 1769 Sub
618 1738 764 1769 vallibus
791 1742 909 1769 autem
925 1761 935 1778 ,

260 1790 355 1836 quod
380 1797 416 1824 et
443 1789 514 1823 duo
541 1787 595 1821 alii
613 1793 758 1821 tuentur
774 1812 783 1829 ,
814 1786 938 1821 Burm.

262 1844 382 1888 placet.
402 1841 449 1875 Et
462 1846 555 1874 amat
574 1838 679 1874 ovid.
694 1841 756 1872 sub
768 1851 832 1883 pro
843 1843 940 1874 in.—

263 1894 382 1930 Nostri
403 1891 515 1926 Codd.
531 1895 567 1926 in
582 1892 727 1935 vallibus
741 1893 840 1924 antri.

309 1945 381 1991 753.
397 1946 524 1988 Ignavi.
544 1942 598 1977 Ab
616 1941 744 1976 effectu
756 1968 766 1984 ,
782 1948 821 1976 ut
837 1954 937 1984 mox,

261 1999 321 2031 821
338 2023 347 2040 ‚
365 1999 486 2040 ιζῃιανα
498 1997 657 2039 gravitas.
671 1992 806 2027 Contra
817 1995 941 2027 habilis

261 2052 372 2092 vigor,
388 2047 446 2092 qui
463 2045 579 2080 reddit
594 2045 742 2088 habiles,
761 2045 938 2090 Virgilius,

263 2101 390 2144 Georg.
421 2098 474 2133 lV
487 2124 497 2141 ‚
520 2100 594 2141 418.
621 2098 704 2132 Post
732 2098 804 2132 haec
832 2098 940 2132 otiosa

262 2159 344 2186 sunt
371 2156 406 2185 e!
434 2163 545 2194 quan...
570 2151 737 2189 abundet,
759 2149 795 2182 in
819 2150 942 2194 quibus

264 2203 370 2238 etiam
387 2202 480 2236 lusus
495 2200 683 2234 verborum
700 2208 760 2234 est.

310 2255 382 2301 755.
395 2254 504 2302 Belli.
530 2251 678 2286 Codices
705 2252 814 2286 nostri
841 2251 943 2297 Regii

265 2306 297 2341 A
314 2313 349 2341 et
367 2306 397 2340 B
408 2332 417 2349 ,
432 2307 527 2339 bello.
538 2322 582 2330 -·
596 2306 694 2339 Belli
702 2306 876 2338 metuenda
888 2303 944 2337 di—

264 2360 355 2392 citur
367 2384 376 2401 ,
396 2364 436 2391 ut
450 2359 562 2400 gladii
573 2358 759 2390 tremendus
774 2381 783 2395 ,
808 2359 890 2388 nasi
901 2359 944 2388 ti-

266 2413 404 2445 mendas
416 2437 423 2449 ,
443 2421 519 2454 quae
535 2408 690 2453 exempla
701 2408 814 2442 attulit
827 2408 944 2441 Hein—

264 2464 343 2497 sius.
367 2462 476 2496 Deest
503 2467 621 2495 autem
647 2460 683 2494 in
712 2460 764 2494 his
786 2459 943 2494 formulis

265 2518 308 2549 de
323 2527 430 2549 causa
446 2528 456 2548 .·
471 2513 550 2547 vide
567 2513 726 2547 Perizon.
750 2511 792 2546 ad
813 2511 945 2545 Sanctii

266 2566 420 2599 Blinerv.
444 2565 503 2607 II,
529 2574 595 2607 111,
625 2576 700 2608 pag.
727 2562 795 2596 165.
811 2579 856 2589 ·-
876 2563 944 2595 Fas

264 2618 367 2650 habet
377 2642 386 2659 ,
406 2616 455 2650 sas
473 2628 543 2650 esse
557 2642 566 2658 ‚
584 2615 686 2649 licere
699 2614 761 2648 sibi
779 2619 887 2658 putat.
902 2630 946 2639 —

266 2669 464 2710 Succedere,
494 2668 634 2712 propius
658 2665 831 2701 accedere.
852 2667 944 2700 Nam

266 2719 397 2755 Palladi
412 2745 420 2762 ,
438 2727 476 2755 ut
494 2732 570 2764 quae
590 2726 640 2754 est
658 2719 735 2754 Dea
748 2744 757 2761 ‚
775 2731 850 2752 non
866 2719 945 2753 licet

1001 1373 1145 1408 Invidiae
1152 1374 1299 1408 domum
1308 1372 1454 1420 ingredi.
1462 1372 1672 1408 EaC-Etiam

999 1427 1095 1460 sactis
1121 1427 1294 1462 Minervoe
1324 1425 1504 1471 turpitudo
1530 1426 1674 1461 Invidiae

1001 1484 1154 1512 notatur.
1169 1477 1225 1512 Cf.
1245 1479 1326 1525 769,
1348 1478 1421 1525 786.
1436 1478 1606 1514 -Invidi
1617 1491 1675 1512 re-

1000 1530 1064 1564 bus
1071 1530 1170 1565 malis
1179 1530 1332 1573 aluntur,
1340 1529 1587 1565 calamitatibus
1596 1530 1675 1565 alio-

1001 1594 1092 1615 rum.
1111 1581 1207 1615 Hinc
1221 1583 1292 1615 edit
1301 1585 1450 1624 vipereas
1461 1594 1589 1615 carnes.

1048 1646 1120 1677 771.
1145 1634 1269 1675 Pigra,
1290 1632 1398 1667 sterili
1417 1633 1461 1666 ob
1476 1632 1593 1677 frigus.
1618 1632 1676 1667 Sic

1002 1683 1128 1718 Horat.
1141 1683 1178 1726 1,
1200 1682 1270 1718 od.
1287 1694 1383 1723 xxn,
1400 1686 1552 1729 17‚p1⁰gre'
1557 1688 1675 1727 campi.

1000 1754 1046 1764 —
1056 1737 1125 1771 Hic
1135 1735 1239 1782 vulgo
1248 1740 1363 1780 pigre,·
1377 1735 1439 1770 sed
1453 1735 1620 1771 Heinsius
1631 1737 1678 1770 ait

1002 1801 1044 1822 ex
1053 1786 1254 1822 melioribus
1262 1801 1297 1821 se
1304 1791 1403 1831 pigra
1412 1783 1559 1831 dedisse,
1569 1787 1678 1822 idem-

1005 1852 1071 1884 que
1089 1839 1126 1873 in
1138 1839 1246 1873 tribus
1256 1839 1323 1873 suis
1334 1838 1484 1883 Giphan.
1495 1839 1676 1874 invenisse.

1003 1907 1047 1917 ·-
1063 1889 1182 1924 Nostri
1201 1887 1349 1923 Codices
1367 1889 1469 1934 Regii
1483 1888 1614 1924 habent
1622 1893 1676 1933 pi-

1003 1939 1272 1984 gra.-Klotzi0,
1284 1940 1327 1974 ad
1337 1940 1535 1987 Tyrtaeum,
1548 1954 1580 1986 p.
1596 1952 1655 1975 102
1665 1967 1675 1983 ,

1006 1992 1160 2038 displicet
1171 1996 1287 2036 pigra,
1307 1993 1387 2037 quia
1402 2005 1444 2027 ex
1459 1993 1677 2028 anteceden-

1006 2048 1096 2082 tibus
1112 2047 1184 2092 jam
1199 2054 1360 2092 appareat
1373 2073 1383 2090 ,
1403 2046 1553 2081 humum
1575 2047 1677 2082 fuisse

1006 2099 1169 2134 sterilem.
1200 2099 1332 2134 Suadet
1347 2111 1430 2144 ergo
1446 2101 1544 2134 humo
1557 2102 1652 2144 nigra
1662 2126 1671 2140 ,

1006 2152 1076 2186 sive
1092 2158 1131 2185 ut
1141 2150 1341 2196 simpliciter
1351 2150 1536 2185 horrorem
1546 2151 1611 2186 loci
1621 2152 1678 2185 in-

1007 2203 1098 2237 dicet
1108 2230 1118 2246 ,
1150 2203 1219 2237 sive
1244 2209 1283 2237 ut
1307 2203 1525 2248 serpentibus
1546 2210 1679 2239 tectam

1007 2255 1106 2289 dicat.
1118 2254 1227 2299 Quod
1235 2262 1353 2290 tamen
1365 2267 1438 2288 non
1447 2255 1679 2289 necessarium

1008 2314 1092 2352 puto
1106 2333 1115 2349 ‚
1146 2318 1255 2351 quum
1272 2307 1400 2341 Noster
1416 2306 1599 2351 saepissime
1615 2318 1681 2340 re-

1008 2365 1114 2403 petat,
1126 2371 1202 2402 quae
1212 2358 1283 2402 jam
1292 2363 1393 2390 antea
1401 2357 1569 2402 copiosius
1576 2357 1683 2391 etiam

1009 2417 1128 2444 notata
1145 2417 1255 2444 erant.
1273 2409 1349 2453 Ego
1369 2422 1451 2443 vero
1466 2414 1563 2453 ptgrre
1574 2423 1685 2444 revo-

1008 2464 1158 2499 candum
1177 2462 1277 2504 duxi,
1299 2462 1394 2506 quod
1416 2462 1596 2507 sequentia
1612 2462 1684 2497 fla-

1010 2515 1115 2559 gitare
1128 2512 1302 2547 videntur.
1321 2512 1465 2547 Etenim
1479 2516 1686 2557 surg1‘tp12qre

1009 2570 1043 2598 et
1064 2576 1144 2597 mox
1154 2577 1261 2607 passu
1282 2567 1409 2598 incedit
1428 2567 1530 2599 inerti
1546 2563 1682 2609 egregie

1008 2615 1071 2649 sibi
1086 2615 1312 2660 respondent.

1055 2668 1125 2712 774.
1149 2669 1344 2710 Vultumque
1356 2669 1433 2701 ima.
1452 2666 1580 2712 Vulgo,
1599 2669 1682 2700 vul-

1008 2723 1137 2763 tumque
1151 2720 1243 2753 Deae.
1266 2718 1337 2754 Sed
1352 2719 1442 2754 bene
1459 2718 1624 2753 Heinsius
1641 2730 1681 2753 ex
