1832 3100
305 204 389 245 510

680 205 730 248 P.
769 206 1002 253 OVIDII
1028 208 1325 254 NASONIS

305 296 366 343 At
389 295 559 358 genitor
574 332 585 353 ‚
612 315 858 363 quanquam
881 296 1051 347 laetatur
1071 300 1234 366 sospite
1258 313 1360 350 nato
1377 339 1388 360 ,

1641 296 1706 363 425

304 372 534 420 Attonitus
556 383 725 421 tantum
744 410 755 431 ‚
777 373 1120 424 letifdiscrimine
1144 395 1278 442 parvo
1292 376 1308 434 ¹,

306 448 531 497 Committi
551 449 748 515 potuisse
771 450 891 499 nefas
906 488 918 509 ‚
944 451 1060 499 fovet
1081 452 1260 514 ignibus
1282 472 1378 502 aras
1392 490 1404 511 ‚

303 525 653 592 Muneribusque
676 528 794 576 Deos
815 526 994 593 implet3
1014 528 1263 595 feriuntque
1281 549 1453 579 secures

307 602 433 651 Colla
456 615 603 651 torosa
624 603 761 651 boum
777 641 787 660 ,
812 604 1057 652 vinctorum
1082 625 1246 654 cornua
1268 607 1399 656 vittis.

303 678 463 727 Nullus
485 679 763 727 Erechthidis
786 679 927 728 fertur
950 680 1211 730 celebratior
1228 668 1306 729 illo

1644 699 1711 743 430

302 755 504 804 Illuxisse
526 756 616 804 dies
641 776 650 803 :
672 757 840 819 agitant
860 757 1055 806 convivia
1076 770 1220 824 patres
1238 795 1251 816 ‚

296 835 363 881 Et
381 832 570 881 medium
593 832 775 895 vulgus;
798 853 878 882 nec
900 853 992 882 non
1011 847 1055 883 et
1079 835 1267 884 carmina
1281 872 1293 892 ‚
1317 835 1418 883 vino

303 910 535 971 Ingenium
553 909 734 958 faciente
749 947 761 967 ‚
787 923 948 959 canunt
969 931 978 958 :
1004 934 1025 954 (ε
1054 913 1116 961 Te
1134 950 1146 970 ‚
1169 912 1352 961 maxime
1376 912 1550 961 Theseu
1564 949 1575 970 ‚

308 1008 329 1027 n
355 986 515 1034 Mirata
535 998 601 1034 est
620 987 859 1036 Marathon
881 990 1037 1037 Cretaei
1060 989 1270 1053 sanguine
1294 990 1406 1037 tauri
1425 1009 1434 1037 :

310 1079 331 1104 ›‘›
355 1063 578 1128 Quodque
597 1064 687 1112 suis
710 1083 888 1114 securus
913 1078 1004 1114 erat
1029 1066 1276 1132 Cromyona
1298 1065 1482 1114 colonus
1496 1103 1509 1124 ‚

309 1161 331 1180 »
356 1140 523 1188 Munus
546 1160 745 1207 opusque
767 1153 892 1190 tuum
916 1154 983 1191 est
1003 1163 1012 1191 ε

304 1261 462 1298 pererat,
485 1254 521 1288 in
544 1254 683 1296 Asiam;
706 1255 917 1301 tandemque
938 1257 975 1291 in

303 1306 451 1350 patriam
478 1305 568 1340 redit
588 1332 598 1349 ‚
626 1307 683 1340 ubi
715 1308 803 1352 patri
830 1321 848 1342 a
869 1309 975 1343 fratre

304 1358 401 1403 pulso
417 1370 566 1404 regnum
586 1358 710 1392 reddit.
738 1359 809 1393 Sed
829 1359 976 1395 Ovidius

303 1410 371 1442 sata
388 1408 463 1453 ejus
477 1409 549 1453 jam
566 1408 751 1453 abrumpit.

347 1461 420 1504 426.
432 1461 608 1495 Attonitus
620 1465 746 1495 lanium
754 1467 818 1496 etc.
826 1461 894 1496 Hic
904 1475 977 1496 ver—

302 1524 358 1546 sus
373 1512 420 1545 ita
438 1512 563 1557 legitur
577 1512 613 1546 in
630 1519 750 1547 nostro
762 1511 892 1547 Codice
904 1513 976 1547 Re-

303 1563 358 1608 gio
380 1563 408 1597 A
426 1575 433 1596 :
455 1564 632 1597 Attonitus
648 1567 757 1598 tamen
777 1569 847 1604 esi,
873 1567 982 1607 genili

302 1618 492 1650 discrimine
506 1626 636 1658 parom·
664 1622 698 1649 at
723 1615 758 1649 in
779 1614 908 1649 Codice
926 1617 973 1650 B:

302 1668 477 1702 Attonitus
497 1672 607 1701 lamen
626 1671 695 1707 est,
716 1670 831 1710 ingens
849 1670 976 1701 discri-

303 1723 389 1753 mine
397 1731 511 1762 parvo.
523 1720 602 1752 Leti
613 1718 750 1753 videtur
764 1718 974 1761 emendatio,

302 1783 375 1804 non
405 1770 539 1815 ingrata
567 1769 708 1813 quidem
729 1770 974 1804 recentiorum.

303 1821 519 1866 Ed.-Apud
536 1821 723 1867 Virgilium
739 1828 876 1865 tamen,
892 1822 974 1856 AEn.

304 1876 357 1911 IX
368 1901 377 1918 ,
395 1889 406 1909 ι
413 1875 454 1918 43
465 1887 472 1909 ε
475 1874 711 1919 fossarumque
719 1888 824 1915 morae,
837 1878 977 1909 leiidis-

302 1930 442 1962 crimina
449 1938 555 1971 parva
566 1954 573 1966 ,
588 1940 658 1971 quo
672 1927 747 1962 loco
761 1934 794 1962 et
810 1928 882 1972 ipso
894 1927 975 1960 olim

303 1979 480 2024 legebatur
495 1981 685 2012 discrimine
696 1991 864 2022 parva—
880 1979 977 2012 Com·

304 2034 398 2063 milli.
416 2030 516 2073 Duo,
536 2032 686 2070 admilti,
709 2043 805 2075 aeque
823 2031 922 2064 bene.
934 2046 978 2056 -·

305 2077 498 2118 Manenzus
524 2084 618 2116 Deos
644 2085 759 2126 implet
771 2093 782 2122 ,·
813 2081 976 2126 plurimas

304 2134 456 2169 victimas
468 2135 581 2169 ossert.
593 2134 736 2179 Proprie
747 2146 815 2169 arae
827 2134 977 2179 implen—

304 2192 373 2229 tur,
392 2185 524 2230 poetice
539 2185 601 2229 ipsi
618 2185 688 2219 Dii.

347 2239 420 2281 431.
434 2238 581 2281 Agitant
591 2238 736 2272 verbum
747 2237 927 2282 proprium
940 2238 975 2271 in

304 2289 369 2324 hac
385 2301 422 2323 re
435 2314 445 2332 ,
463 2296 606 2324 notante
626 2289 977 2324 Burmanno.-—Me-·

303 2345 393 2376 dium
408 2344 544 2385 vulgum
562 2348 600 2375 ut
611 2342 656 2384 V,
670 2355 745 2386 207,
759 2344 868 2374 madia
871 2344 976 2383 plebs.

304 2411 347 2418 -w
355 2395 440 2426 Vino
451 2394 621 2436 Ingenium
627 2392 789 2435 faciente.
802 2391 926 2425 Horat.
938 2392 954 2426 I
965 2416 975 2432 ,

304 2444 367 2490 Ep.
385 2456 407 2477 v
417 2470 426 2488 ,
443 2458 482 2491 ¹9
497 2458 505 2478 :
519 2445 795 2478 Fecundicalices
807 2456 898 2487 quem
912 2457 977 2477 non

294 2496 408 2538 fecere
424 2498 580 2530 disertum
593 2498 612 2531 ?
631 2494 774 2529 Confer.
793 2494 886 2528 idem
904 2521 913 2537 ,
936 2495 951 2528 I
966 2519 975 2537 ,

306 2548 370 2592 Ep.
383 2560 445 2583 XIX
462 2574 471 2591 ,
489 2549 562 2583 init.
576 2550 698 2593 Neque
710 2549 831 2582 vinum
840 2548 952 2582 solum
966 2570 975 2591 ,

303 2600 363 2634 sed
380 2600 571 2634 secundum
588 2601 745 2635 Persium
762 2626 771 2642 ,
799 2600 882 2645 prol.
914 2613 952 2633 ιο
966 2626 975 2643 ,

304 2656 427 2685 venter
443 2665 579 2696 quoque
596 2655 761 2695 tngem'um
781 2651 933 2696 largitur.

341 2704 414 2746 434.
425 2704 552 2737 IIIt’rala
560 2708 612 2738 esl
617 2705 796 2738 Marathon
810 2711 872 2737 etc.
884 2703 976 2737 The-

1038 1142 1167 1192 tellus
1187 1143 1426 1210 Epidauria
1445 1160 1525 1209 per
1543 1154 1586 1190 te
1645 1079 1712 1125 43⁰

1008 1290 1015 1299 ,
1040 1257 1087 1291 sei
1115 1255 1231 1291 laudes
1260 1255 1444 1291 commode
1473 1255 1643 1290 convertit
1675 1255 1709 1290 in

1040 1308 1163 1356 hymni
1175 1309 1323 1343 sormam
1333 1335 1342 1352 ,
1358 1315 1397 1343 ut
1407 1321 1462 1343 res
1474 1320 1546 1342 non
1556 1309 1689 1343 narrari
1701 1334 1710 1351 ‚

1039 1360 1098 1395 sed
1117 1360 1169 1406 agi
1185 1359 1343 1395 videatur
1358 1373 1366 1394 ι
1380 1360 1509 1394 confer.
1527 1359 1691 1405 virginus
1702 1387 1711 1403 ,

1042 1413 1125 1447 AEn.
1137 1413 1248 1455 VIII,
1270 1413 1351 1456 288,
1369 1413 1426 1446 ubi
1442 1406 1605 1447 similis'in
1617 1411 1713 1447 Her-

1040 1465 1154 1500 culem
1171 1464 1376 1511 hymnus.—-—
1384 1463 1572 1498 Taumsille
1586 1476 1604 1498 a
1615 1464 1711 1510 Nep-

1040 1524 1128 1551 tuno
1157 1516 1271 1550 Minoi
1286 1542 1295 1559 ,
1323 1515 1394 1561 regi
1420 1517 1559 1556 Creten,
1586 1515 1684 1551 datus
1702 1542 1711 1559 ,

1041 1576 1117 1614 post
1134 1568 1196 1602 alia
1212 1569 1278 1602 fata
1295 1567 1331 1602 in
1344 1574 1473 1602 terram
1488 1566 1640 1602 Atticam
1651 1580 1714 1603 ve-

1041 1627 1141 1655 nerat
1159 1645 1167 1662 ,
1203 1619 1319 1664 ibique
1354 1620 1589 1654 Marathonius
1616 1632 1714 1665 agros

1039 1670 1206 1704 vastabat:
1217 1670 1309 1703 Eum
1328 1670 1483 1703 Athenas
1505 1669 1711 1714 perductum

1041 1720 1196 1754 Theseus
1223 1720 1414 1754 immolavit
1431 1745 1441 1762 ,
1475 1720 1528 1753 vel
1558 1721 1718 1765 Apollini

1043 1772 1233 1817 Delphinio
1247 1771 1508 1819 (pintan-chus„
1515 1770 1619 1806 Thes.
1634 1773 1693 1815 14)
1703 1799 1713 1815 ,

1042 1825 1095 1859 vel
1110 1826 1297 1859 Minervae:
1318 1825 1521 1867 Pausanias,
1542 1824 1612 1858 Au.
1622 1825 1713 1869 p.66.

1043 1875 1247 1910 AtOvidius
1254 1875 1599 1920 confundittempora
1612 1887 1714 1916 ;nam

1042 1935 1180 1962 taurum
1195 1928 1289 1962 illum
1300 1928 1402 1973 cepit,
1413 1933 1596 1973 postquam
1609 1926 1715 1961 Athe-

1042 1980 1097 2015 nis
1104 1987 1262 2026 exceptus
1270 1987 1343 2014 erat
1352 1992 1371 2013 a
1382 1978 1584 2024 patre.Vide
1596 1979 1714 2013 Meur-

1041 2033 1081 2066 sii
1094 2031 1196 2066 Thes.
1207 2044 1277 2077 cap.
1291 2033 1546 2075 roe-Quodque
1553 2033 1625 2064 suis
1635 2042 1715 2064 cum

1043 2084 1183 2119 Boessio
1193 2090 1228 2118 et
1237 2097 1276 2117 ex
1286 2082 1592 2117 unoGronoviano
1602 2080 1713 2116 Hein—

1040 2136 1107 2170 sius
1124 2135 1295 2175 restituit;
1324 2134 1438 2169 caeteri
1452 2160 1461 2177 ,
1486 2146 1592 2168 suam.
1615 2133 1716 2178 Regii

1042 2188 1151 2222 nostri
1167 2199 1318 2232 quoque,
1333 2186 1558 2220 suam—Suis
1570 2197 1715 2220 securus.

1042 2241 1149 2275 Notat
1162 2239 1326 2274 Heinsius
1341 2238 1416 2273 voci
1431 2248 1567 2271 securus
1581 2236 1717 2282 elegan-

1042 2299 1096 2326 ter
1112 2290 1190 2325 addi
1216 2302 1332 2324 casum
1354 2289 1557 2325 secundum.
1571 2306 1616 2315 —-·
1633 2289 1715 2322 Cro-

1042 2354 1138 2388 myon
1153 2347 1211 2374 aut
1230 2343 1388 2387 Cremyon
1400 2367 1408 2379 ,
1430 2339 1523 2374 vicus
1541 2338 1713 2373 Corinthi.

1045 2394 1095 2427 Ibi
1112 2406 1179 2433 sus,
1195 2392 1299 2427 Phaea
1314 2392 1403 2427 dicta
1414 2419 1423 2435 ,
1442 2391 1566 2426 ferocia
1581 2398 1615 2425 et
1631 2403 1713 2424 ma-

1043 2443 1224 2489 gnitudine
1238 2443 1378 2490 insignis
1390 2469 1398 2487 ,
1417 2456 1481 2477 nec
1493 2454 1591 2488 agros
1601 2442 1712 2476 solum

1042 2503 1198 2539 vastans,
1222 2495 1281 2530 sed
1308 2495 1466 2529 homines
1489 2496 1593 2529 etiam
1615 2493 1714 2528 occi-

1046 2548 1144 2591 dens,
1158 2560 1260 2592 quam
1269 2547 1442 2581 interfecit
1451 2546 1606 2580 Theseus
1618 2559 1626 2579 ;
1637 2545 1715 2579 Plu-

1043 2599 1180 2634 tarchus
1194 2625 1203 2642 ,
1223 2599 1325 2633 Thes.
1344 2612 1374 2646 9.
1391 2598 1553 2632 Tertium
1571 2597 1636 2631 hoc
1651 2595 1715 2630 fuit

1045 2650 1170 2684 Thesei
1182 2663 1272 2694 opus.
1416 2670 1418 2673 ν

1083 2702 1158 2745 435.
1185 2703 1298 2735 Tellus
1314 2703 1508 2745 Epidauria.
1520 2698 1714 2743 Epidaurus
