1832 3100
304 229 362 285 48
687 233 737 277 Ρ.
779 234 1015 283 OVIDII
1043 239 1345 288 NASONIS

302 320 481 385 Frigida
503 324 766 389 pugnabant
792 327 969 389 calidis,
996 330 1222 382 humentia
1244 334 1371 383 siccis
1389 347 1406 394 ,’

303 398 460 447 Mollia
485 418 584 448 cum
608 401 750 462 duris,
777 404 872 454 sine
890 407 1089 473 pondere
1113 409 1320 460 habentia
1344 412 1535 478 pondus.
1685 440 1728 464 20

368 478 494 526 Hanc
519 479 641 527 Deus
665 492 707 528 et
727 481 884 530 melior
907 483 1030 533 litem
1053 486 1222 535 Natura
1246 487 1421 537 diremit
1441 507 1451 534 :

300 554 413 602 Nam
437 553 542 603 caelo
569 567 707 604 terras
734 569 778 606 et
803 559 930 607 terris
954 561 1145 610 abscidit
1166 563 1308 612 undas
1323 602 1336 622 ‚

300 632 360 680 Et
381 631 599 699 liquidum
624 634 769 700 spisso
796 637 979 685 secrevit
1002 639 1058 687 ab
1083 659 1180 689 aere
1204 641 1368 693 caelum.

299 709 411 772 Quae
433 721 672 775 postquam
696 710 881 770 evolvit,
907 732 1109 781 caecoque
1135 717 1294 765 exemit
1315 737 1492 778 acerve,

297 784 547 834 Dissociata
562 786 672 836 locis
695 790 906 837 concordi
927 810 1034 857 pace
1059 791 1223 856 ligavit.
1679 814 1724 848 :25

296 928 376 951 cero
387 923 465 962 post
479 916 635 952 reditum
646 944 656 962 ,
674 918 716 953 ad
734 919 924 955 Senatum:
937 923 984 956 Id
1052 921 1234 957 claudian.
1251 923 1284 957 d.
1303 923 1323 958 l.
1341 923 1562 970 veterem‘qua
1574 929 1646 972 Iege
1659 932 1723 963 tu-

294 971 380 1003 mihi
387 974 509 1004 manet.
519 969 634 1005 Graeci
647 971 777 1016 pariter
788 979 980 1024 utrumque

295 1034 415 1056 casum
443 1021 649 1058 admittunt.
669 1025 736 1059 Ed.
755 1042 799 1050 -—
818 1026 975 1070 Corpore,

294 1074 387 1108 mole
400 1100 410 1118 ‚
433 1087 579 1109 acervo:
600 1079 817 1120 pugnabant,
847 1090 977 1113 move—

295 1125 426 1160 bantur
444 1125 612 1160 intestino
629 1126 783 1171 quodam
797 1136 898 1164 motu
908 1129 978 1164 ele-

298 1183 421 1212 menta
448 1190 456 1212 ε
477 1181 680 1222 pugnabant
698 1182 836 1220 calidis,
868 1193 976 1226 graeca

292 1231 443 1276 syntaxis
453 1257 463 1275 ,
488 1233 657 1276 μάχεσθαι
677 1238 738 1268 τινί
746 1247 755 1275 ;
784 1233 851 1268 nisi
877 1233 976 1269 malis

295 1283 579 1328 praepositionem
595 1297 686 1325 curn,
704 1297 781 1330 quae
795 1285 953 1330 sequitur
963 1312 973 1330 ,

293 1335 335 1370 ad
354 1335 429 1371 haec
444 1349 584 1381 quoque
605 1338 738 1372 referre
757 1351 765 1372 :
787 1341 861 1373 sine
876 1352 974 1383 pon-

293 1388 369 1421 dere
377 1387 480 1431 paulo
493 1387 626 1432 durius,
638 1388 691 1432 iis,
702 1401 780 1433 quae
790 1396 890 1424 erant
897 1389 973 1424 sine

291 1438 463 1483 pondere,
474 1446 536 1479 τοῖς
547 1442 615 1475 ἄνευ
625 1441 746 1490 βάρους,
757 1440 885 1476 seilicet
896 1446 972 1477 οὖσι.

336 1504 388 1525 21.
418 1493 521 1526 Hanc
543 1493 641 1526 Deus
667 1499 730 1527 etc.
764 1493 845 1527 Hoc
869 1492 972 1528 chaos

292 1542 392 1578 Deus
409 1543 456 1578 ita
475 1544 654 1589 tractavit,
671 1552 711 1579 ut
726 1545 882 1590 primum
898 1546 972 1581 ele-

292 1602 414 1629 menta
433 1603 609 1641 separaret
621 1623 630 1640 ,
664 1604 699 1631 et
719 1597 845 1642 cuique
865 1611 969 1633 suum

290 1646 408 1682 locum
431 1649 630 1694 assignaret.
656 1649 709 1684 Ut
732 1650 878 1694 quodvis
895 1656 970 1685 erat

289 1698 398 1734 levius
406 1725 414 1742 ‚
422 1699 470 1734 ita
478 1700 640 1735 altiorem
646 1700 762 1736 locum
770 1703 968 1747 occupabat.

293 1750 384 1786 Cios.
403 1752 494 1787 Fast.
512 1753 551 1797 I,
578 1754 661 1797 105,
682 1754 738 1798 V,
766 1769 814 1789 11.
841 1754 968 1790 Claud.

291 1803 335 1838 R.
354 1803 393 1838 P.
411 1805 485 1851 249.
508 1823 553 1830 —
571 1806 696 1839 stlelior
713 1808 852 1841 Natura.
875 1807 968 1851 Quae

288 1855 332 1890 sit
349 1868 389 1889 ex
403 1862 524 1891 mente
547 1863 659 1902 poetae
670 1883 680 1901 ,
698 1865 757 1892 aut
774 1871 843 1903 quo
859 1859 967 1893 modo

287 1908 427 1944 disserat
436 1922 455 1943 a
464 1911 549 1951 Deo,
565 1910 692 1945 frustra
700 1911 844 1956 quaeritu
849 1925 876 1946 r.
889 1911 966 1957 Ipse

287 1967 391 2005 poeta
403 1960 508 2006 infra,
518 1974 605 1996 vers.
620 1962 674 2003 31,
691 1962 820 1997 satetur
833 1976 868 1996 se
884 1975 967 1997 nes-

287 2011 369 2046 cire.
386 2012 524 2048 Sufficit
535 2013 606 2048 vim
619 2014 797 2059 quandam
810 2014 966 2049 divinam

284 2064 491 2110 intelligere.
515 2066 653 2111 Nempe
677 2066 872 2112 philosophi
892 2066 964 2102 dis-

285 2116 454 2161 putabant
465 2116 508 2151 de
520 2124 646 2152 natura
655 2119 819 2154 creatoris
830 2144 839 2162 ,
853 2131 964 2163 quum

285 2168 327 2215 ab
339 2167 410 2203 aliis
419 2176 604 2203 vocaretur
615 2168 713 2204 Deus
725 2196 734 2212 ,
753 2169 795 2204 ab
807 2170 879 2205 aliis
893 2171 965 2205 ani-

284 2232 363 2254 mus
373 2233 437 2265 per
449 2221 568 2255 omnia
584 2221 678 2255 susus
691 2247 700 2264 ,
718 2221 760 2255 ab
774 2221 845 2256 aliis
861 2235 962 2258 mens

283 2278 343 2305 aut
352 2279 477 2306 natura
485 2272 619 2307 ratione
631 2271 775 2318 praedita
784 2285 791 2307 z
800 2272 868 2307 vid.
879 2273 962 2308 Lac-

283 2330 369 2357 tant.
387 2323 471 2358 Inst.
489 2323 556 2358 div.
574 2324 591 2359 I
605 2350 614 2368 ,
637 2335 661 2358 v
673 2350 682 2367 ,
713 2324 752 2358 ι6
767 2337 839 2369 sqq.
854 2339 862 2366 ;
887 2323 962 2360 Cic.

284 2375 367 2409 Sen.
389 2389 426 2410 12
444 2389 453 2410 ;
473 2378 580 2419 Quum
593 2378 798 2411 hominisive
809 2378 958 2418 Natura,

282 2430 352 2460 sive
368 2431 441 2471 quis
457 2429 553 2462 Deus
566 2429 656 2462 m‘hil
667 2433 775 2462 mente
786 2431 963 2472 pra-stabi-

279 2481 346 2512 lt'us
362 2481 516 2514 dedzlrset.
531 2479 705 2526 Koeppen.
720 2494 783 2526 per
793 2482 960 2517 Naturam

281 2542 300 2563 e
318 2529 449 2574 placitis
466 2531 680 2577 Anaxagorae
696 2533 785 2567 vires
802 2532 961 2568 elemen—

279 2587 400 2615 torum
424 2581 532 2616 intell.
557 2583 629 2618 Sed
645 2597 733 2619 vers.
749 2584 793 2619 ad
807 2598 895 2620 vers.
911 2587 931 2619 5
946 2611 956 2629 ,

275 2634 367 2667 litem
377 2660 387 2675 ,
417 2646 571 2679 pugnam
583 2661 593 2679 ,
621 2636 933 2671 fermentationem
948 2648 957 2670 :

277 2689 370 2723 νεῖκος
394 2686 473 2720 ὅλοὲν
483 2711 492 2729 ,
521 2686 685 2731 Apollon.
712 2688 796 2734 Arg.
813 2699 827 2722 1
839 2714 849 2733 ,
881 2690 956 2736 498.

1045 976 1184 1008 multum
1200 976 1374 1010 Discrevit
1386 978 1519 1012 Natura
1521 991 1658 1022 parens.
1723 1010 1725 1012 .

1088 1039 1140 1058 22.
1157 1025 1334 1067 Abscidit,
1354 1027 1516 1071 sejunxit.
1539 1029 1664 1065 Horat.
1681 1031 1721 1075 Ι,

1043 1077 1116 1113 Od.
1132 1089 1179 1112 111
1191 1105 1200 1120 ‚
1221 1093 1273 1114 21.
1298 1081 1394 1114 Deus
1415 1084 1564 1116 abscidit
1586 1084 1722 1118 Oceano

1045 1135 1170 1172 terras,
1195 1131 1255 1166 ubi
1270 1132 1337 1166 vid.
1354 1132 1504 1169 Bentlei.
1523 1133 1578 1169 Cs.
1598 1135 1722 1181 Virgil.

1043 1182 1117 1216 Ecl.
1136 1194 1176 1217 vt
1189 1209 1198 1226 ,
1217 1183 1259 1217 35
1275 1197 1349 1229 sqq.
1363 1196 1372 1217 ε
1391 1187 1520 1220 Caelurn
1535 1193 1587 1221 est
1601 1186 1721 1223 aether.

1042 1235 1169 1270 Pacuv.
1186 1235 1222 1270 in
1247 1235 1373 1284 Chrys.
1388 1239 1507 1272 Nostri
1519 1241 1634 1274 calum
1651 1252 1724 1274 me—

1039 1294 1174 1323 morant
1183 1316 1191 1329 ,
1211 1291 1501 1334 Graiiperhibent
1514 1293 1637 1326 ethera
1651 1302 1661 1323 ι’
1677 1293 1720 1327 cs.

1041 1340 1116 1375 Cic.
1126 1342 1170 1377 N.
1181 1342 1225 1376 D.
1237 1342 1287 1386 11,
1299 1341 1425 1387 42.Sed
1433 1349 1468 1378 et
1477 1343 1569 1389 apud
1580 1343 1720 1380 Graecos

1039 1397 1138 1443 αἰθὴρ
1150 1400 1185 1427 et
1204 1397 1323 1443 οὖροενός
1338 1402 1552 1440 usurpantur
1569 1396 1720 1442 promis-

1038 1458 1103 1479 cue
1118 1458 1126 1479 ι
1142 1445 1212 1480 vid.
1228 1446 1414 1481 Valkenar.
1431 1446 1581 1482 Diatrib.
1596 1448 1635 1483 in
1649 1449 1720 1483 Eu-

1037 1496 1115 1542 rip.,
1127 1509 1199 1542 cap.
1211 1497 1274 1531 VI.
1288 1498 1401 1532 Vocat
1410 1500 1580 1543 liquidum,
1591 1499 1719 1545 quippe

1038 1554 1164 1582 natura
1183 1548 1343 1583 tenuiore
1363 1555 1401 1583 et
1424 1561 1554 1595 purum
1578 1550 1620 1585 ab
1642 1550 1717 1585 hu-

1036 1600 1193 1634 moribus
1202 1626 1211 1643 ,
1223 1607 1301 1644 aut,
1320 1607 1360 1635 ut
1371 1600 1443 1646 ipse
1452 1627 1461 1643 ‚
1476 1614 1565 1637 vers.
1576 1602 1620 1636 68
1629 1629 1638 1643 ,
1650 1615 1720 1636 ex-

1036 1650 1158 1696 plicat,
1186 1651 1274 1686 nihil
1292 1658 1442 1687 terrenae
1465 1653 1556 1691 sacis
1574 1652 1718 1688 habens.

1035 1702 1197 1748 Opponit
1222 1708 1367 1748 spis-sum
1390 1717 1502 1740 aerem
1517 1732 1528 1746 r
1558 1705 1717 1751 graviore

1035 1755 1193 1800 pondere
1216 1763 1252 1791 et
1272 1756 1448 1801 repletum
1471 1758 1658 1803 vaporibus
1679 1765 1716 1793 et

1034 1807 1173 1841 nebula.
1193 1807 1266 1842 Cic.
1292 1807 1313 1842 l.
1331 1808 1388 1843 cit.
1403 1813 1590 1844 concretum
1605 1812 1715 1844 aerem

1034 1858 1128 1894 dixit.
1150 1859 1205 1894 Cs.
1218 1873 1300 1895 cum
1314 1861 1413 1896 omni
1427 1861 1495 1896 hoc
1509 1862 1605 1906 loco,
1623 1862 1714 1907 XV,

1039 1910 1104 1957 239
1116 1937 1126 1956 ,
1144 1924 1219 1956 sqq·

1078 1964 1130 2006 24.
1165 1965 1279 2004 Caeco,
1314 1965 1351 1998 in
1376 1978 1446 2010 quo
1472 1965 1577 2001 nuuae
1598 1973 1712 2011 partes

1032 2014 1262 2050 animadverti
1276 2041 1286 2059 ,
1304 2015 1523 2062 discernique
1535 2023 1711 2062 poterant.

1030 2085 1075 2092 —
1097 2068 1296 2102 Dasociata
1315 2070 1443 2112 Ιιξςανίὶ.
1472 2069 1556 2103 Tria
1580 2069 1711 2104 insunt.

1030 2117 1129 2153 Deus
1159 2120 1359 2154 dissociavit
1389 2120 1565 2155 elementa
1594 2123 1680 2155 locis
1694 2148 1704 2161 ,

1030 2167 1164 2204 diversa
1178 2170 1217 2204 iis
1228 2170 1302 2206 loca
1313 2171 1434 2206 tribuit
1443 2198 1453 2216 ‚
1471 2179 1574 2207 terrae
1582 2171 1708 2213 imum,

1030 2221 1180 2256 alterum
1195 2223 1303 2263 mari,
1325 2230 1412 2266 etc-3
1428 2223 1490 2259 sed
1503 2226 1626 2268 ligavit
1638 2226 1709 2259 dis-

1027 2276 1179 2315 sociata,
1206 2274 1254 2308 ita
1279 2274 1493 2318 dissociavit,
1521 2282 1560 2309 ut
1588 2281 1707 2309 tamen

1027 2336 1137 2359 nexus
1164 2338 1290 2361 eorum
1314 2333 1413 2360 esset.
1445 2325 1573 2360 AEther
1597 2326 1704 2360 attin-

1028 2377 1078 2421 git
1093 2389 1211 2411 aerem
1221 2403 1231 2421 ‚
1245 2390 1304 2411 aer
1320 2377 1459 2423 attingit
1475 2384 1624 2422 terram,
1642 2385 1707 2413 etc.

1026 2429 1141 2464 Tibul.
1167 2429 1221 2464 IV
1240 2455 1249 2472 ,
1276 2441 1289 2464 1
1301 2456 1311 2473 ,
1340 2443 1382 2464 20
1403 2443 1412 2465 z
1431 2430 1517 2465 Aeri
1531 2436 1708 2466 contextus

1024 2483 1133 2515 «ether.
1159 2481 1255 2516 Hinc
1270 2494 1407 2516 concors
1415 2495 1490 2526 pax
1505 2509 1513 2524 ,
1539 2495 1608 2528 qua
1630 2495 1706 2518 non

1025 2533 1171 2578 amplius
1188 2533 1359 2578 permixta
1374 2534 1468 2568 inter
1483 2547 1519 2568 se
1535 2541 1704 2580 pugnant.

1023 2585 1240 2625 Dllrsociare,
1260 2592 1300 2619 ut
1317 2584 1410 2630 apud
1427 2585 1553 2620 Horat.
1574 2585 1610 2628 Ι,
1631 2583 1704 2619 Od.

1023 2646 1069 2669 111
1082 2661 1091 2679 ,
1111 2648 1172 2670 22:
1190 2637 1344 2670 Oceanus
1360 2638 1605 2676 dissociabilis,
1624 2634 1702 2669 dis·-

1022 2688 1166 2722 socians.
1181 2706 1226 2713 -
1239 2690 1343 2723 Pace.
1360 2688 1393 2722 A
1413 2686 1535 2722 Claud.
1550 2697 1615 2730 111,
1633 2686 1676 2722 65
1689 2712 1700 2730 ,

275 2736 383 2771 ,litem
400 2736 484 2771 dixit
498 2738 699 2774 variationis
720 2752 832 2776 causa.
848 2740 955 2777 Grav.
1008 2743 1102 2786 fides
1131 2748 1166 2777 et
1179 2740 1296 2785 faedus
1321 2741 1503 2777 elementis
1526 2739 1699 2775 tribuitur.
