1832 3100
375 209 1064 257 METAMORPHOSEON
1103 213 1235 256 LIB.
1272 213 1344 256 II.
1491 214 1571 258 185

150 307 359 372 Dumque
380 304 496 361 feras
518 305 744 372 sequitur,
770 305 876 355 dum
900 305 1038 355 saltus
1062 304 1186 368 eligit
1209 318 1363 372 aptos,

150 382 472 450 Nexilibusque
494 382 638 450 plagis
662 383 793 432 silvas
815 383 1156 451 Erymanthidas
1179 383 1347 442 ambit3

150 459 314 510 Incidit
336 460 384 509 in
405 473 612 519 matrem;
639 480 736 528 quae
759 461 924 510 restitit
942 460 1115 510 Arcade
1139 461 1235 510 viso
1250 499 1262 521 ‚

1509 474 1576 508 500

151 540 214 587 Et
236 537 525 601 cognoscenti
549 538 706 587 similis
725 538 812 588 fuit
834 560 844 587 :
865 538 940 588 ille
962 540 1154 603 refugit3

151 618 456 683 Immotosque
478 615 635 665 oculos
655 616 703 664 in
727 635 773 666 se
798 616 891 666 sine
913 616 999 666 fine
1023 628 1246 666 tenentem

152 693 340 743 Nescius
361 692 590 752 extimuit3
615 694 892 761 propiusque
915 694 1118 743 accedere
1141 694 1287 744 aventi

152 772 196 819 V
195 770 375 820 ulnifico
397 771 540 826 fuerat
558 770 726 819 fixurus
747 784 926 838 pectora
945 772 1048 822 telo·

153 848 312 898 Arcuit
335 849 640 916 omnipotens,
665 849 918 918 pariterque
938 852 1152 919 ipsosque
1175 849 1386 917 nefasque

1517 860 1582 896 505

156 925 348 976 Sustulit
365 946 377 985 ;
401 939 447 976 et
466 926 596 976 celeri
617 939 770 995 raptos
790 948 872 996 per
894 929 1043 979 inania
1064 941 1196 978 vento

154 1005 379 1073 Imposuit
398 1004 504 1055 caelo
521 1043 533 1064 ‚
559 1006 791 1073 vicinaque
815 1006 958 1056 sidera
976 1007 1094 1057 fecit.

219 1083 442 1132 Intumuit
463 1085 608 1142 Juno,
634 1095 873 1150 postquam
896 1085 1012 1134 inter
1034 1084 1176 1133 sidera
1196 1082 1342 1150 pellex

155 1159 328 1220 Fulsit;
353 1172 398 1210 et
420 1160 476 1210 ad
494 1180 648 1210 canam
671 1161 901 1211 descendit
922 1163 970 1210 in
993 1181 1170 1229 aequora
1189 1161 1391 1226 Tethyn,

149 1307 268 1352 fi'reus
276 1310 450 1345 natalibus
459 1322 569 1344 annos
579 1337 588 1351 ,
608 1308 703 1355 quod
715 1308 840 1345 Heiu-

158 1361 229 1397 sius
243 1361 378 1408 rejicit,
403 1369 533 1398 utnon
555 1362 715 1397 latinum.
738 1363 841 1397 Bur-

159 1426 313 1450 mannus
338 1421 462 1450 mouet
479 1427 592 1459 gerere
611 1427 722 1450 annos
745 1421 841 1449 recte

159 1465 227 1501 dici
239 1492 250 1511 ,
272 1475 358 1513 ergo
375 1473 412 1502 et
422 1467 527 1511 fivre.
547 1486 592 1493 —
620 1467 740 1502 Lectio
756 1467 841 1501 vul-

159 1524 238 1564 gata
249 1544 260 1562 ,
277 1530 355 1565 quae
365 1525 419 1554 est
439 1516 614 1554 Codicum
636 1526 842 1554 nostrorum

163 1572 293 1607 servari
306 1585 404 1618 posse
418 1571 506 1607 mihi
518 1571 668 1607 videtur.
685 1573 753 1607 Ed.

201 1625 278 1673 499.
302 1625 571 1672 Erymanthidas
588 1652 597 1666 ‚
645 1623 842 1660 Arcadieas.

159 1674 401 1724 Erymanthus
417 1676 545 1723 quippe
564 1675 723 1711 Arcadiae
739 1689 842 1712 mons

157 1734 210 1764 est
222 1755 232 1773 ,
257 1727 402 1764 celebris
426 1741 511 1775 apro
537 1741 645 1774 quem
668 1728 841 1764 Hercules

157 1778 269 1815 cedit.
280 1779 346 1814 Ed.
353 1780 520 1814 —Ambe‘t
526 1780 726 1825 exquisitius
735 1792 843 1825 quam

157 1833 347 1867 circumdat
351 1843 365 1875 ‚·
381 1831 431 1867 sic
438 1831 513 1877 VI,
530 1845 589 1867 101
604 1858 614 1877 ‚
630 1835 770 1867 circuire
778 1844 843 1878 pro

158 1885 414 1918 circumducere.

192 1930 281 1969 ‘503.
297 1935 453 1970 Nescius.
469 1934 562 1970 Vide
577 1942 701 1971 notam
712 1934 755 1969 ad
768 1936 843 1983 496.

159 2005 204 2013 -
227 1988 407 2022 Extimuit.
434 1986 644 2023 Gebhardus
661 2001 680 2023 e
707 1987 844 2022 duobus

160 2039 272 2075 MSS.
282 2040 428 2086 protulit
441 2043 601 2083 intimuit,
615 2042 714 2086 cujus
724 2048 845 2076 tamen

162 2091 260 2126 verbi
291 2093 477 2128 auctoritas
505 2093 610 2128 dubia
633 2094 844 2129 Burmanno

163 2151 258 2180 recte
274 2144 425 2180 videtur.
448 2162 493 2172 -·
509 2147 607 2182 Bene
630 2151 787 2183 extimuit
804 2161 846 2183 ex

163 2198 291 2234 nostris
303 2197 493 2235 codicibus
509 2200 637 2246 Regiis.
653 2220 697 2228 —-
710 2202 845 2237 Auenti.

162 2251 288 2293 Auem,
306 2251 454 2286 verbum
472 2252 636 2287 Lucretio
652 2254 819 2290 familiare
834 2281 844 2299 ,

162 2310 309 2339 notante
328 2303 477 2339 Heinsio
489 2330 498 2347 ,
516 2305 743 2342 Burmannus
758 2320 847 2342 eon-

161 2356 254 2391 serre
275 2355 375 2401 jubet
396 2352 547 2391 Bentlei.
576 2356 633 2391 Ad
658 2358 783 2394 Horat.
803 2359 820 2394 I
834 2385 844 2403 ,

163 2407 275 2454 Epist.
291 2418 356 2442 x1v
368 2433 378 2451 ,
396 2420 428 2456 9.
447 2426 491 2433 —
511 2409 593 2444 Telo
612 2409 702 2444 bene
725 2410 847 2445 Codex

163 2459 253 2506 Reg.
266 2459 299 2494 A
309 2473 318 2502 ;
329 2455 420 2494 Cod.
432 2461 462 2495 B
473 2487 482 2504 ‚
491 2461 606 2505 fi’rro‚·
620 2475 640 2497 e
652 2462 771 2508 glossa.
781 2465 846 2499 Ed.

207 2513 285 2548 506.
308 2514 459 2548 Sustult‘t.
485 2515 528 2548 In
551 2514 677 2562 dilogia
693 2516 846 2561 positum

163 2570 226 2600 est.
249 2564 380 2610 Rapuit
394 2577 413 2599 e
429 2564 533 2600 terris
547 2569 640 2611 ipsos
650 2594 659 2608 ‚
679 2575 714 2602 et
730 2568 847 2614 prohi-

162 2614 241 2650 buit
250 2615 360 2661 παίω,
375 2614 506 2651 caedem
516 2619 645 2654 matris.
654 2638 699 2645 —
709 2621 844 2661 luania,

165 2679 227 2703 aer
236 2674 272 2703 et
282 2668 449 2704 aether.—
457 2671 579 2705 Vicina
586 2673 708 2712 sidera,
722 2671 847 2707 Arctos

164 2719 281 2765 major
291 2726 326 2756 et
337 2720 574 2767 Arctophylax
583 2747 593 2766 ,
610 2720 652 2758 de
666 2722 791 2768 quihus
803 2723 846 2757 ad

905 1323 992 1346 vers.
1011 1311 1071 1346 132
1084 1318 1120 1346 et
1135 1311 1196 1357 175
1208 1337 1218 1355 ,
1231 1309 1392 1344 vidimus.
1402 1308 1455 1344 Ita
1467 1313 1586 1342 autem

905 1369 941 1398 et
953 1363 1102 1410 Amphis
1114 1362 1205 1409 apud
1221 1362 1353 1409 Hygin.
1366 1367 1402 1396 et
1409 1359 1586 1395 Eratosth.

905 1429 979 1462 cap.
990 1427 1073 1450 V111.
1089 1414 1222 1450 Caeteri
1232 1413 1275 1448 de
1288 1413 1360 1448 filio
1370 1412 1464 1448 inter
1473 1411 1588 1447 sidera

907 1468 1018 1503 relato
1034 1467 1148 1503 silent.

951 1520 1028 1555 508.
1044 1521 1306 1555 IntumuitJuno
1317 1524 1382 1554 etc.
1400 1516 1509 1563 Quod
1524 1516 1588 1552 sub

906 1572 1017 1607 finem
1045 1572 1151 1617 hujus
1174 1572 1242 1607 loci
1261 1578 1446 1615 narratur,
1474 1569 1590 1605 sidera

905 1625 962 1660 illa
978 1625 1015 1659 in
1032 1638 1173 1672 aequore
1191 1624 1306 1671 tingui
1321 1623 1428 1659 vetita
1440 1635 1512 1657 esse
1524 1648 1534 1665 ,
1551 1621 1588 1656 id

907 1677 1036 1713 Noster
1056 1678 1098 1712 ab
1125 1677 1276 1723 antiquis
1297 1675 1467 1712 traditum
1492 1687 1590 1709 acce-

906 1737 1016 1776 perat.
1033 1730 1233 1766 Lactantius
1250 1731 1287 1765 in
1303 1729 1387 1776 Arg.
1407 1729 1464 1764 :A
1486 1728 1594 1772 Telhy

906 1787 942 1818 e!
959 1784 1095 1818 Oceano
1110 1796 1177 1817 non
1193 1785 1349 1827 lingitur,
1370 1785 1410 1815 ul
1421 1781 1592 1814 Hesiodus

906 1838 1046 1871 indicat.
1073 1835 1243 1871 Similiter
1270 1834 1403 1882 Hygin.
1428 1833 1468 1867 P.
1489 1831 1533 1866 A.
1557 1838 1594 1865 et

907 1889 946 1923 in
967 1888 1124 1925 versibus
1145 1886 1292 1922 Creticis
1310 1885 1401 1931 apud
1423 1882 1593 1919 eumdem

908 1941 976 1976 sab.
997 1955 1069 1987 ¹77·
1091 1939 1287 1985 Quomodo
1305 1945 1424 1973 autem
1442 1936 1592 1972 Ovidius

909 1993 977 2028 hoc
991 1992 1178 2028 tractavit?
1202 1993 1339 2037 Nempe
1355 1991 1424 2026 iter
1438 1989 1462 2024 J
1465 1987 1594 2023 unonis

910 2046 1011 2081 finxit
1022 2052 1058 2080 et
1068 2045 1266 2081 orationem
1280 2042 1537 2079 acerbissimam
1549 2041 1593 2075 ad

911 2097 1007 2133 Deos
1028 2097 1204 2139 marinos3
1226 2097 1264 2132 in
1289 2109 1360 2142 quo
1377 2102 1458 2131 ante
1476 2094 1593 2130 oculos

911 2151 1035 2198 Virgil.
1048 2150 1190 2185 AEneid.
1203 2150 1219 2186 Ι
1232 2177 1241 2194 ,
1255 2151 1367 2195 36-75
1379 2149 1500 2184 habuit
1509 2175 1518 2193 ,
1534 2148 1595 2182 ubi

911 2204 1010 2239 Juno
1024 2203 1172 2237 AEolum
1190 2202 1263 2237 adit
1278 2201 1391 2237 auxilii
1406 2201 1596 2247 imploran-

912 2256 947 2291 di
963 2269 1086 2300 causa,
1104 2263 1139 2291 et
1156 2255 1299 2290 AEneid.
1319 2254 1395 2289 VII
1408 2280 1417 2298 ,
1439 2267 1502 2301 29²
1520 2266 1595 2298 sqq.

910 2309 971 2345 ubi
982 2309 1026 2343 ad
1040 2309 1243 2344 Acheronta
1255 2306 1445 2343 descendit.
1464 2307 1505 2340 In
1521 2318 1596 2339 om-

909 2361 1014 2396 nibus
1025 2360 1079 2396 his
1096 2361 1178 2395 locis
1195 2360 1323 2395 similes
1340 2358 1492 2404 querelae
1504 2384 1513 2400 ‚
1537 2357 1595 2391 ni-

911 2412 961 2448 hil
970 2427 1007 2448 se
1017 2413 1156 2448 efficere
1170 2425 1268 2458 posse
1279 2439 1287 2450 ‚
1302 2411 1363 2446 sed
1375 2409 1418 2444 ad
1428 2409 1595 2444 auxilium

911 2465 1060 2500 aliorum
1079 2463 1367 2510 confugiendum.

958 2521 1034 2566 509.
1064 2519 1203 2552 Canum.
1230 2517 1372 2561 Spumis
1384 2542 1393 2560 ‚
1422 2527 1490 2550 nec
1519 2527 1594 2550 non

913 2576 1013 2604 aetate
1036 2596 1045 2614 ,
1085 2577 1125 2604 ut
1149 2581 1227 2615 quae
1253 2568 1415 2608 omnium
1438 2581 1560 2603 rerum
1585 2595 1594 2611 ,

913 2622 1024 2656 immo
1057 2621 1213 2667 ipsorum
1248 2617 1412 2656 Deorum
1449 2629 1563 2656 mater
1583 2636 1592 2663 ;

914 2673 1012 2709 Iliad.
1031 2677 1056 2709 Ξ
1069 2700 1078 2718 ,
1101 2686 1162 2708 201
1182 2686 1190 2708 :
1207 2667 1357 2709 Ὠκεανέν
1384 2690 1414 2709 τε
1435 2679 1518 2709 Θεῶν
1537 2677 1594 2718 γε’-

914 2741 995 2761 υεσιν
1012 2731 1065 2762 καὶ
1081 2727 1201 2775 μητέρα
1218 2729 1330 2767 Τηθύν.
1357 2724 1491 2773 Tethys
1509 2724 1594 2760 Caeli
