<?xml version="1.0" encoding="UTF-8"?>
<!DOCTYPE html PUBLIC "-//W3C//DTD XHTML 1.0 Transitional//EN"
    "http://www.w3.org/TR/xhtml1/DTD/xhtml1-transitional.dtd">
<html xmlns="http://www.w3.org/1999/xhtml" xml:lang="en" lang="en">
 <head>
  <title>
</title>
<meta http-equiv="Content-Type" content="text/html;charset=utf-8" />
  <meta name='ocr-system' content='tesseract 3.04.00' />
  <meta name='ocr-capabilities' content='ocr_page ocr_carea ocr_par ocr_line ocrx_word'/>
</head>
<body>
  <div class='ocr_page' id='page_1' title='image "./quaeextantomniao03oviduoft_0112.png"; bbox 0 0 1832 3100; ppageno 0'>
   <div class='ocr_carea' id='block_1_1' title="bbox 326 216 383 258">
    <p class='ocr_par' dir='ltr' id='par_1_1' title="bbox 326 216 383 258">
     <span class='ocr_line' id='line_1_1' title="bbox 326 216 383 258; baseline -0.018 0"><span class='ocrx_word' id='word_1_1' title='bbox 326 216 383 258; x_wconf 87' lang='lat'><strong>80</strong></span> 
     </span>
    </p>
   </div>
   <div class='ocr_carea' id='block_1_2' title="bbox 705 218 1380 285">
    <p class='ocr_par' dir='ltr' id='par_1_2' title="bbox 705 218 1380 285">
     <span class='ocr_line' id='line_1_2' title="bbox 705 218 1380 285; baseline 0.015 -23"><span class='ocrx_word' id='word_1_2' title='bbox 705 218 756 262; x_wconf 92' lang='lat' dir='ltr'><strong>P.</strong></span> <span class='ocrx_word' id='word_1_3' title='bbox 792 220 1036 267; x_wconf 91' lang='lat' dir='ltr'>OVIDII</span> <span class='ocrx_word' id='word_1_4' title='bbox 1074 222 1380 285; x_wconf 86' lang='lat' dir='ltr'><strong>NASONIS</strong></span> 
     </span>
    </p>
   </div>
   <div class='ocr_carea' id='block_1_3' title="bbox 323 300 1664 462">
    <p class='ocr_par' dir='ltr' id='par_1_3' title="bbox 323 300 1664 462">
     <span class='ocr_line' id='line_1_3' title="bbox 323 300 1664 382; baseline 0.01 -26"><span class='ocrx_word' id='word_1_5' title='bbox 323 306 490 358; x_wconf 84' lang='lat' dir='ltr'><strong>Ardeat</strong></span> <span class='ocrx_word' id='word_1_6' title='bbox 504 346 516 367; x_wconf 89' lang='lat'><em>‚</em></span> <span class='ocrx_word' id='word_1_7' title='bbox 542 321 586 359; x_wconf 87' lang='lat' dir='ltr'><strong>et</strong></span> <span class='ocrx_word' id='word_1_8' title='bbox 606 311 759 360; x_wconf 89' lang='lat' dir='ltr'><strong>mundi</strong></span> <span class='ocrx_word' id='word_1_9' title='bbox 781 313 918 362; x_wconf 90' lang='lat' dir='ltr'><strong>moles</strong></span> <span class='ocrx_word' id='word_1_10' title='bbox 942 300 1128 382; x_wconf 87' lang='lat' dir='ltr'><strong>operosa</strong></span> <span class='ocrx_word' id='word_1_11' title='bbox 1151 317 1333 368; x_wconf 87' lang='lat' dir='ltr'><strong>laboret.</strong></span> <span class='ocrx_word' id='word_1_12' title='bbox 1659 349 1664 369; x_wconf 78' lang='lat' dir='ltr'><strong>t</strong></span> 
     </span>
     <span class='ocr_line' id='line_1_4' title="bbox 324 384 1501 462; baseline 0.01 -29"><span class='ocrx_word' id='word_1_13' title='bbox 324 384 433 460; x_wconf 79' lang='lat' dir='ltr'><strong>Tela</strong></span> <span class='ocrx_word' id='word_1_14' title='bbox 452 401 750 453; x_wconf 88' lang='lat' dir='ltr'><strong>reponuntur,</strong></span> <span class='ocrx_word' id='word_1_15' title='bbox 772 392 976 441; x_wconf 88' lang='lat' dir='ltr'><strong>manibus</strong></span> <span class='ocrx_word' id='word_1_16' title='bbox 995 392 1206 444; x_wconf 84' lang='lat' dir='ltr'><strong>fabricata</strong></span> <span class='ocrx_word' id='word_1_17' title='bbox 1231 395 1501 462; x_wconf 85' lang='lat' dir='ltr'><strong>Cyclopum:</strong></span> 
     </span>
    </p>
   </div>
   <div class='ocr_carea' id='block_1_4' title="bbox 322 464 1467 533">
    <p class='ocr_par' dir='ltr' id='par_1_4' title="bbox 322 464 1467 533">
     <span class='ocr_line' id='line_1_5' title="bbox 322 464 1467 533; baseline 0.009 -22"><span class='ocrx_word' id='word_1_18' title='bbox 322 464 458 513; x_wconf 88' lang='lat' dir='ltr'><strong>Poena</strong></span> <span class='ocrx_word' id='word_1_19' title='bbox 479 465 622 532; x_wconf 88' lang='lat' dir='ltr'><strong>placet</strong></span> <span class='ocrx_word' id='word_1_20' title='bbox 642 467 832 526; x_wconf 86' lang='lat' dir='ltr'><strong>diversa,</strong></span> <span class='ocrx_word' id='word_1_21' title='bbox 859 488 997 531; x_wconf 85' lang='lat' dir='ltr'><strong>genus</strong></span> <span class='ocrx_word' id='word_1_22' title='bbox 1020 471 1203 533; x_wconf 82' lang='lat' dir='ltr'><strong>mortale</strong></span> <span class='ocrx_word' id='word_1_23' title='bbox 1228 473 1311 521; x_wconf 87' lang='lat' dir='ltr'><strong>sub</strong></span> <span class='ocrx_word' id='word_1_24' title='bbox 1336 473 1467 521; x_wconf 90' lang='lat' dir='ltr'><strong>undis</strong></span> 
     </span>
    </p>
   </div>
   <div class='ocr_carea' id='block_1_5' title="bbox 1661 489 1726 524">
    <p class='ocr_par' dir='ltr' id='par_1_5' title="bbox 1661 489 1726 524">
     <span class='ocr_line' id='line_1_6' title="bbox 1661 489 1726 524; baseline 0 -1"><span class='ocrx_word' id='word_1_25' title='bbox 1661 489 1726 524; x_wconf 77' lang='lat'><strong>260</strong></span> 
     </span>
    </p>
   </div>
   <div class='ocr_carea' id='block_1_6' title="bbox 265 540 1543 841">
    <p class='ocr_par' dir='ltr' id='par_1_6' title="bbox 265 540 1447 687">
     <span class='ocr_line' id='line_1_7' title="bbox 265 540 1387 601; baseline 0.009 -13"><span class='ocrx_word' id='word_1_26' title='bbox 265 589 271 599; x_wconf 73' lang='grc'>,</span> <span class='ocrx_word' id='word_1_27' title='bbox 320 540 527 601; x_wconf 87' lang='lat' dir='ltr'><strong>Perdere,</strong></span> <span class='ocrx_word' id='word_1_28' title='bbox 551 553 595 590; x_wconf 84' lang='lat' dir='ltr'><strong>et</strong></span> <span class='ocrx_word' id='word_1_29' title='bbox 614 562 667 591; x_wconf 85' lang='lat' dir='ltr'><strong>ex</strong></span> <span class='ocrx_word' id='word_1_30' title='bbox 691 543 811 591; x_wconf 86' lang='lat' dir='ltr'><strong>omni</strong></span> <span class='ocrx_word' id='word_1_31' title='bbox 833 544 1010 594; x_wconf 84' lang='lat' dir='ltr'><strong>nimbos</strong></span> <span class='ocrx_word' id='word_1_32' title='bbox 1032 547 1250 597; x_wconf 82' lang='lat' dir='ltr'><strong>dimittere</strong></span> <span class='ocrx_word' id='word_1_33' title='bbox 1270 549 1387 597; x_wconf 87' lang='lat' dir='ltr'><strong>caelo.</strong></span> 
     </span>
     <span class='ocr_line' id='line_1_8' title="bbox 318 616 1447 687; baseline 0.007 -20"><span class='ocrx_word' id='word_1_34' title='bbox 318 619 529 667; x_wconf 84' lang='lat' dir='ltr'><strong>Protinus</strong></span> <span class='ocrx_word' id='word_1_35' title='bbox 554 617 712 668; x_wconf 86' lang='lat' dir='ltr'><strong>AEoliis</strong></span> <span class='ocrx_word' id='word_1_36' title='bbox 734 616 1002 687; x_wconf 86' lang='lat' dir='ltr'><strong>Aquilonem</strong></span> <span class='ocrx_word' id='word_1_37' title='bbox 1026 623 1190 673; x_wconf 86' lang='lat' dir='ltr'><strong>claudit</strong></span> <span class='ocrx_word' id='word_1_38' title='bbox 1213 625 1258 673; x_wconf 90' lang='lat' dir='ltr'><strong>in</strong></span> <span class='ocrx_word' id='word_1_39' title='bbox 1283 627 1447 684; x_wconf 84' lang='lat' dir='ltr'><strong>antris,</strong></span> 
     </span>
    </p>

    <p class='ocr_par' dir='ltr' id='par_1_7' title="bbox 316 697 1543 841">
     <span class='ocr_line' id='line_1_9' title="bbox 317 697 1543 762; baseline 0.009 -20"><span class='ocrx_word' id='word_1_40' title='bbox 317 697 377 744; x_wconf 89' lang='lat' dir='ltr'><strong>Et</strong></span> <span class='ocrx_word' id='word_1_41' title='bbox 401 715 683 762; x_wconf 84' lang='lat' dir='ltr'><strong>quaecumque</strong></span> <span class='ocrx_word' id='word_1_42' title='bbox 707 697 861 760; x_wconf 84' lang='lat' dir='ltr'><strong>fugant</strong></span> <span class='ocrx_word' id='word_1_43' title='bbox 884 698 1084 748; x_wconf 84' lang='lat' dir='ltr'><strong>inductas</strong></span> <span class='ocrx_word' id='word_1_44' title='bbox 1106 701 1279 750; x_wconf 87' lang='lat' dir='ltr'><strong>flamina</strong></span> <span class='ocrx_word' id='word_1_45' title='bbox 1304 702 1445 751; x_wconf 90' lang='lat' dir='ltr'><strong>nubes</strong></span> <span class='ocrx_word' id='word_1_46' title='bbox 1467 721 1477 760; x_wconf 91' lang='lat'>;</span> <span class='ocrx_word' id='word_1_47' title='bbox 1533 715 1543 755; x_wconf 72' lang='lat' dir='ltr'>J</span> 
     </span>
     <span class='ocr_line' id='line_1_10' title="bbox 316 774 1463 841; baseline 0.007 -21"><span class='ocrx_word' id='word_1_48' title='bbox 316 774 580 841; x_wconf 85' lang='lat' dir='ltr'><strong>Emittitque</strong></span> <span class='ocrx_word' id='word_1_49' title='bbox 603 776 769 823; x_wconf 88' lang='lat' dir='ltr'><strong>Notum</strong></span> <span class='ocrx_word' id='word_1_50' title='bbox 791 795 801 824; x_wconf 75' lang='grc' dir='ltr'><strong><em>ε</em></strong></span> <span class='ocrx_word' id='word_1_51' title='bbox 823 777 1008 826; x_wconf 85' lang='lat' dir='ltr'><strong>madidis</strong></span> <span class='ocrx_word' id='word_1_52' title='bbox 1031 779 1176 826; x_wconf 87' lang='lat' dir='ltr'><strong>Notus</strong></span> <span class='ocrx_word' id='word_1_53' title='bbox 1198 778 1340 827; x_wconf 86' lang='lat' dir='ltr'><strong>evolat</strong></span> <span class='ocrx_word' id='word_1_54' title='bbox 1361 779 1463 838; x_wconf 86' lang='lat' dir='ltr'><strong>alis,</strong></span> 
     </span>
    </p>
   </div>
   <div class='ocr_carea' id='block_1_7' title="bbox 284 891 987 2752">
    <p class='ocr_par' dir='ltr' id='par_1_8' title="bbox 291 891 987 1919">
     <span class='ocr_line' id='line_1_11' title="bbox 313 891 986 936; baseline 0.004 -10"><span class='ocrx_word' id='word_1_55' title='bbox 313 891 368 934; x_wconf 77' lang='lat'><strong>34;</strong></span> <span class='ocrx_word' id='word_1_56' title='bbox 387 891 542 926; x_wconf 81' lang='lat' dir='ltr'><strong>Lactant.</strong></span> <span class='ocrx_word' id='word_1_57' title='bbox 559 891 601 926; x_wconf 89' lang='lat' dir='ltr'><strong>de</strong></span> <span class='ocrx_word' id='word_1_58' title='bbox 620 892 677 927; x_wconf 91' lang='lat' dir='ltr'><strong>Ira</strong></span> <span class='ocrx_word' id='word_1_59' title='bbox 691 918 700 936; x_wconf 86' lang='lat'><strong>,</strong></span> <span class='ocrx_word' id='word_1_60' title='bbox 716 893 768 927; x_wconf 83' lang='lat'><strong>23.</strong></span> <span class='ocrx_word' id='word_1_61' title='bbox 788 892 986 929; x_wconf 82' lang='lat' dir='ltr'><strong>Commode</strong></span> 
     </span>
     <span class='ocr_line' id='line_1_12' title="bbox 311 942 987 990; baseline 0.007 -14"><span class='ocrx_word' id='word_1_62' title='bbox 311 950 414 990; x_wconf 84' lang='lat' dir='ltr'><strong>poeta</strong></span> <span class='ocrx_word' id='word_1_63' title='bbox 422 942 533 981; x_wconf 88' lang='lat' dir='ltr'><strong>hocin</strong></span> <span class='ocrx_word' id='word_1_64' title='bbox 543 957 641 979; x_wconf 84' lang='lat' dir='ltr'><strong>suam</strong></span> <span class='ocrx_word' id='word_1_65' title='bbox 651 958 728 980; x_wconf 89' lang='lat' dir='ltr'><strong>rem</strong></span> <span class='ocrx_word' id='word_1_66' title='bbox 741 946 899 981; x_wconf 85' lang='lat' dir='ltr'><strong>vertit.—</strong></span> <span class='ocrx_word' id='word_1_67' title='bbox 909 949 987 981; x_wconf 89' lang='lat' dir='ltr'><strong>Cor-</strong></span> 
     </span>
     <span class='ocr_line' id='line_1_13' title="bbox 310 994 986 1038; baseline 0.009 -11"><span class='ocrx_word' id='word_1_68' title='bbox 310 999 403 1038; x_wconf 70' lang='lat' dir='ltr'><strong>repta</strong></span> <span class='ocrx_word' id='word_1_69' title='bbox 413 1021 421 1034; x_wconf 95' lang='lat'><strong>,</strong></span> <span class='ocrx_word' id='word_1_70' title='bbox 433 994 559 1030; x_wconf 87' lang='lat' dir='ltr'><strong>scilicet</strong></span> <span class='ocrx_word' id='word_1_71' title='bbox 569 995 728 1032; x_wconf 86' lang='lat' dir='ltr'><strong>flammis.</strong></span> <span class='ocrx_word' id='word_1_72' title='bbox 739 1017 782 1023; x_wconf 95' lang='lat'><strong>—-</strong></span> <span class='ocrx_word' id='word_1_73' title='bbox 790 998 986 1033; x_wconf 82' lang='lat' dir='ltr'><strong>Mundimo-</strong></span> 
     </span>
     <span class='ocr_line' id='line_1_14' title="bbox 310 1046 984 1094; baseline 0.009 -15"><span class='ocrx_word' id='word_1_74' title='bbox 310 1049 359 1079; x_wconf 81' lang='lat' dir='ltr'><strong>les</strong></span> <span class='ocrx_word' id='word_1_75' title='bbox 381 1059 455 1081; x_wconf 90' lang='lat' dir='ltr'><strong>non</strong></span> <span class='ocrx_word' id='word_1_76' title='bbox 477 1046 520 1081; x_wconf 90' lang='lat' dir='ltr'><strong>de</strong></span> <span class='ocrx_word' id='word_1_77' title='bbox 540 1047 613 1082; x_wconf 89' lang='lat' dir='ltr'><strong>solo</strong></span> <span class='ocrx_word' id='word_1_78' title='bbox 629 1049 712 1083; x_wconf 82' lang='lat' dir='ltr'><strong>caelo</strong></span> <span class='ocrx_word' id='word_1_79' title='bbox 727 1050 880 1094; x_wconf 86' lang='lat' dir='ltr'><strong>ceperim</strong></span> <span class='ocrx_word' id='word_1_80' title='bbox 902 1063 984 1085; x_wconf 88' lang='lat' dir='ltr'><strong>cum</strong></span> 
     </span>
     <span class='ocr_line' id='line_1_15' title="bbox 310 1097 984 1142; baseline 0.009 -11"><span class='ocrx_word' id='word_1_81' title='bbox 310 1097 470 1132; x_wconf 90' lang='lat' dir='ltr'><strong>Gesnero</strong></span> <span class='ocrx_word' id='word_1_82' title='bbox 482 1124 492 1142; x_wconf 90' lang='lat'><strong>,</strong></span> <span class='ocrx_word' id='word_1_83' title='bbox 511 1099 570 1133; x_wconf 79' lang='lat' dir='ltr'><strong>sed</strong></span> <span class='ocrx_word' id='word_1_84' title='bbox 584 1099 627 1134; x_wconf 90' lang='lat' dir='ltr'><strong>de</strong></span> <span class='ocrx_word' id='word_1_85' title='bbox 639 1107 714 1134; x_wconf 90' lang='lat' dir='ltr'><strong>toto</strong></span> <span class='ocrx_word' id='word_1_86' title='bbox 723 1101 895 1136; x_wconf 84' lang='lat' dir='ltr'><strong>universo.</strong></span> <span class='ocrx_word' id='word_1_87' title='bbox 910 1103 984 1136; x_wconf 86' lang='lat' dir='ltr'><strong>An-</strong></span> 
     </span>
     <span class='ocr_line' id='line_1_16' title="bbox 308 1151 984 1196; baseline 0.009 -13"><span class='ocrx_word' id='word_1_88' title='bbox 308 1157 364 1184; x_wconf 87' lang='lat' dir='ltr'><strong>tea</strong></span> <span class='ocrx_word' id='word_1_89' title='bbox 373 1157 486 1196; x_wconf 90' lang='lat' dir='ltr'><strong>partes</strong></span> <span class='ocrx_word' id='word_1_90' title='bbox 493 1151 617 1185; x_wconf 89' lang='lat' dir='ltr'><strong>mundi</strong></span> <span class='ocrx_word' id='word_1_91' title='bbox 625 1152 878 1196; x_wconf 83' lang='lat' dir='ltr'><strong>nominaverat,</strong></span> <span class='ocrx_word' id='word_1_92' title='bbox 887 1167 984 1189; x_wconf 91' lang='lat' dir='ltr'><strong>nunc</strong></span> 
     </span>
     <span class='ocr_line' id='line_1_17' title="bbox 307 1203 983 1252; baseline 0.004 -15"><span class='ocrx_word' id='word_1_93' title='bbox 307 1203 407 1248; x_wconf 88' lang='lat' dir='ltr'><strong>ponit</strong></span> <span class='ocrx_word' id='word_1_94' title='bbox 417 1203 629 1238; x_wconf 81' lang='lat' dir='ltr'><strong>uuiversum.</strong></span> <span class='ocrx_word' id='word_1_95' title='bbox 644 1204 746 1239; x_wconf 89' lang='lat' dir='ltr'><strong>Lucr.</strong></span> <span class='ocrx_word' id='word_1_96' title='bbox 758 1206 787 1238; x_wconf 93' lang='lat' dir='ltr'>V</span> <span class='ocrx_word' id='word_1_97' title='bbox 797 1231 807 1249; x_wconf 95' lang='lat'><strong>,</strong></span> <span class='ocrx_word' id='word_1_98' title='bbox 825 1205 884 1252; x_wconf 80' lang='lat'><strong>95:</strong></span> <span class='ocrx_word' id='word_1_99' title='bbox 896 1209 983 1240; x_wconf 87' lang='lat' dir='ltr'><strong>mul-</strong></span> 
     </span>
     <span class='ocr_line' id='line_1_18' title="bbox 306 1256 981 1300; baseline 0.004 -12"><span class='ocrx_word' id='word_1_100' title='bbox 306 1259 421 1300; x_wconf 78' lang='lat' dir='ltr'><strong>tosque</strong></span> <span class='ocrx_word' id='word_1_101' title='bbox 429 1267 494 1299; x_wconf 83' lang='lat' dir='ltr'><strong>per</strong></span> <span class='ocrx_word' id='word_1_102' title='bbox 503 1268 609 1289; x_wconf 84' lang='lat' dir='ltr'><strong>annos</strong></span> <span class='ocrx_word' id='word_1_103' title='bbox 626 1256 818 1290; x_wconf 78' lang='lat' dir='ltr'><strong>Sustentata</strong></span> <span class='ocrx_word' id='word_1_104' title='bbox 832 1262 906 1290; x_wconf 83' lang='lat' dir='ltr'><strong>ruet</strong></span> <span class='ocrx_word' id='word_1_105' title='bbox 916 1270 981 1291; x_wconf 88' lang='lat' dir='ltr'><strong>mo-</strong></span> 
     </span>
     <span class='ocr_line' id='line_1_19' title="bbox 306 1307 977 1343; baseline 0.004 -3"><span class='ocrx_word' id='word_1_106' title='bbox 306 1310 356 1341; x_wconf 86' lang='lat' dir='ltr'><strong>les</strong></span> <span class='ocrx_word' id='word_1_107' title='bbox 370 1311 405 1340; x_wconf 80' lang='lat' dir='ltr'><strong>et</strong></span> <span class='ocrx_word' id='word_1_108' title='bbox 418 1309 574 1341; x_wconf 81' lang='lat' dir='ltr'><strong>machina</strong></span> <span class='ocrx_word' id='word_1_109' title='bbox 588 1310 711 1341; x_wconf 78' lang='lat' dir='ltr'><strong>mundi.</strong></span> <span class='ocrx_word' id='word_1_110' title='bbox 734 1307 803 1342; x_wconf 90' lang='lat' dir='ltr'><strong>Sed</strong></span> <span class='ocrx_word' id='word_1_111' title='bbox 820 1308 926 1342; x_wconf 87' lang='lat' dir='ltr'><strong>etiam</strong></span> <span class='ocrx_word' id='word_1_112' title='bbox 943 1309 977 1343; x_wconf 93' lang='lat' dir='ltr'><strong>in</strong></span> 
     </span>
     <span class='ocr_line' id='line_1_20' title="bbox 304 1357 980 1405; baseline 0.004 -13"><span class='ocrx_word' id='word_1_113' title='bbox 304 1371 441 1402; x_wconf 78' lang='lat' dir='ltr'><strong>operosa</strong></span> <span class='ocrx_word' id='word_1_114' title='bbox 447 1357 699 1393; x_wconf 81' lang='lat' dir='ltr'><strong>dissentiuntln</strong></span> <span class='ocrx_word' id='word_1_115' title='bbox 705 1366 882 1405; x_wconf 88' lang='lat' dir='ltr'><strong>terpretes.</strong></span> <span class='ocrx_word' id='word_1_116' title='bbox 892 1360 980 1395; x_wconf 87' lang='lat' dir='ltr'><strong>Ges-</strong></span> 
     </span>
     <span class='ocr_line' id='line_1_21' title="bbox 303 1409 978 1457; baseline 0.003 -13"><span class='ocrx_word' id='word_1_117' title='bbox 303 1422 410 1444; x_wconf 82' lang='lat' dir='ltr'><strong>nerus</strong></span> <span class='ocrx_word' id='word_1_118' title='bbox 421 1409 563 1454; x_wconf 81' lang='lat' dir='ltr'><strong>explicat</strong></span> <span class='ocrx_word' id='word_1_119' title='bbox 573 1436 580 1449; x_wconf 91' lang='lat'><strong><em>‚</em></strong></span> <span class='ocrx_word' id='word_1_120' title='bbox 592 1410 714 1444; x_wconf 81' lang='lat' dir='ltr'><strong>caelum</strong></span> <span class='ocrx_word' id='word_1_121' title='bbox 725 1436 734 1453; x_wconf 90' lang='lat'><strong>,</strong></span> <span class='ocrx_word' id='word_1_122' title='bbox 748 1411 842 1455; x_wconf 91' lang='lat' dir='ltr'><strong>quod</strong></span> <span class='ocrx_word' id='word_1_123' title='bbox 854 1411 888 1445; x_wconf 91' lang='lat' dir='ltr'><strong>in</strong></span> <span class='ocrx_word' id='word_1_124' title='bbox 902 1425 978 1457; x_wconf 87' lang='lat' dir='ltr'><strong>per-</strong></span> 
     </span>
     <span class='ocr_line' id='line_1_22' title="bbox 303 1458 975 1508; baseline 0.004 -13"><span class='ocrx_word' id='word_1_125' title='bbox 303 1469 411 1508; x_wconf 89' lang='lat' dir='ltr'><strong>petuo</strong></span> <span class='ocrx_word' id='word_1_126' title='bbox 433 1468 533 1496; x_wconf 90' lang='lat' dir='ltr'><strong>motu</strong></span> <span class='ocrx_word' id='word_1_127' title='bbox 560 1468 620 1496; x_wconf 88' lang='lat' dir='ltr'><strong>est.</strong></span> <span class='ocrx_word' id='word_1_128' title='bbox 648 1458 724 1507; x_wconf 88' lang='lat' dir='ltr'><strong>Ego</strong></span> <span class='ocrx_word' id='word_1_129' title='bbox 750 1475 833 1497; x_wconf 86' lang='lat' dir='ltr'><strong>vero</strong></span> <span class='ocrx_word' id='word_1_130' title='bbox 856 1464 975 1498; x_wconf 88' lang='lat' dir='ltr'><strong>malim</strong></span> 
     </span>
     <span class='ocr_line' id='line_1_23' title="bbox 303 1512 975 1561; baseline 0.001 -13"><span class='ocrx_word' id='word_1_131' title='bbox 303 1527 385 1548; x_wconf 88' lang='lat' dir='ltr'><strong>cum</strong></span> <span class='ocrx_word' id='word_1_132' title='bbox 403 1512 603 1548; x_wconf 79' lang='lat' dir='ltr'><strong>schirachio</strong></span> <span class='ocrx_word' id='word_1_133' title='bbox 616 1539 625 1556; x_wconf 94' lang='lat'><strong>,</strong></span> <span class='ocrx_word' id='word_1_134' title='bbox 652 1513 827 1548; x_wconf 89' lang='lat' dir='ltr'><strong>mundum</strong></span> <span class='ocrx_word' id='word_1_135' title='bbox 846 1527 975 1561; x_wconf 85' lang='lat' dir='ltr'><strong>magno</strong></span> 
     </span>
     <span class='ocr_line' id='line_1_24' title="bbox 302 1564 974 1611; baseline 0.003 -13"><span class='ocrx_word' id='word_1_136' title='bbox 302 1564 448 1599; x_wconf 84' lang='lat' dir='ltr'><strong>artificio</strong></span> <span class='ocrx_word' id='word_1_137' title='bbox 456 1564 659 1598; x_wconf 88' lang='lat' dir='ltr'><strong>fabricatum</strong></span> <span class='ocrx_word' id='word_1_138' title='bbox 669 1565 871 1611; x_wconf 84' lang='lat' dir='ltr'><strong>intelligere.</strong></span> <span class='ocrx_word' id='word_1_139' title='bbox 882 1567 974 1601; x_wconf 88' lang='lat' dir='ltr'><strong>Nam</strong></span> 
     </span>
     <span class='ocr_line' id='line_1_25' title="bbox 300 1616 973 1663; baseline 0.001 -12"><span class='ocrx_word' id='word_1_140' title='bbox 300 1616 348 1651; x_wconf 88' lang='lat' dir='ltr'><strong>sic</strong></span> <span class='ocrx_word' id='word_1_141' title='bbox 363 1616 467 1650; x_wconf 88' lang='lat' dir='ltr'><strong>etiam</strong></span> <span class='ocrx_word' id='word_1_142' title='bbox 494 1616 628 1651; x_wconf 86' lang='lat' dir='ltr'><strong>Seneca</strong></span> <span class='ocrx_word' id='word_1_143' title='bbox 644 1616 830 1661; x_wconf 85' lang='lat' dir='ltr'><strong>intellexit,</strong></span> <span class='ocrx_word' id='word_1_144' title='bbox 855 1618 912 1663; x_wconf 91' lang='lat' dir='ltr'><strong>qui</strong></span> <span class='ocrx_word' id='word_1_145' title='bbox 936 1618 973 1652; x_wconf 90' lang='lat' dir='ltr'><strong>in</strong></span> 
     </span>
     <span class='ocr_line' id='line_1_26' title="bbox 301 1667 974 1714; baseline 0.001 -11"><span class='ocrx_word' id='word_1_146' title='bbox 301 1668 419 1714; x_wconf 84' lang='lat' dir='ltr'><strong>Epigr.</strong></span> <span class='ocrx_word' id='word_1_147' title='bbox 437 1667 546 1702; x_wconf 85' lang='lat' dir='ltr'><strong>Catal.</strong></span> <span class='ocrx_word' id='word_1_148' title='bbox 559 1668 651 1703; x_wconf 84' lang='lat' dir='ltr'><strong>Pith.</strong></span> <span class='ocrx_word' id='word_1_149' title='bbox 663 1682 694 1714; x_wconf 93' lang='lat' dir='ltr'><strong>p.</strong></span> <span class='ocrx_word' id='word_1_150' title='bbox 713 1670 751 1703; x_wconf 81' lang='lat'><strong>31</strong></span> <span class='ocrx_word' id='word_1_151' title='bbox 765 1695 774 1712; x_wconf 93' lang='lat'><strong>,</strong></span> <span class='ocrx_word' id='word_1_152' title='bbox 788 1669 881 1704; x_wconf 92' lang='lat' dir='ltr'><strong>hunc</strong></span> <span class='ocrx_word' id='word_1_153' title='bbox 897 1683 974 1704; x_wconf 91' lang='lat' dir='ltr'><strong>nos-</strong></span> 
     </span>
     <span class='ocr_line' id='line_1_27' title="bbox 300 1720 973 1767; baseline 0.004 -13"><span class='ocrx_word' id='word_1_154' title='bbox 300 1727 396 1755; x_wconf 86' lang='lat' dir='ltr'><strong>trum</strong></span> <span class='ocrx_word' id='word_1_155' title='bbox 407 1720 522 1754; x_wconf 90' lang='lat' dir='ltr'><strong>locum</strong></span> <span class='ocrx_word' id='word_1_156' title='bbox 535 1721 687 1756; x_wconf 84' lang='lat' dir='ltr'><strong>imitatus</strong></span> <span class='ocrx_word' id='word_1_157' title='bbox 705 1729 755 1756; x_wconf 90' lang='lat' dir='ltr'><strong>est</strong></span> <span class='ocrx_word' id='word_1_158' title='bbox 771 1735 779 1756; x_wconf 74' lang='grc' dir='ltr'><strong><em>ι</em></strong></span> <span class='ocrx_word' id='word_1_159' title='bbox 792 1725 893 1757; x_wconf 83' lang='lat' dir='ltr'><strong>moles</strong></span> <span class='ocrx_word' id='word_1_160' title='bbox 898 1726 973 1767; x_wconf 76' lang='lat' dir='ltr'><em>pul-</em></span> 
     </span>
     <span class='ocr_line' id='line_1_28' title="bbox 298 1773 971 1818; baseline 0.004 -13"><span class='ocrx_word' id='word_1_161' title='bbox 298 1773 460 1806; x_wconf 75' lang='lat' dir='ltr'><strong>cherrima</strong></span> <span class='ocrx_word' id='word_1_162' title='bbox 492 1775 570 1806; x_wconf 84' lang='lat' dir='ltr'><em>caeli</em></span> <span class='ocrx_word' id='word_1_163' title='bbox 588 1773 888 1818; x_wconf 63' lang='lat' dir='ltr'><strong>Ardebz&#39;lstammtlr</strong></span> <span class='ocrx_word' id='word_1_164' title='bbox 913 1788 971 1808; x_wconf 84' lang='lat' dir='ltr'><strong>re—</strong></span> 
     </span>
     <span class='ocr_line' id='line_1_29' title="bbox 294 1823 970 1869; baseline 0.004 -12"><span class='ocrx_word' id='word_1_165' title='bbox 294 1828 395 1868; x_wconf 81' lang='lat' dir='ltr'><strong>pente</strong></span> <span class='ocrx_word' id='word_1_166' title='bbox 410 1826 491 1857; x_wconf 80' lang='lat' dir='ltr'><strong>suis.</strong></span> <span class='ocrx_word' id='word_1_167' title='bbox 510 1823 556 1857; x_wconf 89' lang='lat' dir='ltr'><strong>Et</strong></span> <span class='ocrx_word' id='word_1_168' title='bbox 571 1824 660 1858; x_wconf 83' lang='lat' dir='ltr'><strong>infra</strong></span> <span class='ocrx_word' id='word_1_169' title='bbox 676 1825 744 1858; x_wconf 93' lang='lat' dir='ltr'><strong>XV</strong></span> <span class='ocrx_word' id='word_1_170' title='bbox 755 1852 764 1869; x_wconf 90' lang='lat'>‚</span> <span class='ocrx_word' id='word_1_171' title='bbox 781 1826 846 1860; x_wconf 89' lang='grc'><strong>666</strong></span> <span class='ocrx_word' id='word_1_172' title='bbox 859 1852 868 1869; x_wconf 90' lang='grc'><em>,</em></span> <span class='ocrx_word' id='word_1_173' title='bbox 887 1830 970 1860; x_wconf 83' lang='lat' dir='ltr'><strong>tem-</strong></span> 
     </span>
     <span class='ocr_line' id='line_1_30' title="bbox 291 1876 948 1919; baseline 0.003 -10"><span class='ocrx_word' id='word_1_174' title='bbox 291 1877 355 1919; x_wconf 80' lang='lat' dir='ltr'><strong>pla</strong></span> <span class='ocrx_word' id='word_1_175' title='bbox 370 1887 508 1919; x_wconf 78' lang='lat' dir='ltr'><strong>operosa</strong></span> <span class='ocrx_word' id='word_1_176' title='bbox 520 1882 601 1909; x_wconf 90' lang='lat' dir='ltr'><strong>sunt</strong></span> <span class='ocrx_word' id='word_1_177' title='bbox 614 1876 793 1911; x_wconf 81' lang='lat' dir='ltr'><strong>artificiose</strong></span> <span class='ocrx_word' id='word_1_178' title='bbox 809 1884 948 1911; x_wconf 86' lang='lat' dir='ltr'><strong>structa.</strong></span> 
     </span>
    </p>

    <p class='ocr_par' dir='ltr' id='par_1_9' title="bbox 298 1929 966 2027">
     <span class='ocr_line' id='line_1_31' title="bbox 343 1929 966 1974; baseline 0.002 -12"><span class='ocrx_word' id='word_1_179' title='bbox 343 1929 418 1964; x_wconf 77' lang='lat'><strong>258.</strong></span> <span class='ocrx_word' id='word_1_180' title='bbox 435 1930 593 1969; x_wconf 78' lang='lat' dir='ltr'><strong>Laboret,</strong></span> <span class='ocrx_word' id='word_1_181' title='bbox 615 1936 763 1964; x_wconf 86' lang='lat' dir='ltr'><strong>corruat.</strong></span> <span class='ocrx_word' id='word_1_182' title='bbox 780 1929 917 1963; x_wconf 89' lang='lat' dir='ltr'><strong>Lucret.</strong></span> <span class='ocrx_word' id='word_1_183' title='bbox 932 1930 966 1974; x_wconf 85' lang='lat' dir='ltr'><strong>I,</strong></span> 
     </span>
     <span class='ocr_line' id='line_1_32' title="bbox 298 1980 925 2027; baseline -0.002 -12"><span class='ocrx_word' id='word_1_184' title='bbox 298 1980 361 2027; x_wconf 79' lang='grc'><strong>849</strong></span> <span class='ocrx_word' id='word_1_185' title='bbox 375 2006 384 2023; x_wconf 84' lang='lat'><em>‚</em></span> <span class='ocrx_word' id='word_1_186' title='bbox 402 1982 554 2014; x_wconf 79' lang='lat' dir='ltr'><strong>laborare</strong></span> <span class='ocrx_word' id='word_1_187' title='bbox 568 1987 603 2015; x_wconf 92' lang='lat' dir='ltr'><strong>et</strong></span> <span class='ocrx_word' id='word_1_188' title='bbox 613 1984 721 2024; x_wconf 72' lang='lat' dir='ltr'><strong>perire</strong></span> <span class='ocrx_word' id='word_1_189' title='bbox 736 1981 925 2025; x_wconf 83' lang='lat' dir='ltr'><strong>conjunxit.</strong></span> 
     </span>
    </p>

    <p class='ocr_par' dir='ltr' id='par_1_10' title="bbox 296 2032 969 2127">
     <span class='ocr_line' id='line_1_33' title="bbox 343 2032 967 2078; baseline 0.003 -14"><span class='ocrx_word' id='word_1_190' title='bbox 343 2033 415 2078; x_wconf 78' lang='lat'><strong>259.</strong></span> <span class='ocrx_word' id='word_1_191' title='bbox 443 2033 524 2064; x_wconf 82' lang='lat' dir='ltr'><strong>Tela</strong></span> <span class='ocrx_word' id='word_1_192' title='bbox 536 2059 544 2072; x_wconf 88' lang='lat'><em>‚</em></span> <span class='ocrx_word' id='word_1_193' title='bbox 578 2032 724 2067; x_wconf 81' lang='lat' dir='ltr'><strong>fulmina</strong></span> <span class='ocrx_word' id='word_1_194' title='bbox 746 2059 755 2075; x_wconf 92' lang='lat'><strong>,</strong></span> <span class='ocrx_word' id='word_1_195' title='bbox 791 2036 860 2072; x_wconf 72' lang='grc' dir='ltr'><strong><em>Διὲς</em></strong></span> <span class='ocrx_word' id='word_1_196' title='bbox 882 2034 967 2077; x_wconf 77' lang='grc' dir='ltr'>βέλη,</span> 
     </span>
     <span class='ocr_line' id='line_1_34' title="bbox 296 2082 969 2127; baseline 0 -9"><span class='ocrx_word' id='word_1_197' title='bbox 296 2083 393 2118; x_wconf 85' lang='lat' dir='ltr'><strong>Hinc</strong></span> <span class='ocrx_word' id='word_1_198' title='bbox 409 2082 550 2126; x_wconf 81' lang='lat' dir='ltr'><strong>Jupiter</strong></span> <span class='ocrx_word' id='word_1_199' title='bbox 570 2083 715 2117; x_wconf 84' lang='lat' dir='ltr'><strong>fulmina</strong></span> <span class='ocrx_word' id='word_1_200' title='bbox 735 2085 905 2127; x_wconf 72' lang='grc' dir='ltr'><em>ἀκοντίζει,</em></span> <span class='ocrx_word' id='word_1_201' title='bbox 934 2091 969 2118; x_wconf 89' lang='lat' dir='ltr'><strong>et</strong></span> 
     </span>
    </p>

    <p class='ocr_par' dir='ltr' id='par_1_11' title="bbox 284 2136 965 2222">
     <span class='ocr_line' id='line_1_35' title="bbox 284 2136 965 2181; baseline 0.003 -12"><span class='ocrx_word' id='word_1_202' title='bbox 284 2137 471 2181; x_wconf 73' lang='lat' dir='ltr'><strong>jaculatur.</strong></span> <span class='ocrx_word' id='word_1_203' title='bbox 484 2137 637 2170; x_wconf 73' lang='lat' dir='ltr'><strong>Diversa.</strong></span> <span class='ocrx_word' id='word_1_204' title='bbox 651 2136 772 2171; x_wconf 86' lang='lat' dir='ltr'><strong>Senec.</strong></span> <span class='ocrx_word' id='word_1_205' title='bbox 785 2137 827 2171; x_wconf 88' lang='lat' dir='ltr'><strong>N.</strong></span> <span class='ocrx_word' id='word_1_206' title='bbox 838 2137 886 2181; x_wconf 91' lang='lat' dir='ltr'><strong>Q.</strong></span> <span class='ocrx_word' id='word_1_207' title='bbox 898 2137 965 2180; x_wconf 84' lang='grc' dir='ltr'><strong>ΙΙΙ,</strong></span> 
     </span>
     <span class='ocr_line' id='line_1_36' title="bbox 291 2188 436 2222; baseline -0.014 0"><span class='ocrx_word' id='word_1_208' title='bbox 291 2188 338 2222; x_wconf 67' lang='grc' dir='ltr'><strong>’.ιὸ</strong></span> <span class='ocrx_word' id='word_1_209' title='bbox 353 2194 436 2222; x_wconf 84' lang='lat' dir='ltr'><strong>extr.</strong></span> 
     </span>
    </p>

    <p class='ocr_par' dir='ltr' id='par_1_12' title="bbox 292 2238 971 2386">
     <span class='ocr_line' id='line_1_37' title="bbox 338 2238 964 2283; baseline 0.003 -10"><span class='ocrx_word' id='word_1_210' title='bbox 338 2239 380 2273; x_wconf 80' lang='lat'><strong>26</strong></span> <span class='ocrx_word' id='word_1_211' title='bbox 386 2253 398 2272; x_wconf 96' lang='lat'>1</span> <span class='ocrx_word' id='word_1_212' title='bbox 405 2264 412 2272; x_wconf 93' lang='lat'><strong>.</strong></span> <span class='ocrx_word' id='word_1_213' title='bbox 422 2240 606 2273; x_wconf 78' lang='lat' dir='ltr'><strong>Dimitlere.</strong></span> <span class='ocrx_word' id='word_1_214' title='bbox 619 2238 653 2283; x_wconf 90' lang='lat' dir='ltr'><strong>Q</strong></span> <span class='ocrx_word' id='word_1_215' title='bbox 659 2238 714 2272; x_wconf 88' lang='lat' dir='ltr'><strong>uid</strong></span> <span class='ocrx_word' id='word_1_216' title='bbox 719 2252 775 2272; x_wconf 86' lang='lat' dir='ltr'><strong>am</strong></span> <span class='ocrx_word' id='word_1_217' title='bbox 789 2242 964 2275; x_wconf 73' lang='lat' dir='ltr'><strong>demittere.</strong></span> 
     </span>
     <span class='ocr_line' id='line_1_38' title="bbox 294 2290 971 2334; baseline 0.003 -9"><span class='ocrx_word' id='word_1_218' title='bbox 294 2290 404 2325; x_wconf 88' lang='lat' dir='ltr'><strong>Alter.</strong></span> <span class='ocrx_word' id='word_1_219' title='bbox 415 2290 538 2324; x_wconf 89' lang='lat' dir='ltr'><strong>melius</strong></span> <span class='ocrx_word' id='word_1_220' title='bbox 549 2317 558 2333; x_wconf 93' lang='lat'><strong>,</strong></span> <span class='ocrx_word' id='word_1_221' title='bbox 577 2291 655 2334; x_wconf 88' lang='lat' dir='ltr'><strong>quia</strong></span> <span class='ocrx_word' id='word_1_222' title='bbox 671 2290 810 2325; x_wconf 84' lang='lat' dir='ltr'><strong>additur</strong></span> <span class='ocrx_word' id='word_1_223' title='bbox 823 2304 865 2325; x_wconf 75' lang='lat' dir='ltr'><strong>ez</strong></span> <span class='ocrx_word' id='word_1_224' title='bbox 877 2296 971 2327; x_wconf 84' lang='lat' dir='ltr'><strong>omm‘</strong></span> 
     </span>
     <span class='ocr_line' id='line_1_39' title="bbox 292 2342 963 2386; baseline 0 -8"><span class='ocrx_word' id='word_1_225' title='bbox 292 2346 372 2379; x_wconf 84' lang='lat' dir='ltr'><em>coelo</em></span> <span class='ocrx_word' id='word_1_226' title='bbox 383 2342 480 2377; x_wconf 86' lang='lat' dir='ltr'><strong>:vide</strong></span> <span class='ocrx_word' id='word_1_227' title='bbox 490 2343 612 2377; x_wconf 91' lang='lat' dir='ltr'><strong>Burm.</strong></span> <span class='ocrx_word' id='word_1_228' title='bbox 628 2343 752 2386; x_wconf 92' lang='lat' dir='ltr'><strong>Unus,</strong></span> <span class='ocrx_word' id='word_1_229' title='bbox 769 2342 963 2386; x_wconf 69' lang='lat' dir='ltr'><strong>dssfimdere.</strong></span> 
     </span>
    </p>

    <p class='ocr_par' dir='ltr' id='par_1_13' title="bbox 286 2395 962 2752">
     <span class='ocr_line' id='line_1_40' title="bbox 336 2395 962 2430; baseline 0.003 -2"><span class='ocrx_word' id='word_1_230' title='bbox 336 2395 409 2429; x_wconf 80' lang='lat'><strong>262.</strong></span> <span class='ocrx_word' id='word_1_231' title='bbox 430 2396 587 2428; x_wconf 82' lang='lat' dir='ltr'><strong>Protinus</strong></span> <span class='ocrx_word' id='word_1_232' title='bbox 617 2396 738 2428; x_wconf 69' lang='lat' dir='ltr'><strong>AEolz&#39;ztc</strong></span> <span class='ocrx_word' id='word_1_233' title='bbox 762 2401 824 2428; x_wconf 82' lang='lat' dir='ltr'><strong>etc.</strong></span> <span class='ocrx_word' id='word_1_234' title='bbox 853 2395 962 2430; x_wconf 86' lang='lat' dir='ltr'><strong>Locus</strong></span> 
     </span>
     <span class='ocr_line' id='line_1_41' title="bbox 290 2446 961 2491; baseline 0.003 -12"><span class='ocrx_word' id='word_1_235' title='bbox 290 2446 474 2491; x_wconf 90' lang='lat' dir='ltr'><strong>praeclarus</strong></span> <span class='ocrx_word' id='word_1_236' title='bbox 495 2446 592 2490; x_wconf 86' lang='lat' dir='ltr'><strong>cujus</strong></span> <span class='ocrx_word' id='word_1_237' title='bbox 615 2446 854 2480; x_wconf 80' lang='lat' dir='ltr'><strong>inventionem</strong></span> <span class='ocrx_word' id='word_1_238' title='bbox 871 2459 961 2491; x_wconf 90' lang='lat' dir='ltr'><strong>poe-</strong></span> 
     </span>
     <span class='ocr_line' id='line_1_42' title="bbox 290 2498 962 2544; baseline 0.003 -13"><span class='ocrx_word' id='word_1_239' title='bbox 290 2499 394 2532; x_wconf 86' lang='lat' dir='ltr'><strong>ticam</strong></span> <span class='ocrx_word' id='word_1_240' title='bbox 410 2498 599 2543; x_wconf 82' lang='lat' dir='ltr'><strong>intelliges,</strong></span> <span class='ocrx_word' id='word_1_241' title='bbox 621 2498 647 2532; x_wconf 90' lang='lat' dir='ltr'><strong>si</strong></span> <span class='ocrx_word' id='word_1_242' title='bbox 665 2498 854 2543; x_wconf 84' lang='lat' dir='ltr'><strong>simplicem</strong></span> <span class='ocrx_word' id='word_1_243' title='bbox 870 2499 962 2544; x_wconf 84' lang='lat' dir='ltr'><strong>cogi-</strong></span> 
     </span>
     <span class='ocr_line' id='line_1_43' title="bbox 290 2550 960 2595; baseline 0 -11"><span class='ocrx_word' id='word_1_244' title='bbox 290 2550 415 2585; x_wconf 88' lang='lat' dir='ltr'><strong>taveris</strong></span> <span class='ocrx_word' id='word_1_245' title='bbox 428 2550 666 2585; x_wconf 87' lang='lat' dir='ltr'><strong>narrationem</strong></span> <span class='ocrx_word' id='word_1_246' title='bbox 682 2563 689 2584; x_wconf 73' lang='grc' dir='ltr'>ε</span> <span class='ocrx_word' id='word_1_247' title='bbox 707 2550 816 2584; x_wconf 86' lang='lat' dir='ltr'><strong>nimbi</strong></span> <span class='ocrx_word' id='word_1_248' title='bbox 833 2550 960 2595; x_wconf 88' lang='lat' dir='ltr'><strong>delapsi</strong></span> 
     </span>
     <span class='ocr_line' id='line_1_44' title="bbox 289 2601 960 2645; baseline 0.001 -10"><span class='ocrx_word' id='word_1_249' title='bbox 289 2608 372 2636; x_wconf 84' lang='lat' dir='ltr'><strong>sunt</strong></span> <span class='ocrx_word' id='word_1_250' title='bbox 386 2627 395 2644; x_wconf 94' lang='lat'><strong>,</strong></span> <span class='ocrx_word' id='word_1_251' title='bbox 412 2614 530 2635; x_wconf 88' lang='lat' dir='ltr'><strong>amnes</strong></span> <span class='ocrx_word' id='word_1_252' title='bbox 542 2601 780 2645; x_wconf 77' lang='lat' dir='ltr'><strong>exundarant,</strong></span> <span class='ocrx_word' id='word_1_253' title='bbox 799 2614 960 2636; x_wconf 85' lang='lat' dir='ltr'><strong>oceanus-</strong></span> 
     </span>
     <span class='ocr_line' id='line_1_45' title="bbox 289 2653 958 2698; baseline 0.001 -12"><span class='ocrx_word' id='word_1_254' title='bbox 289 2665 356 2698; x_wconf 88' lang='lat' dir='ltr'><strong>que</strong></span> <span class='ocrx_word' id='word_1_255' title='bbox 374 2653 488 2686; x_wconf 90' lang='lat' dir='ltr'><strong>obruit</strong></span> <span class='ocrx_word' id='word_1_256' title='bbox 505 2659 643 2687; x_wconf 87' lang='lat' dir='ltr'><strong>terram.</strong></span> <span class='ocrx_word' id='word_1_257' title='bbox 660 2653 719 2687; x_wconf 83' lang='lat' dir='ltr'><strong>Illa</strong></span> <span class='ocrx_word' id='word_1_258' title='bbox 731 2666 813 2687; x_wconf 88' lang='lat' dir='ltr'><strong>vero</strong></span> <span class='ocrx_word' id='word_1_259' title='bbox 828 2654 958 2687; x_wconf 90' lang='lat' dir='ltr'><strong>mirum</strong></span> 
     </span>
     <span class='ocr_line' id='line_1_46' title="bbox 286 2704 957 2752; baseline 0.004 -13"><span class='ocrx_word' id='word_1_260' title='bbox 286 2705 324 2739; x_wconf 86' lang='lat' dir='ltr'><strong>in</strong></span> <span class='ocrx_word' id='word_1_261' title='bbox 337 2704 484 2741; x_wconf 87' lang='lat' dir='ltr'><strong>modum</strong></span> <span class='ocrx_word' id='word_1_262' title='bbox 495 2705 695 2742; x_wconf 83' lang='lat' dir='ltr'><strong>animantur</strong></span> <span class='ocrx_word' id='word_1_263' title='bbox 703 2732 713 2751; x_wconf 85' lang='lat'><strong>,</strong></span> <span class='ocrx_word' id='word_1_264' title='bbox 727 2719 836 2752; x_wconf 87' lang='lat' dir='ltr'><strong>quum</strong></span> <span class='ocrx_word' id='word_1_265' title='bbox 848 2708 957 2744; x_wconf 81' lang='lat' dir='ltr'><strong>Notus</strong></span> 
     </span>
    </p>
   </div>
   <div class='ocr_carea' id='block_1_8' title="bbox 1020 894 1726 2759">
    <p class='ocr_par' dir='ltr' id='par_1_14' title="bbox 1026 894 1726 2493">
     <span class='ocr_line' id='line_1_47' title="bbox 1052 894 1726 941; baseline 0.004 -12"><span class='ocrx_word' id='word_1_266' title='bbox 1052 894 1149 930; x_wconf 74' lang='lat' dir='ltr'><strong>Deus</strong></span> <span class='ocrx_word' id='word_1_267' title='bbox 1159 894 1346 938; x_wconf 84' lang='lat' dir='ltr'><strong>inducitur,</strong></span> <span class='ocrx_word' id='word_1_268' title='bbox 1360 896 1426 930; x_wconf 68' lang='lat' dir='ltr'><strong>Inte</strong></span> <span class='ocrx_word' id='word_1_269' title='bbox 1435 896 1545 936; x_wconf 86' lang='lat' dir='ltr'><strong>nubes</strong></span> <span class='ocrx_word' id='word_1_270' title='bbox 1556 895 1627 940; x_wconf 88' lang='lat' dir='ltr'><strong>alit,</strong></span> <span class='ocrx_word' id='word_1_271' title='bbox 1641 897 1726 941; x_wconf 80' lang='lat' dir='ltr'><strong>Nep·</strong></span> 
     </span>
     <span class='ocr_line' id='line_1_48' title="bbox 1050 946 1726 992; baseline 0.004 -13"><span class='ocrx_word' id='word_1_272' title='bbox 1050 949 1151 980; x_wconf 75' lang='lat' dir='ltr'><strong>tanus</strong></span> <span class='ocrx_word' id='word_1_273' title='bbox 1164 946 1188 980; x_wconf 90' lang='lat' dir='ltr'>J</span> <span class='ocrx_word' id='word_1_274' title='bbox 1190 959 1291 981; x_wconf 89' lang='lat' dir='ltr'><strong>ovem</strong></span> <span class='ocrx_word' id='word_1_275' title='bbox 1307 946 1466 992; x_wconf 88' lang='lat' dir='ltr'><strong>adjuvat,</strong></span> <span class='ocrx_word' id='word_1_276' title='bbox 1484 949 1639 992; x_wconf 82' lang='lat' dir='ltr'><strong>Deosque</strong></span> <span class='ocrx_word' id='word_1_277' title='bbox 1648 960 1726 982; x_wconf 84' lang='lat' dir='ltr'><strong>am-</strong></span> 
     </span>
     <span class='ocr_line' id='line_1_49' title="bbox 1048 997 1724 1040; baseline 0.003 -10"><span class='ocrx_word' id='word_1_278' title='bbox 1048 1000 1138 1030; x_wconf 77' lang='lat' dir='ltr'><strong>nium</strong></span> <span class='ocrx_word' id='word_1_279' title='bbox 1162 1003 1347 1040; x_wconf 77' lang='lat' dir='ltr'><strong>convocat,</strong></span> <span class='ocrx_word' id='word_1_280' title='bbox 1375 1004 1438 1033; x_wconf 88' lang='lat' dir='ltr'><strong>etc.</strong></span> <span class='ocrx_word' id='word_1_281' title='bbox 1461 997 1638 1032; x_wconf 81' lang='lat' dir='ltr'><strong>Caeterum</strong></span> <span class='ocrx_word' id='word_1_282' title='bbox 1656 1010 1724 1032; x_wconf 83' lang='lat' dir='ltr'><strong>nec</strong></span> 
     </span>
     <span class='ocr_line' id='line_1_50' title="bbox 1049 1047 1722 1096; baseline 0.004 -14"><span class='ocrx_word' id='word_1_283' title='bbox 1049 1047 1105 1082; x_wconf 90' lang='lat' dir='ltr'><strong>hic</strong></span> <span class='ocrx_word' id='word_1_284' title='bbox 1122 1049 1214 1083; x_wconf 88' lang='lat' dir='ltr'><strong>locus</strong></span> <span class='ocrx_word' id='word_1_285' title='bbox 1229 1049 1271 1083; x_wconf 88' lang='lat' dir='ltr'><strong>ad</strong></span> <span class='ocrx_word' id='word_1_286' title='bbox 1285 1049 1438 1096; x_wconf 84' lang='lat' dir='ltr'><strong>physicas</strong></span> <span class='ocrx_word' id='word_1_287' title='bbox 1449 1050 1600 1085; x_wconf 85' lang='lat' dir='ltr'><strong>rationes</strong></span> <span class='ocrx_word' id='word_1_288' title='bbox 1611 1050 1722 1085; x_wconf 83' lang='lat' dir='ltr'><strong>subti-</strong></span> 
     </span>
     <span class='ocr_line' id='line_1_51' title="bbox 1049 1100 1721 1149; baseline 0.006 -15"><span class='ocrx_word' id='word_1_289' title='bbox 1049 1100 1127 1135; x_wconf 87' lang='lat' dir='ltr'><strong>liter</strong></span> <span class='ocrx_word' id='word_1_290' title='bbox 1143 1101 1339 1147; x_wconf 85' lang='lat' dir='ltr'><strong>exigendus.</strong></span> <span class='ocrx_word' id='word_1_291' title='bbox 1362 1103 1416 1137; x_wconf 91' lang='lat' dir='ltr'><strong>Ad</strong></span> <span class='ocrx_word' id='word_1_292' title='bbox 1437 1103 1509 1149; x_wconf 78' lang='lat' dir='ltr'><strong>illas</strong></span> <span class='ocrx_word' id='word_1_293' title='bbox 1529 1103 1572 1138; x_wconf 87' lang='lat' dir='ltr'><strong>de</strong></span> <span class='ocrx_word' id='word_1_294' title='bbox 1591 1103 1721 1138; x_wconf 86' lang='lat' dir='ltr'><strong>diluvio</strong></span> 
     </span>
     <span class='ocr_line' id='line_1_52' title="bbox 1048 1151 1720 1201; baseline 0.004 -16"><span class='ocrx_word' id='word_1_295' title='bbox 1048 1151 1199 1197; x_wconf 84' lang='lat' dir='ltr'><strong>disputat</strong></span> <span class='ocrx_word' id='word_1_296' title='bbox 1217 1153 1350 1188; x_wconf 81' lang='lat' dir='ltr'><strong>Seneca</strong></span> <span class='ocrx_word' id='word_1_297' title='bbox 1368 1154 1412 1189; x_wconf 94' lang='lat' dir='ltr'><strong>N.</strong></span> <span class='ocrx_word' id='word_1_298' title='bbox 1436 1154 1482 1199; x_wconf 92' lang='lat' dir='ltr'><strong>Q.</strong></span> <span class='ocrx_word' id='word_1_299' title='bbox 1501 1155 1556 1190; x_wconf 87' lang='lat'><strong>111</strong></span> <span class='ocrx_word' id='word_1_300' title='bbox 1570 1181 1579 1198; x_wconf 91' lang='lat'><strong>,</strong></span> <span class='ocrx_word' id='word_1_301' title='bbox 1604 1169 1656 1201; x_wconf 84' lang='lat'><strong>27.</strong></span> <span class='ocrx_word' id='word_1_302' title='bbox 1675 1173 1720 1181; x_wconf 86' lang='lat'><strong>—</strong></span> 
     </span>
     <span class='ocr_line' id='line_1_53' title="bbox 1046 1203 1721 1252; baseline 0.007 -16"><span class='ocrx_word' id='word_1_303' title='bbox 1046 1204 1171 1248; x_wconf 82' lang='lat' dir='ltr'><em>Aquilo</em></span> <span class='ocrx_word' id='word_1_304' title='bbox 1186 1230 1195 1245; x_wconf 85' lang='lat'><strong>,</strong></span> <span class='ocrx_word' id='word_1_305' title='bbox 1226 1203 1308 1249; x_wconf 71' lang='lat' dir='ltr'><strong>&#39;quia</strong></span> <span class='ocrx_word' id='word_1_306' title='bbox 1339 1205 1432 1250; x_wconf 89' lang='lat' dir='ltr'><strong>pellit</strong></span> <span class='ocrx_word' id='word_1_307' title='bbox 1454 1206 1565 1242; x_wconf 81' lang='lat' dir='ltr'><strong>nubes</strong></span> <span class='ocrx_word' id='word_1_308' title='bbox 1584 1232 1594 1250; x_wconf 89' lang='lat'><strong><em>‚</em></strong></span> <span class='ocrx_word' id='word_1_309' title='bbox 1626 1207 1721 1252; x_wconf 81' lang='lat' dir='ltr'><strong>apud</strong></span> 
     </span>
     <span class='ocr_line' id='line_1_54' title="bbox 1045 1257 1720 1307; baseline 0.006 -18"><span class='ocrx_word' id='word_1_310' title='bbox 1045 1262 1164 1300; x_wconf 84' lang='lat' dir='ltr'><strong>poetas</strong></span> <span class='ocrx_word' id='word_1_311' title='bbox 1179 1259 1290 1290; x_wconf 86' lang='lat' dir='ltr'><strong>clarus</strong></span> <span class='ocrx_word' id='word_1_312' title='bbox 1307 1263 1342 1291; x_wconf 89' lang='lat' dir='ltr'><strong>et</strong></span> <span class='ocrx_word' id='word_1_313' title='bbox 1358 1259 1573 1307; x_wconf 64' lang='grc' dir='ltr'><strong>αἰθρηγενέτης.</strong></span> <span class='ocrx_word' id='word_1_314' title='bbox 1588 1257 1630 1292; x_wconf 89' lang='lat' dir='ltr'><strong>In</strong></span> <span class='ocrx_word' id='word_1_315' title='bbox 1648 1271 1720 1293; x_wconf 84' lang='lat' dir='ltr'><strong>una</strong></span> 
     </span>
     <span class='ocr_line' id='line_1_55' title="bbox 1045 1308 1719 1346; baseline 0.001 -2"><span class='ocrx_word' id='word_1_316' title='bbox 1045 1322 1085 1344; x_wconf 86' lang='lat' dir='ltr'><strong>ex</strong></span> <span class='ocrx_word' id='word_1_317' title='bbox 1101 1308 1218 1343; x_wconf 88' lang='lat' dir='ltr'><strong>insulis</strong></span> <span class='ocrx_word' id='word_1_318' title='bbox 1234 1311 1357 1344; x_wconf 66' lang='lat' dir='ltr'><strong>AEolitlr</strong></span> <span class='ocrx_word' id='word_1_319' title='bbox 1370 1309 1434 1344; x_wconf 83' lang='lat' dir='ltr'><strong>suit</strong></span> <span class='ocrx_word' id='word_1_320' title='bbox 1451 1310 1545 1344; x_wconf 87' lang='lat' dir='ltr'><strong>AEoli</strong></span> <span class='ocrx_word' id='word_1_321' title='bbox 1560 1309 1666 1346; x_wconf 74' lang='lat' dir='ltr'><strong>sedes.</strong></span> <span class='ocrx_word' id='word_1_322' title='bbox 1685 1311 1719 1345; x_wconf 87' lang='lat' dir='ltr'><strong>Is</strong></span> 
     </span>
     <span class='ocr_line' id='line_1_56' title="bbox 1046 1360 1715 1407; baseline 0.003 -12"><span class='ocrx_word' id='word_1_323' title='bbox 1046 1368 1169 1395; x_wconf 84' lang='lat' dir='ltr'><strong>ventos</strong></span> <span class='ocrx_word' id='word_1_324' title='bbox 1188 1360 1242 1395; x_wconf 90' lang='lat' dir='ltr'><strong>vel</strong></span> <span class='ocrx_word' id='word_1_325' title='bbox 1267 1361 1301 1395; x_wconf 91' lang='lat' dir='ltr'><strong>in</strong></span> <span class='ocrx_word' id='word_1_326' title='bbox 1321 1368 1399 1396; x_wconf 90' lang='lat' dir='ltr'><strong>utre</strong></span> <span class='ocrx_word' id='word_1_327' title='bbox 1412 1387 1421 1405; x_wconf 88' lang='lat'><strong>,</strong></span> <span class='ocrx_word' id='word_1_328' title='bbox 1446 1368 1486 1396; x_wconf 89' lang='lat' dir='ltr'><strong>ut</strong></span> <span class='ocrx_word' id='word_1_329' title='bbox 1504 1362 1614 1407; x_wconf 83' lang='lat' dir='ltr'><strong>placet</strong></span> <span class='ocrx_word' id='word_1_330' title='bbox 1630 1363 1715 1397; x_wconf 80' lang='lat' dir='ltr'><strong>Ho-</strong></span> 
     </span>
     <span class='ocr_line' id='line_1_57' title="bbox 1043 1412 1716 1459; baseline 0.003 -13"><span class='ocrx_word' id='word_1_331' title='bbox 1043 1425 1142 1446; x_wconf 89' lang='lat' dir='ltr'><strong>mero</strong></span> <span class='ocrx_word' id='word_1_332' title='bbox 1154 1412 1224 1447; x_wconf 88' lang='lat' dir='ltr'><strong>Od.</strong></span> <span class='ocrx_word' id='word_1_333' title='bbox 1235 1430 1251 1447; x_wconf 81' lang='grc' dir='ltr'>κ</span> <span class='ocrx_word' id='word_1_334' title='bbox 1263 1439 1272 1456; x_wconf 87' lang='lat'><strong>,</strong></span> <span class='ocrx_word' id='word_1_335' title='bbox 1295 1427 1307 1446; x_wconf 91' lang='lat'>1</span> <span class='ocrx_word' id='word_1_336' title='bbox 1320 1439 1330 1455; x_wconf 94' lang='lat'><strong>,</strong></span> <span class='ocrx_word' id='word_1_337' title='bbox 1340 1426 1413 1458; x_wconf 91' lang='lat' dir='ltr'><strong>sqq.</strong></span> <span class='ocrx_word' id='word_1_338' title='bbox 1423 1439 1432 1456; x_wconf 92' lang='lat'><strong>,</strong></span> <span class='ocrx_word' id='word_1_339' title='bbox 1445 1413 1517 1457; x_wconf 90' lang='lat' dir='ltr'><strong>vel,</strong></span> <span class='ocrx_word' id='word_1_340' title='bbox 1534 1413 1628 1458; x_wconf 90' lang='lat' dir='ltr'><strong>quod</strong></span> <span class='ocrx_word' id='word_1_341' title='bbox 1641 1413 1716 1459; x_wconf 88' lang='lat' dir='ltr'><strong>plus</strong></span> 
     </span>
     <span class='ocr_line' id='line_1_58' title="bbox 1044 1463 1714 1512; baseline 0.004 -15"><span class='ocrx_word' id='word_1_342' title='bbox 1044 1463 1347 1510; x_wconf 83' lang='lat' dir='ltr'><strong>dignitatishabet,</strong></span> <span class='ocrx_word' id='word_1_343' title='bbox 1359 1471 1460 1509; x_wconf 84' lang='lat' dir='ltr'><strong>atque</strong></span> <span class='ocrx_word' id='word_1_344' title='bbox 1469 1465 1573 1499; x_wconf 87' lang='lat' dir='ltr'><strong>etiam</strong></span> <span class='ocrx_word' id='word_1_345' title='bbox 1587 1478 1605 1499; x_wconf 86' lang='lat' dir='ltr'><strong>a</strong></span> <span class='ocrx_word' id='word_1_346' title='bbox 1617 1465 1714 1512; x_wconf 84' lang='lat' dir='ltr'><strong>Virg.</strong></span> 
     </span>
     <span class='ocr_line' id='line_1_59' title="bbox 1041 1515 1714 1561; baseline 0.006 -13"><span class='ocrx_word' id='word_1_347' title='bbox 1041 1515 1124 1549; x_wconf 88' lang='lat' dir='ltr'><strong>AEn.</strong></span> <span class='ocrx_word' id='word_1_348' title='bbox 1143 1515 1158 1549; x_wconf 91' lang='grc' dir='ltr'>Ι</span> <span class='ocrx_word' id='word_1_349' title='bbox 1173 1541 1181 1559; x_wconf 85' lang='lat'><strong>,</strong></span> <span class='ocrx_word' id='word_1_350' title='bbox 1202 1518 1242 1549; x_wconf 79' lang='lat'><strong>52</strong></span> <span class='ocrx_word' id='word_1_351' title='bbox 1257 1541 1265 1558; x_wconf 93' lang='lat'><strong><em>‚</em></strong></span> <span class='ocrx_word' id='word_1_352' title='bbox 1284 1516 1462 1560; x_wconf 87' lang='lat' dir='ltr'><strong>praelatum</strong></span> <span class='ocrx_word' id='word_1_353' title='bbox 1478 1523 1529 1550; x_wconf 86' lang='lat' dir='ltr'><strong>est</strong></span> <span class='ocrx_word' id='word_1_354' title='bbox 1541 1543 1551 1561; x_wconf 94' lang='lat'><strong>,</strong></span> <span class='ocrx_word' id='word_1_355' title='bbox 1569 1517 1604 1551; x_wconf 90' lang='lat' dir='ltr'><strong>in</strong></span> <span class='ocrx_word' id='word_1_356' title='bbox 1619 1525 1714 1552; x_wconf 81' lang='lat' dir='ltr'><strong>vasto</strong></span> 
     </span>
     <span class='ocr_line' id='line_1_60' title="bbox 1039 1567 1712 1610; baseline 0.004 -9"><span class='ocrx_word' id='word_1_357' title='bbox 1039 1572 1136 1601; x_wconf 77' lang='lat' dir='ltr'><strong>antro</strong></span> <span class='ocrx_word' id='word_1_358' title='bbox 1151 1567 1301 1602; x_wconf 91' lang='lat' dir='ltr'><strong>inclusos</strong></span> <span class='ocrx_word' id='word_1_359' title='bbox 1314 1575 1428 1610; x_wconf 80' lang='lat' dir='ltr'><strong>tenet3</strong></span> <span class='ocrx_word' id='word_1_360' title='bbox 1446 1581 1606 1604; x_wconf 80' lang='lat' dir='ltr'><strong>cavernae</strong></span> <span class='ocrx_word' id='word_1_361' title='bbox 1616 1570 1712 1604; x_wconf 88' lang='lat' dir='ltr'><strong>enim</strong></span> 
     </span>
     <span class='ocr_line' id='line_1_61' title="bbox 1038 1619 1711 1665; baseline 0.006 -12"><span class='ocrx_word' id='word_1_362' title='bbox 1038 1619 1272 1654; x_wconf 78' lang='lat' dir='ltr'><strong>subterraneae</strong></span> <span class='ocrx_word' id='word_1_363' title='bbox 1289 1620 1399 1665; x_wconf 86' lang='lat' dir='ltr'><strong>plenae</strong></span> <span class='ocrx_word' id='word_1_364' title='bbox 1416 1627 1497 1655; x_wconf 90' lang='lat' dir='ltr'><strong>sunt</strong></span> <span class='ocrx_word' id='word_1_365' title='bbox 1514 1628 1711 1657; x_wconf 78' lang='lat' dir='ltr'><strong>ventorum.</strong></span> 
     </span>
     <span class='ocr_line' id='line_1_62' title="bbox 1038 1672 1710 1719; baseline 0.004 -13"><span class='ocrx_word' id='word_1_366' title='bbox 1038 1673 1116 1717; x_wconf 85' lang='lat' dir='ltr'><strong>Ipse</strong></span> <span class='ocrx_word' id='word_1_367' title='bbox 1130 1672 1226 1707; x_wconf 85' lang='lat' dir='ltr'><strong>sedet</strong></span> <span class='ocrx_word' id='word_1_368' title='bbox 1242 1673 1278 1706; x_wconf 91' lang='lat' dir='ltr'><strong>in</strong></span> <span class='ocrx_word' id='word_1_369' title='bbox 1292 1673 1470 1707; x_wconf 89' lang='lat' dir='ltr'><strong>cacumine</strong></span> <span class='ocrx_word' id='word_1_370' title='bbox 1487 1674 1634 1718; x_wconf 85' lang='lat' dir='ltr'><strong>montis,</strong></span> <span class='ocrx_word' id='word_1_371' title='bbox 1652 1681 1687 1709; x_wconf 86' lang='lat' dir='ltr'><strong>et</strong></span> <span class='ocrx_word' id='word_1_372' title='bbox 1699 1701 1710 1719; x_wconf 89' lang='lat'><strong>,</strong></span> 
     </span>
     <span class='ocr_line' id='line_1_63' title="bbox 1036 1725 1709 1771; baseline 0.007 -13"><span class='ocrx_word' id='word_1_373' title='bbox 1036 1732 1141 1770; x_wconf 88' lang='lat' dir='ltr'><strong>prout</strong></span> <span class='ocrx_word' id='word_1_374' title='bbox 1157 1725 1306 1770; x_wconf 90' lang='lat' dir='ltr'><strong>postulat</strong></span> <span class='ocrx_word' id='word_1_375' title='bbox 1317 1726 1406 1761; x_wconf 80' lang='lat' dir='ltr'><strong>salus</strong></span> <span class='ocrx_word' id='word_1_376' title='bbox 1422 1727 1546 1761; x_wconf 90' lang='lat' dir='ltr'><strong>mnndi</strong></span> <span class='ocrx_word' id='word_1_377' title='bbox 1560 1753 1569 1771; x_wconf 86' lang='lat'>‚</span> <span class='ocrx_word' id='word_1_378' title='bbox 1586 1735 1709 1763; x_wconf 82' lang='lat' dir='ltr'><strong>ventos</strong></span> 
     </span>
     <span class='ocr_line' id='line_1_64' title="bbox 1035 1777 1709 1825; baseline 0.007 -15"><span class='ocrx_word' id='word_1_379' title='bbox 1035 1777 1090 1811; x_wconf 88' lang='lat' dir='ltr'><strong>vel</strong></span> <span class='ocrx_word' id='word_1_380' title='bbox 1104 1784 1239 1812; x_wconf 90' lang='lat' dir='ltr'><strong>coercet</strong></span> <span class='ocrx_word' id='word_1_381' title='bbox 1253 1804 1261 1821; x_wconf 94' lang='lat'><strong>,</strong></span> <span class='ocrx_word' id='word_1_382' title='bbox 1279 1778 1331 1812; x_wconf 90' lang='lat' dir='ltr'><strong>vel</strong></span> <span class='ocrx_word' id='word_1_383' title='bbox 1345 1778 1482 1813; x_wconf 84' lang='lat' dir='ltr'><strong>emittit.</strong></span> <span class='ocrx_word' id='word_1_384' title='bbox 1499 1779 1584 1823; x_wconf 90' lang='lat' dir='ltr'><strong>Quo</strong></span> <span class='ocrx_word' id='word_1_385' title='bbox 1598 1787 1709 1825; x_wconf 82' lang='lat' dir='ltr'><strong>poetae</strong></span> 
     </span>
     <span class='ocr_line' id='line_1_65' title="bbox 1034 1827 1708 1875; baseline 0.006 -13"><span class='ocrx_word' id='word_1_386' title='bbox 1034 1828 1083 1862; x_wconf 91' lang='lat' dir='ltr'><strong>nil</strong></span> <span class='ocrx_word' id='word_1_387' title='bbox 1099 1828 1189 1863; x_wconf 87' lang='lat' dir='ltr'><strong>aliud</strong></span> <span class='ocrx_word' id='word_1_388' title='bbox 1205 1827 1398 1873; x_wconf 85' lang='lat' dir='ltr'><strong>significare</strong></span> <span class='ocrx_word' id='word_1_389' title='bbox 1415 1830 1603 1865; x_wconf 86' lang='lat' dir='ltr'><strong>voluerunt</strong></span> <span class='ocrx_word' id='word_1_390' title='bbox 1614 1857 1623 1875; x_wconf 91' lang='lat'><strong>,</strong></span> <span class='ocrx_word' id='word_1_391' title='bbox 1641 1832 1708 1867; x_wconf 86' lang='lat' dir='ltr'><strong>nisi</strong></span> 
     </span>
     <span class='ocr_line' id='line_1_66' title="bbox 1033 1879 1706 1922; baseline 0.006 -9"><span class='ocrx_word' id='word_1_392' title='bbox 1033 1879 1118 1922; x_wconf 84' lang='lat' dir='ltr'><strong>hoc,</strong></span> <span class='ocrx_word' id='word_1_393' title='bbox 1139 1886 1174 1914; x_wconf 87' lang='lat' dir='ltr'><strong>et</strong></span> <span class='ocrx_word' id='word_1_394' title='bbox 1189 1880 1372 1915; x_wconf 89' lang='lat' dir='ltr'><strong>utilitatem</strong></span> <span class='ocrx_word' id='word_1_395' title='bbox 1386 1887 1420 1915; x_wconf 90' lang='lat' dir='ltr'><strong>et</strong></span> <span class='ocrx_word' id='word_1_396' title='bbox 1433 1881 1502 1915; x_wconf 84' lang='lat' dir='ltr'><strong>vim</strong></span> <span class='ocrx_word' id='word_1_397' title='bbox 1520 1889 1706 1917; x_wconf 80' lang='lat' dir='ltr'><strong>ventorum</strong></span> 
     </span>
     <span class='ocr_line' id='line_1_67' title="bbox 1034 1932 1704 1978; baseline 0.006 -14"><span class='ocrx_word' id='word_1_398' title='bbox 1034 1943 1105 1965; x_wconf 90' lang='lat' dir='ltr'><strong>esse</strong></span> <span class='ocrx_word' id='word_1_399' title='bbox 1123 1938 1255 1965; x_wconf 83' lang='lat' dir='ltr'><strong>tantam</strong></span> <span class='ocrx_word' id='word_1_400' title='bbox 1267 1958 1276 1974; x_wconf 95' lang='lat'><strong>,</strong></span> <span class='ocrx_word' id='word_1_401' title='bbox 1292 1938 1330 1966; x_wconf 89' lang='lat' dir='ltr'><strong>ut</strong></span> <span class='ocrx_word' id='word_1_402' title='bbox 1343 1932 1377 1966; x_wconf 90' lang='lat' dir='ltr'><strong>hi</strong></span> <span class='ocrx_word' id='word_1_403' title='bbox 1393 1945 1530 1978; x_wconf 87' lang='lat' dir='ltr'><strong>quoque</strong></span> <span class='ocrx_word' id='word_1_404' title='bbox 1546 1946 1637 1968; x_wconf 80' lang='lat' dir='ltr'><strong>curae</strong></span> <span class='ocrx_word' id='word_1_405' title='bbox 1649 1933 1704 1968; x_wconf 88' lang='lat' dir='ltr'><strong>di·-</strong></span> 
     </span>
     <span class='ocr_line' id='line_1_68' title="bbox 1033 1984 1704 2032; baseline 0.007 -14"><span class='ocrx_word' id='word_1_406' title='bbox 1033 1984 1120 2019; x_wconf 87' lang='lat' dir='ltr'><strong>vinae</strong></span> <span class='ocrx_word' id='word_1_407' title='bbox 1128 1985 1271 2029; x_wconf 83' lang='lat' dir='ltr'><strong>subjecti</strong></span> <span class='ocrx_word' id='word_1_408' title='bbox 1280 1998 1351 2020; x_wconf 89' lang='lat' dir='ltr'><strong>esse</strong></span> <span class='ocrx_word' id='word_1_409' title='bbox 1362 1985 1556 2027; x_wconf 82' lang='lat' dir='ltr'><strong>videantur;</strong></span> <span class='ocrx_word' id='word_1_410' title='bbox 1564 1986 1598 2021; x_wconf 90' lang='lat' dir='ltr'><strong>id</strong></span> <span class='ocrx_word' id='word_1_411' title='bbox 1610 1987 1704 2032; x_wconf 85' lang='lat' dir='ltr'><strong>quod</strong></span> 
     </span>
     <span class='ocr_line' id='line_1_69' title="bbox 1033 2037 1704 2083; baseline 0.007 -13"><span class='ocrx_word' id='word_1_412' title='bbox 1033 2037 1340 2072; x_wconf 87' lang='lat' dir='ltr'><strong>accommodarunt</strong></span> <span class='ocrx_word' id='word_1_413' title='bbox 1351 2038 1535 2083; x_wconf 85' lang='lat' dir='ltr'><strong>puerilibus</strong></span> <span class='ocrx_word' id='word_1_414' title='bbox 1546 2038 1630 2074; x_wconf 85' lang='lat' dir='ltr'><strong>ideis</strong></span> <span class='ocrx_word' id='word_1_415' title='bbox 1645 2052 1704 2075; x_wconf 78' lang='lat' dir='ltr'><strong>an·</strong></span> 
     </span>
     <span class='ocr_line' id='line_1_70' title="bbox 1032 2088 1701 2132; baseline 0.006 -11"><span class='ocrx_word' id='word_1_416' title='bbox 1032 2088 1303 2132; x_wconf 86' lang='lat' dir='ltr'><strong>tiquissimorum</strong></span> <span class='ocrx_word' id='word_1_417' title='bbox 1314 2096 1349 2123; x_wconf 89' lang='lat' dir='ltr'><strong>et</strong></span> <span class='ocrx_word' id='word_1_418' title='bbox 1358 2088 1498 2124; x_wconf 88' lang='lat' dir='ltr'><strong>rudium</strong></span> <span class='ocrx_word' id='word_1_419' title='bbox 1506 2089 1701 2126; x_wconf 88' lang='lat' dir='ltr'><strong>hominum.</strong></span> 
     </span>
     <span class='ocr_line' id='line_1_71' title="bbox 1034 2139 1702 2186; baseline 0.006 -14"><span class='ocrx_word' id='word_1_420' title='bbox 1034 2139 1080 2172; x_wconf 93' lang='lat' dir='ltr'><strong>H.</strong></span> <span class='ocrx_word' id='word_1_421' title='bbox 1094 2139 1115 2173; x_wconf 94' lang='lat' dir='ltr'><strong>l.</strong></span> <span class='ocrx_word' id='word_1_422' title='bbox 1131 2139 1271 2184; x_wconf 86' lang='lat' dir='ltr'><strong>Jupiter</strong></span> <span class='ocrx_word' id='word_1_423' title='bbox 1283 2140 1353 2185; x_wconf 90' lang='lat' dir='ltr'><strong>ipse</strong></span> <span class='ocrx_word' id='word_1_424' title='bbox 1370 2140 1555 2186; x_wconf 89' lang='lat' dir='ltr'><strong>imperium</strong></span> <span class='ocrx_word' id='word_1_425' title='bbox 1567 2149 1702 2177; x_wconf 87' lang='lat' dir='ltr'><strong>exercet</strong></span> 
     </span>
     <span class='ocr_line' id='line_1_72' title="bbox 1029 2191 1697 2237; baseline 0.003 -13"><span class='ocrx_word' id='word_1_426' title='bbox 1029 2191 1067 2224; x_wconf 92' lang='lat' dir='ltr'><strong>in</strong></span> <span class='ocrx_word' id='word_1_427' title='bbox 1080 2198 1212 2235; x_wconf 88' lang='lat' dir='ltr'><strong>ventos,</strong></span> <span class='ocrx_word' id='word_1_428' title='bbox 1224 2199 1262 2226; x_wconf 92' lang='lat' dir='ltr'><strong>ut</strong></span> <span class='ocrx_word' id='word_1_429' title='bbox 1272 2192 1361 2237; x_wconf 88' lang='lat' dir='ltr'><strong>apud</strong></span> <span class='ocrx_word' id='word_1_430' title='bbox 1375 2193 1462 2226; x_wconf 89' lang='lat' dir='ltr'><strong>Hor.</strong></span> <span class='ocrx_word' id='word_1_431' title='bbox 1476 2193 1492 2226; x_wconf 90' lang='lat'><em>1</em></span> <span class='ocrx_word' id='word_1_432' title='bbox 1503 2218 1512 2235; x_wconf 89' lang='lat'><strong>,</strong></span> <span class='ocrx_word' id='word_1_433' title='bbox 1527 2192 1593 2226; x_wconf 93' lang='lat' dir='ltr'><strong>Od.</strong></span> <span class='ocrx_word' id='word_1_434' title='bbox 1608 2203 1697 2237; x_wconf 83' lang='lat' dir='ltr'><strong>xnI,</strong></span> 
     </span>
     <span class='ocr_line' id='line_1_73' title="bbox 1030 2243 1701 2289; baseline 0.001 -13"><span class='ocrx_word' id='word_1_435' title='bbox 1030 2243 1069 2285; x_wconf 85' lang='lat'><strong>3,</strong></span> <span class='ocrx_word' id='word_1_436' title='bbox 1088 2243 1232 2278; x_wconf 88' lang='lat' dir='ltr'><strong>Nereus.</strong></span> <span class='ocrx_word' id='word_1_437' title='bbox 1250 2245 1372 2277; x_wconf 81' lang='lat' dir='ltr'><strong>lnduci·</strong></span> <span class='ocrx_word' id='word_1_438' title='bbox 1383 2244 1520 2289; x_wconf 90' lang='lat' dir='ltr'><strong>proprie</strong></span> <span class='ocrx_word' id='word_1_439' title='bbox 1537 2243 1701 2279; x_wconf 88' lang='lat' dir='ltr'><strong>dicuntur</strong></span> 
     </span>
     <span class='ocr_line' id='line_1_74' title="bbox 1028 2294 1699 2340; baseline 0.001 -13"><span class='ocrx_word' id='word_1_440' title='bbox 1028 2294 1160 2328; x_wconf 86' lang='lat' dir='ltr'><strong>colores</strong></span> <span class='ocrx_word' id='word_1_441' title='bbox 1174 2307 1192 2328; x_wconf 93' lang='lat' dir='ltr'><strong>a</strong></span> <span class='ocrx_word' id='word_1_442' title='bbox 1208 2294 1414 2339; x_wconf 82' lang='lat' dir='ltr'><strong>pictoribus:</strong></span> <span class='ocrx_word' id='word_1_443' title='bbox 1431 2294 1513 2329; x_wconf 89' lang='lat' dir='ltr'><strong>hinc</strong></span> <span class='ocrx_word' id='word_1_444' title='bbox 1523 2294 1699 2340; x_wconf 85' lang='lat' dir='ltr'><strong>eleganter</strong></span> 
     </span>
     <span class='ocr_line' id='line_1_75' title="bbox 1028 2346 1698 2386; baseline 0 -5"><span class='ocrx_word' id='word_1_445' title='bbox 1028 2348 1236 2384; x_wconf 82' lang='lat' dir='ltr'><strong>transfertur</strong></span> <span class='ocrx_word' id='word_1_446' title='bbox 1260 2347 1302 2381; x_wconf 90' lang='lat' dir='ltr'><strong>ad</strong></span> <span class='ocrx_word' id='word_1_447' title='bbox 1324 2349 1427 2381; x_wconf 79' lang='lat' dir='ltr'><strong>nubes</strong></span> <span class='ocrx_word' id='word_1_448' title='bbox 1443 2373 1451 2386; x_wconf 92' lang='lat'>‚</span> <span class='ocrx_word' id='word_1_449' title='bbox 1487 2353 1528 2381; x_wconf 90' lang='lat' dir='ltr'><strong>ut</strong></span> <span class='ocrx_word' id='word_1_450' title='bbox 1551 2347 1629 2381; x_wconf 85' lang='lat' dir='ltr'><strong>alibi</strong></span> <span class='ocrx_word' id='word_1_451' title='bbox 1654 2346 1698 2381; x_wconf 84' lang='lat' dir='ltr'><strong>ad</strong></span> 
     </span>
     <span class='ocr_line' id='line_1_76' title="bbox 1026 2397 1698 2441; baseline 0 -9"><span class='ocrx_word' id='word_1_452' title='bbox 1026 2400 1200 2441; x_wconf 63' lang='lat' dir='ltr'><strong>caliginem</strong></span> <span class='ocrx_word' id='word_1_453' title='bbox 1218 2404 1252 2432; x_wconf 88' lang='lat' dir='ltr'><strong>et</strong></span> <span class='ocrx_word' id='word_1_454' title='bbox 1268 2402 1404 2431; x_wconf 79' lang='lat' dir='ltr'><strong>noctem.</strong></span> <span class='ocrx_word' id='word_1_455' title='bbox 1423 2397 1546 2431; x_wconf 85' lang='lat' dir='ltr'><strong>Horat.</strong></span> <span class='ocrx_word' id='word_1_456' title='bbox 1565 2397 1582 2431; x_wconf 90' lang='lat' dir='ltr'>I</span> <span class='ocrx_word' id='word_1_457' title='bbox 1592 2424 1601 2439; x_wconf 89' lang='lat'><strong>,</strong></span> <span class='ocrx_word' id='word_1_458' title='bbox 1626 2397 1698 2432; x_wconf 82' lang='lat' dir='ltr'><strong>Sat.</strong></span> 
     </span>
     <span class='ocr_line' id='line_1_77' title="bbox 1026 2450 1565 2493; baseline 0 -11"><span class='ocrx_word' id='word_1_459' title='bbox 1026 2459 1050 2483; x_wconf 88' lang='lat' dir='ltr'>v</span> <span class='ocrx_word' id='word_1_460' title='bbox 1060 2475 1069 2493; x_wconf 94' lang='lat'><strong>,</strong></span> <span class='ocrx_word' id='word_1_461' title='bbox 1087 2451 1107 2492; x_wconf 81' lang='grc'><em>4</em></span> <span class='ocrx_word' id='word_1_462' title='bbox 1118 2475 1127 2492; x_wconf 85' lang='grc'>,</span> <span class='ocrx_word' id='word_1_463' title='bbox 1144 2450 1298 2482; x_wconf 81' lang='lat' dir='ltr'><strong>inducere</strong></span> <span class='ocrx_word' id='word_1_464' title='bbox 1311 2451 1406 2493; x_wconf 63' lang='lat' dir='ltr'><strong>terrlls·</strong></span> <span class='ocrx_word' id='word_1_465' title='bbox 1422 2451 1565 2483; x_wconf 83' lang='lat' dir='ltr'><strong>umbras.</strong></span> 
     </span>
    </p>

    <p class='ocr_par' dir='ltr' id='par_1_15' title="bbox 1020 2500 1720 2759">
     <span class='ocr_line' id='line_1_78' title="bbox 1069 2500 1696 2542; baseline 0.002 -8"><span class='ocrx_word' id='word_1_466' title='bbox 1069 2501 1142 2542; x_wconf 80' lang='lat'><strong>264.</strong></span> <span class='ocrx_word' id='word_1_467' title='bbox 1162 2502 1293 2535; x_wconf 82' lang='lat' dir='ltr'><strong>Notum.</strong></span> <span class='ocrx_word' id='word_1_468' title='bbox 1311 2502 1418 2535; x_wconf 81' lang='lat' dir='ltr'><strong>Notus</strong></span> <span class='ocrx_word' id='word_1_469' title='bbox 1432 2508 1482 2535; x_wconf 89' lang='lat' dir='ltr'><strong>est</strong></span> <span class='ocrx_word' id='word_1_470' title='bbox 1498 2500 1595 2535; x_wconf 84' lang='lat' dir='ltr'><strong>Deus</strong></span> <span class='ocrx_word' id='word_1_471' title='bbox 1607 2524 1616 2542; x_wconf 91' lang='lat'>‚</span> <span class='ocrx_word' id='word_1_472' title='bbox 1635 2513 1696 2535; x_wconf 91' lang='lat' dir='ltr'><strong>cu-</strong></span> 
     </span>
     <span class='ocr_line' id='line_1_79' title="bbox 1023 2552 1694 2597; baseline 0.001 -12"><span class='ocrx_word' id='word_1_473' title='bbox 1023 2552 1077 2597; x_wconf 81' lang='lat' dir='ltr'><strong>jus</strong></span> <span class='ocrx_word' id='word_1_474' title='bbox 1093 2552 1214 2586; x_wconf 82' lang='lat' dir='ltr'><strong>faciem</strong></span> <span class='ocrx_word' id='word_1_475' title='bbox 1232 2552 1463 2587; x_wconf 85' lang='lat' dir='ltr'><strong>truculentam</strong></span> <span class='ocrx_word' id='word_1_476' title='bbox 1487 2552 1694 2587; x_wconf 85' lang='lat' dir='ltr'><strong>exhibebant</strong></span> 
     </span>
     <span class='ocr_line' id='line_1_80' title="bbox 1023 2603 1693 2652; baseline 0.003 -16"><span class='ocrx_word' id='word_1_477' title='bbox 1023 2605 1169 2647; x_wconf 89' lang='lat' dir='ltr'><strong>pictores</strong></span> <span class='ocrx_word' id='word_1_478' title='bbox 1180 2617 1187 2637; x_wconf 72' lang='grc' dir='ltr'>ε</span> <span class='ocrx_word' id='word_1_479' title='bbox 1198 2603 1263 2638; x_wconf 87' lang='lat' dir='ltr'><strong>vid.</strong></span> <span class='ocrx_word' id='word_1_480' title='bbox 1283 2604 1448 2650; x_wconf 86' lang='lat' dir='ltr'><strong>Spencius</strong></span> <span class='ocrx_word' id='word_1_481' title='bbox 1462 2606 1596 2652; x_wconf 84' lang='lat' dir='ltr'><strong>Polym.</strong></span> <span class='ocrx_word' id='word_1_482' title='bbox 1604 2604 1693 2639; x_wconf 90' lang='lat' dir='ltr'><strong>Dial.</strong></span> 
     </span>
     <span class='ocr_line' id='line_1_81' title="bbox 1023 2655 1691 2700; baseline 0.001 -12"><span class='ocrx_word' id='word_1_483' title='bbox 1023 2655 1136 2698; x_wconf 90' lang='lat' dir='ltr'>XIII,</span> <span class='ocrx_word' id='word_1_484' title='bbox 1160 2663 1261 2700; x_wconf 89' lang='lat' dir='ltr'><strong>atque</strong></span> <span class='ocrx_word' id='word_1_485' title='bbox 1279 2657 1383 2690; x_wconf 88' lang='lat' dir='ltr'><strong>etiam</strong></span> <span class='ocrx_word' id='word_1_486' title='bbox 1404 2656 1437 2690; x_wconf 89' lang='lat' dir='ltr'><strong>h.</strong></span> <span class='ocrx_word' id='word_1_487' title='bbox 1451 2657 1472 2691; x_wconf 90' lang='lat' dir='ltr'><strong>l.</strong></span> <span class='ocrx_word' id='word_1_488' title='bbox 1488 2657 1567 2691; x_wconf 72' lang='lat' dir='ltr'><strong>sati‘s</strong></span> <span class='ocrx_word' id='word_1_489' title='bbox 1589 2659 1691 2690; x_wconf 81' lang='lat' dir='ltr'><strong>tem·—</strong></span> 
     </span>
     <span class='ocr_line' id='line_1_82' title="bbox 1020 2707 1720 2759; baseline -0.001 -17"><span class='ocrx_word' id='word_1_490' title='bbox 1020 2709 1101 2743; x_wconf 74' lang='lat' dir='ltr'><em>bilis</em></span> <span class='ocrx_word' id='word_1_491' title='bbox 1124 2715 1275 2753; x_wconf 80' lang='lat' dir='ltr'><strong>apparet.</strong></span> <span class='ocrx_word' id='word_1_492' title='bbox 1302 2709 1408 2744; x_wconf 88' lang='lat' dir='ltr'><strong>Hunc</strong></span> <span class='ocrx_word' id='word_1_493' title='bbox 1434 2708 1583 2753; x_wconf 81' lang='lat' dir='ltr'><strong>emittit,</strong></span> <span class='ocrx_word' id='word_1_494' title='bbox 1611 2707 1689 2754; x_wconf 83' lang='lat' dir='ltr'><strong>quia</strong></span> <span class='ocrx_word' id='word_1_495' title='bbox 1716 2755 1720 2759; x_wconf 23' lang='grc' dir='ltr'><em>Ρ</em></span> 
     </span>
    </p>
   </div>
  </div>
 </body>
</html>
