1832 3100
1437 261 1610 279 mm

409 391 490 461 Ρ.
550 388 898 478 OVIDII
945 387 1382 460 NASONIS

250 525 1538 678 METAMORPHOSEON

534 765 795 821 LIBER
844 764 1268 834 QUARTUS.

184 1093 297 1141 FAB.
319 1093 353 1141 I.
386 1069 475 1141 AT
496 1112 591 1141 non
612 1092 821 1141 Alcithoe
845 1092 1063 1159 Minyeias
1086 1093 1209 1155 orgia
1233 1105 1382 1141 censet

186 1169 459 1237 Accipienda
483 1170 568 1218 Dei
595 1190 604 1217 :
629 1169 707 1218 sed
731 1170 874 1218 adhuc
898 1169 1126 1218 temeraria
1147 1170 1373 1217 Bacchum

187 1247 453 1312 Progeniem
475 1258 609 1309 negat
629 1265 723 1295 esse
747 1247 897 1305 Jovis3
926 1247 1158 1313 sociasque
1186 1265 1360 1295 sorores

236 1379 358 1422 1-415.
374 1377 428 1412 A!
440 1391 507 1412 non
519 1377 679 1412 Alcithoe
688 1378 870 1424 M'nyeias.

190 1429 392 1478 Minyeides
401 1429 482 1464 solae
493 1442 565 1464 non
578 1435 771 1475 potuerunt
782 1429 871 1464 tristi

189 1481 342 1518 Penthei
371 1481 465 1516 exitu
483 1481 616 1516 moveri
634 1507 644 1524 ,
672 1489 712 1516 ut
731 1481 870 1516 Baccho

187 1547 284 1570 sacra
296 1535 462 1569 facerent.
481 1533 608 1579 Quum
620 1534 724 1579 igitur
735 1534 870 1568 interea

188 1601 276 1634 opus
301 1589 457 1623 facerent
470 1613 480 1631 ‚
509 1587 736 1632 laboremque
767 1587 869 1622 variis

187 1641 319 1678 sabellis
329 1667 340 1685 ,
352 1653 429 1686 quae
440 1641 487 1676 sic
501 1640 687 1676 commode
703 1640 871 1675 intexun-

185 1701 256 1731 tur.
271 1693 450 1736 levarent,
462 1692 498 1727 in
511 1692 773 1738 vespertiliones
788 1705 870 1726 mu-

186 1752 266 1781 tatae
280 1752 373 1780 sunt.
384 1745 598 1780 Tractarunt
613 1744 704 1780 hanc
716 1745 870 1780 fabulam

183 1800 292 1835 etiam
304 1798 462 1834 AElianus
474 1798 519 1834 V.
531 1800 578 1834 H.
591 1799 646 1834 111
660 1825 669 1841 ‚
685 1800 725 1842 4²
736 1825 746 1842 ‚
765 1805 869 1844 atque

185 1863 205 1885 e
224 1849 405 1887 Nicandro
422 1857 456 1885 et
470 1849 630 1885 Corinna
643 1851 775 1886 Anton.
794 1851 868 1885 Lib.

185 1903 232 1937 X.
247 1902 301 1938 Ac
315 1902 353 1937 hi
370 1902 516 1948 quidem
533 1902 626 1937 aliud
644 1902 777 1937 facinus
800 1901 870 1935 ad·-

186 1952 301 1997 dunt,
325 1954 420 2000 quod
445 1967 570 1994 unum,
589 1954 632 1988 de
665 1952 870 1987 mulieribus

185 2007 250 2042 illis
274 2007 450 2043 Plutarch.
478 2008 613 2052 Quaest.
640 2007 752 2042 Graec.
783 2013 869 2040 tom.

190 2057 263 2093 Vll
276 2084 286 2102 ,
305 2058 399 2104 Opp.
415 2073 448 2105 p.
470 2073 545 2107 197,
562 2059 678 2093 Reisk.
690 2065 871 2092 narrat.—

187 2110 293 2145 Hanc
303 2123 444 2156 quoque
454 2111 608 2145 fabulam
621 2110 711 2155 apud
723 2121 787 2144 nos
798 2109 872 2143 ele-

188 2162 396 2207 gantissimis
417 2162 630 2198 carminibus
648 2162 772 2196 imitati
788 2167 871 2196 sunt

187 2221 300 2260 poetae
323 2215 476 2259 summi,
495 2216 704 2259 Lusonlae'ne
728 2222 763 2250 et
786 2217 870 2249 Vol-

188 2271 273 2302 laire
287 2280 298 2301 :
315 2267 419 2302 ambo
435 2267 537 2302 laude
555 2267 651 2313 digni
665 2281 673 2309 ;
690 2267 749 2302 sed
775 2267 872 2312 prior

187 2319 402 2364 antiquitatis
417 2320 595 2354 sincerum
611 2332 773 2365 saporem
794 2331 871 2354 ma-

187 2371 238 2417 gis
265 2370 412 2406 redolet.
433 2373 499 2406 Ed.
530 2389 575 2398 -·
603 2372 800 2418 MmyeJ'au
823 2371 872 2406 sie

187 2430 283 2460 recte
293 2424 533 2460 emendarunt
541 2425 696 2471 Scaliger
707 2432 742 2460 et
755 2426 872 2461 Hein-

187 2478 258 2513 sius
278 2477 347 2514 hoc
368 2491 503 2514 nomen
523 2506 532 2523 ,
557 2479 651 2525 quod
679 2480 751 2524 jam
776 2479 871 2515 Lac—

188 2530 289 2565 tantii
313 2537 471 2576 tempore
495 2539 701 2577 corruptum
719 2539 815 2573 erat;
833 2533 871 2567 in

187 2585 265 2630 ejus
296 2584 393 2619 enim
422 2585 644 2631 Argumento
677 2593 729 2621 est
756 2586 872 2621 Minei

188 2637 268 2671 filia.
286 2637 462 2672 —Nostri
479 2636 628 2672 Codices
644 2638 775 2672 habent
791 2639 871 2672 Mi—

187 2692 292 2724 ncius.
321 2707 366 2715 —-
389 2691 581 2736 AEfinyeides
610 2702 688 2734 quae
712 2689 870 2733 suerint,

190 2754 264 2776 non
275 2749 372 2778 certo
387 2741 528 2776 definiri
540 2749 653 2788 potest
664 2770 672 2782 ‚
689 2755 798 2787 quum
813 2755 873 2787 pa·-

190 2796 387 2842 tronymica
398 2808 488 2841 saepe
507 2795 694 2842 nepotibus
706 2821 716 2840 ,
735 2807 875 2841 prone-z

370 2862 474 2909 III.

936 1377 1075 1423 potibus
1087 1385 1122 1413 et
1138 1377 1287 1412 omnino
1302 1376 1448 1422 posteris
1458 1375 1618 1411 tribuan-

937 1436 1004 1464 tur.
1032 1429 1070 1464 Si
1091 1429 1321 1464 Plutarchum
1341 1436 1376 1463 et
1396 1429 1528 1463 Anton.
1546 1442 1618 1463 au—

937 1483 1022 1526 dias,
1030 1483 1177 1517 suerunt
1186 1483 1321 1530 Minyae
1329 1481 1417 1517 filiae.
1428 1481 1483 1516 De
1495 1481 1621 1529 Minya

936 1543 1055 1571 autem
1065 1537 1210 1581 ejusque
1225 1535 1438 1581 genealogia,
1451 1534 1519 1569 vid.
1531 1535 1621 1570 Pau-

935 1601 1007 1622 san.
1019 1588 1131 1623 Boeot.
1141 1601 1174 1633 p.
1185 1588 1256 1633 783.
1269 1587 1448 1622 Fuitfilius
1460 1585 1618 1633 Chrysae,

935 1639 1119 1686 filiumque
1161 1640 1283 1674 habuit
1317 1639 1590 1674 Orchomenum
1611 1666 1621 1682 ‚

935 1692 1158 1727 conditorem
1179 1692 1400 1727 orchomeni
1420 1692 1525 1726 urbis.
1549 1691 1622 1726 Sed

936 1745 1022 1779 nihil
1040 1744 1096 1779 ille
1112 1745 1156 1779 de
1174 1744 1226 1779 his
1244 1744 1459 1779 mulieribus.
1478 1744 1622 1778 AEliano

936 1797 1104 1832 (licuntur
1123 1800 1246 1833 Μινύων
1262 1799 1444 1845 θυγατέρες,
1464 1803 1502 1831 ut
1518 1796 1621 1830 fuisse

936 1850 1099 1885 dicantur
1122 1863 1140 1884 e
1167 1850 1298 1895 populo
1324 1850 1531 1896 Minyarum
1548 1875 1558 1892 ,
1586 1848 1623 1883 id

936 1908 988 1936 est
1001 1927 1010 1944 ,
1042 1901 1171 1947 populo
1198 1898 1334 1948 Minya}
1361 1901 1511 1946 imperio
1532 1901 1622 1935 sub-

935 1955 1028 1998 jecto
1039 1967 1047 1993 ς
1061 1956 1208 1989 Pausan.
1220 1954 1254 1989 d.
1263 1954 1283 1988 l.
1294 1961 1330 1988 et
1341 1952 1622 1999 Corinth.p.178.

936 2006 1092 2040 Nomina
1126 2019 1248 2043 earum
1280 2006 1373 2040 varie
1401 2005 1621 2040 exhibentur.

938 2058 1068 2092 Nostro
1086 2071 1156 2093 una
1170 2066 1222 2093 est
1239 2060 1408 2099 Alcithoe,
1422 2053 1528 2093 altera
1540 2059 1623 2092 Leu-

937 2124 1059 2154 conoe‚·
1077 2112 1218 2147 tertiam
1228 2124 1302 2146 non
1312 2112 1485 2147 nominat.
1501 2112 1531 2146 A
1541 2112 1621 2147 Plu-

937 2164 1059 2199 tarcho
1067 2172 1238 2200 vocantur
1247 2166 1425 2210 Leucippe,
1434 2166 1471 2200 A
1473 2169 1620 2211 r12rl1‘ppe,

936 2217 1125 2259 Alcithoe‚·
1159 2217 1201 2252 ab
1233 2218 1373 2253 AEliano
1387 2245 1396 2262 ‚
1427 2220 1594 2263 Leucippe
1607 2246 1617 2259 ‚

936 2268 1084 2313 Arsippe
1094 2297 1102 2309 ‚
1118 2271 1288 2304 Alcathoe
1302 2283 1312 2304 ,’
1324 2282 1401 2315 quae
1415 2270 1561 2304 varietas
1570 2270 1626 2305 vel

937 2320 1084 2356 librariis
1094 2321 1256 2366 debetur,
1270 2322 1339 2366 vel,
1352 2329 1390 2357 ut
1399 2335 1489 2368 saepe
1502 2322 1538 2356 in
1550 2334 1624 2369 my·

938 2372 1005 2408 this
1021 2374 1165 2417 sactum,
1182 2375 1263 2420 ipsis
1280 2376 1488 2410 auctoribus.
1505 2375 1624 2410 Fuisse

938 2432 1057 2460 autem
1071 2426 1137 2462 illae
1155 2426 1172 2472 (
1185 2426 1279 2472 quod
1294 2434 1330 2461 et
1350 2427 1477 2461 AElian.
1492 2426 1625 2472 tradit)

938 2480 1103 2515 mulieres
1119 2480 1276 2516 honestae
1292 2480 1458 2515 videntur
1471 2480 1624 2515 marito-

938 2546 1090 2579 rumque
1107 2541 1283 2577 amantes,
1299 2533 1490 2579 quae·domi
1507 2534 1558 2568 rei
1572 2534 1624 2568 sa-

939 2586 1064 2620 miliari
1080 2599 1225 2631 operam
1238 2586 1319 2620 dare
1332 2585 1478 2620 mallent
1488 2611 1498 2629 ,
1517 2598 1624 2631 qnam

939 2651 1029 2673 nova
1053 2651 1148 2673 sacra
1171 2640 1408 2683 frequentare.
1435 2638 1531 2673 Hinc
1544 2664 1553 2682 ,
1582 2645 1623 2673 ut

938 2691 1041 2726 sacris
1065 2690 1130 2725 illis
1155 2690 1267 2725 honos
1295 2689 1475 2726 accederet
1488 2717 1497 2734 ‚
1522 2703 1626 2736 poena

940 2744 1020 2779 ficta
1034 2750 1098 2787 est,
1110 2757 1216 2789 quam
1229 2744 1386 2780 Bacchus
1397 2745 1439 2779 ab
1450 2745 1522 2779 istis
1533 2758 1624 2779 sum-

939 2796 1033 2832 serit.
1044 2815 1089 2824 --
1100 2796 1156 2834 De
1173 2798 1286 2843 Orgiis
1297 2796 1375 2834 vide
1396 2796 1439 2831 ad
1455 2797 1513 2831 111
1524 2822 1534 2841 ,
1557 2798 1631 2831 518.

1391 2881 1442 2924 ¹9
