1832 3100
267 302 355 358 534

644 306 696 349 Ρ.
732 307 970 352 OVIDII
1007 308 1306 355 NASONIS

266 419 289 440 n
319 400 423 445 Non
445 397 652 448 habuisse
678 400 798 449 voles
819 421 828 448 ε
853 424 874 444 »
904 422 1059 470 meque
1081 403 1144 451 illi
1171 404 1279 453 irata
1303 407 1484 455 remisit.

263 474 383 522 Dum
406 474 536 522 redeo
551 512 561 531 ‚
588 495 844 544 mecumque
872 481 972 527 Deae
997 487 1236 528 memorata
1255 492 1444 530 retracto
1460 520 1472 541 ,

263 552 374 600 Esse
395 563 537 600 metus
561 554 719 620 caepit,
742 574 797 603 ne
815 555 913 620 jura
932 556 1096 620 jugalia
1115 557 1277 622 conjux

1618 574 1684 621 7¹5

263 634 370 681 Non
390 633 502 682 bene
528 648 761 691 servasset;
782 635 1002 704 faciesque
1026 650 1215 705 aetasque
1236 639 1422 703 jubebat

267 710 453 759 Credere
478 711 768 771 adulterium3
794 714 1096 779 prohibebant
1121 715 1293 764 credere
1310 735 1468 766 mores.

265 787 351 836 Sed
378 799 521 836 tamen
546 789 770 838 abfueram
792 810 801 838 :
822 791 900 839 sed
921 804 965 840 et
984 792 1077 841 haec
1101 804 1191 841 erat
1206 830 1218 852 ,
1242 793 1359 841 unde
1377 793 1574 844 redibam
1589 833 1600 855 ,

267 865 476 913 Criminis
498 866 746 932 exemplum
767 886 776 924 ;
801 868 878 916 sed
899 881 1055 918 cuncta
1079 870 1284 918 timemus
1307 883 1514 921 amantes.

265 943 472 1006 Quaerere
487 981 498 1000 ‚
527 962 616 1009 quo
642 944 812 994 doleam
830 983 841 1004 ‚
868 946 1026 995 studeo
1042 984 1054 1004 ‚
1080 945 1295 1012 donisque
1317 948 1526 1013 pudicam

267 1017 515 1067 Sollicitare
536 1019 667 1068 fidem
689 1041 698 1068 :
721 1021 837 1070 favet
857 1023 961 1072 huic
985 1025 1159 1071 Aurora
1185 1024 1332 1072 timori
1351 1063 1363 1083 ‚

1620 974 1687 1010 720

267 1097 566 1164 Immutatque
587 1117 752 1157 meam,
778 1099 931 1149 videor
954 1102 1164 1159 sensisse,
1187 1101 1385 1164 figuram.

267 1173 485 1222 Palladias
506 1175 629 1232 ineo,
651 1194 743 1223 non
765 1179 1099 1239 cognoscendus
1114 1217 1125 1234 ‚
1151 1179 1373 1237 Athenas;

267 1255 587 1322 Ingrediorque
614 1256 794 1305 domum
814 1277 824 1306 :
848 1256 977 1325 culpa
1001 1260 1157 1308 domus
1181 1261 1277 1327 ipsa
1300 1261 1503 1319 carebat,

271 1336 488 1403 Castaque
511 1337 635 1400 signa
657 1339 810 1395 (labat,
833 1339 1101 1407 dominoque
1121 1354 1215 1390 erat
1239 1343 1369 1391 anxia
1391 1354 1533 1410 rapto.

267 1418 357 1466 Vix
380 1419 503 1467 aditu
526 1438 606 1485 per
626 1419 745 1469 mille
769 1420 896 1469 dolos
916 1421 973 1470 ad
995 1423 1232 1471 Erechtida
1253 1423 1369 1472 facto
1386 1462 1398 1482 ‚

1621 1357 1688 1404 7²5

270 1501 334 1547 Ut
353 1499 470 1558 vidi,
498 1501 735 1567 obstupui,
760 1503 1053 1570 meditataque
1077 1523 1199 1570 paene
1221 1504 1381 1571 reliqui

269 1581 559 1629 Tentamenta
581 1581 667 1629 fide
687 1602 697 1629 ι
718 1582 921 1631 maleine
934 1620 946 1641 ,
973 1584 1080 1650 quin
1103 1603 1203 1634 vera
1224 1584 1383 1634 faterer
1399 1622 1412 1643 ‚

262 1721 485 1766 ftfiHeriL—
498 1722 598 1764 Quod
607 1724 643 1755 si
652 1734 726 1755 mea
741 1727 804 1756 etc.
819 1721 844 1755 J
846 1721 947 1756 unia-

274 1787 340 1809 nus
353 1800 363 1816 ‚
389 1787 459 1819 quae
476 1777 512 1807 ,σι’
531 1780 594 1808 etc.
615 1773 782 1808 Heinsius
798 1774 949 1808 malebat

273 1838 371 1870 quam
385 1827 426 1858 si.
444 1824 546 1869 Regii
559 1824 669 1859 nostri
687 1851 696 1867 ,
713 1826 805 1869 quod
816 1828 858 1859 si.
876 1824 947 1859 Sed

271 1877 299 1912 si
312 1904 322 1920 ,
342 1876 476 1921 inquit,
492 1875 666 1921 praevideo
680 1876 796 1910 sutura
807 1903 817 1920 ‚
832 1877 948 1922 cupies

273 1941 457 1973 nunquam
476 1928 632 1962 habuisse
650 1928 808 1962 Procrin.
824 1930 890 1963 Ed.

321 1981 392 2025 714.
407 1981 566 2013 Retracto
578 2005 586 2018 ‚
605 1991 744 2013 mecum
762 1979 894 2024 cogito,
912 1985 951 2013 ut

276 2032 343 2075 IV,
363 2032 437 2067 568.
457 2050 500 2058 ·-
514 2034 617 2067 Jura.
637 2032 759 2066 officia.
921 2054 923 2056 -

322 2087 395 2131 718.
419 2087 487 2120 Sed
493 2111 580 2120 .....
594 2088 663 2119 sed.
683 2085 831 2131 Elegans
847 2085 950 2130 hujus

274 2138 366 2172 vocis
383 2136 547 2182 'repetitio
561 2164 571 2180 ‚
596 2144 630 2171 et
646 2151 685 2172 ea
703 2151 767 2172 vox
786 2151 882 2173 nunc
899 2145 951 2172 est

276 2188 409 2223 crimen
425 2188 616 2223 inferentis.
627 2207 671 2214 —
682 2191 812 2224 Crimen
830 2189 865 2222 in
878 2189 951 2234 pri-

277 2239 343 2274 mis
360 2239 402 2273 de
420 2241 593 2273 adulterio.
625 2239 763 2273 Aurora
791 2239 950 2273 adulterii

280 2294 460 2335 exemplum
474 2318 481 2330 ,
498 2291 578 2336 quia
594 2298 703 2336 nupta
718 2291 885 2326 Tithono.
906 2311 950 2318 -

281 2346 412 2379 Cuncta
430 2347 591 2378 timemus.
613 2343 747 2378 Confer
774 2357 861 2378 vers.
876 2344 951 2378 826.

323 2409 398 2442 720.
426 2397 497 2439 Quo
515 2397 645 2429 doleam
662 2395 828 2430 Heinsius
844 2410 862 2430 e
880 2397 951 2430 tri-

275 2448 340 2483 bus
354 2447 463 2483 MSS.
475 2447 605 2492 recepit
619 2462 626 2488 ;
646 2460 742 2492 aeque
755 2455 848 2482 recte
863 2450 956 2492 quod

277 2502 406 2534 doleam
431 2499 534 2545 vulgo
568 2501 581 2543 (
596 2506 632 2534 et
658 2500 782 2535 nostris
808 2499 951 2546 Regiis)

278 2552 456 2587 editur.—
466 2554 584 2593 Favet,
606 2552 755 2597 adjuvat.
768 2554 930 2600 Hyginus
942 2567 950 2588 ε

285 2604 400 2638 Mutat
413 2607 448 2638 in
458 2606 599 2648 hospilis
605 2606 752 2649 figuram
762 2631 769 2644 ,
784 2609 882 2649 alque
896 2607 959 2638 dal

277 2668 411 2689 munem
431 2659 600 2699 speciosa,
627 2669 697 2700 quoe
717 2657 873 2690 Procrz'de'
886 2658 951 2690 de-

270 2707 387 2750 firtel.

327 2760 399 2803 724.
415 2760 521 2803 Culpa
530 2761 683 2803 carebal5
695 2772 766 2793 non
778 2759 874 2793 euim
885 2759 929 2793 ibi
940 2785 949 2803 ,

279 2816 317 2844 ut
329 2811 364 2845 in
377 2810 507 2857 Ulyssis
520 2810 638 2855 domo,
649 2811 753 2855 proci.
762 2812 932 2847 ——Anxia
937 2837 947 2855 ,

1010 1734 1138 1766 nempe
1150 1721 1328 1756 domestici
1341 1729 1441 1756 erant
1452 1721 1683 1767 anxii-Quum

1011 1778 1140 1817 raptum
1155 1786 1225 1808 esse
1237 1773 1415 1818 ignoraret
1425 1772 1580 1817 Procris,
1593 1774 1689 1808 Bur-

1013 1837 1163 1859 mannus
1174 1838 1214 1859 ex
1223 1837 1296 1859 uno
1311 1825 1450 1870 praefert
1465 1827 1584 1868 ίαν-ἄη
1606 1825 1687 1871 quia

1012 1876 1183 1919 cessabat,
1202 1876 1301 1910 anxia
1317 1883 1391 1911 erat
1409 1888 1417 1910 :
1433 1877 1579 1918 frustm3
1595 1877 1688 1912 alio—

1015 1928 1099 1972 quin
1111 1934 1145 1961 et
1154 1953 1163 1970 ,
1177 1940 1292 1962 versus
1305 1928 1366 1974 732
1380 1953 1389 1971 ,
1401 1929 1533 1973 abrepti
1541 1934 1690 1963 mutan-

1015 1980 1101 2014 dum
1117 1987 1216 2014 esset.
1609 1987 1611 1989 ’

1061 2031 1134 2075 726.
1151 2033 1219 2065 Vix
1226 2031 1323 2065 aditu
1331 2037 1395 2066 etc.
1403 2029 1609 2065 Secundum
1619 2029 1691 2065 An-

1015 2083 1179 2118 toninum
1210 2083 1406 2117 Liberalem
1425 2109 1434 2127 ,
1460 2096 1523 2128 per
1550 2095 1690 2118 servum

1014 2134 1175 2180 ignotum
1209 2135 1321 2180 pretio
1347 2134 1494 2169 Procrin
1522 2133 1691 2169 sollicitat.

1017 2188 1170 2222 Auctore
1204 2187 1420 2233 Apollodoro
1441 2213 1451 2231 ,
1486 2187 1626 2222 Procris
1653 2186 1690 2220 in

1016 2239 1186 2276 adulterio
1209 2253 1289 2274 curn
1314 2239 1495 2274 Pteleonte
1521 2238 1691 2284 deprensa

1014 2292 1103 2337 sugit
1125 2291 1165 2326 ad
1188 2292 1319 2326 Minoa.
1347 2291 1476 2326 Melius
1492 2298 1566 2334 est,
1595 2289 1690 2335 quod

1016 2346 1144 2380 Noster
1160 2343 1398 2390 apprehendit.
1412 2362 1458 2370 —
1481 2344 1547 2377 Vix
1561 2344 1691 2377 adila...

1006 2398 1108 2443 facto
1119 2397 1215 2432 dedit
1228 2396 1394 2431 Heinsius
1408 2409 1448 2430 ex
1460 2395 1568 2430 tribus
1579 2409 1587 2435 ;
1599 2395 1691 2429 bene

1015 2464 1050 2485 se
1067 2451 1171 2484 habet
1187 2449 1280 2494 quod
1297 2449 1356 2483 dat
1372 2449 1508 2494 vulgata
1529 2447 1642 2494 (sicut
1656 2454 1692 2480 et

1017 2502 1147 2547 Regius
1164 2508 1283 2535 noster
1298 2501 1353 2544 A)
1370 2503 1484 2535 odilus
1501 2526 1509 2534 .
1521 2526 1528 2533 .
1541 2525 1548 2532 .
1559 2499 1691 2544 factus.

1017 2553 1122 2598 Apud
1149 2553 1288 2587 Graecos
1310 2553 1345 2587 in
1372 2551 1538 2587 interiore
1563 2551 1691 2586 aedium

1016 2611 1113 2648 parte
1125 2604 1289 2639 mulieres
1300 2604 1477 2638 sedebant.
1485 2622 1529 2629 —
1542 2603 1590 2636 Ut
1598 2603 1685 2642 vidi,

1015 2659 1193 2699 obstupu1';
1225 2656 1390 2690 Heinsius
1418 2654 1632 2700 conjecturat
1655 2658 1694 2686 ul

1015 2710 1105 2747 vidi,
1132 2713 1170 2742 ut
1176 2712 1297 2751 stupui.
1307 2727 1348 2733 —-·
1360 2709 1465 2748 Frate,-
1484 2705 1605 2741 Codex
1618 2705 1692 2738 Re-

1017 2760 1091 2805 gius
1109 2761 1140 2794 A
1157 2759 1359 2805 habetfidet'.
1376 2778 1419 2784 —
1437 2759 1551 2800 Male‚·
1567 2757 1631 2791 vix.
1647 2775 1690 2782 -

1020 2813 1109 2854 Quin
1124 2816 1181 2855 ut;
1202 2810 1321 2846 Codex
1337 2812 1370 2846 B
1381 2836 1391 2855 ,
1407 2810 1574 2855 quidquid.
