1832 3100
365 200 1052 250 METAMORPHO'SEON
1084 202 1214 248 LIB.
1250 202 1290 248 1.

1465 221 1541 249 111

112 300 201 350 Vix
222 318 353 368 prece
373 296 521 356 finita,
547 309 707 364 torpor
728 296 873 360 gravis
896 296 1064 359 adligat
1086 308 1209 345 artus
1229 318 1240 345 ε

112 376 277 427 Mollia
294 377 539 441 cinguntur
558 374 684 424 tenui
708 375 955 442 praecordia
978 374 1096 423 libro
1114 394 1124 423 :

112 457 167 504 In
189 454 396 517 frondem
420 454 565 503 crines
579 491 592 512 ‚
619 453 667 501 in
690 472 839 503 ramos
862 452 1046 502 brachia
1069 464 1302 502 crescunt:

1486 470 1554 506 550

113 534 226 592 Pes,
250 532 388 583 modo
415 544 504 581 tam
527 530 658 580 velox
675 569 687 590 ‚
710 531 853 598 pigris
876 531 1103 581 radicibus
1123 527 1260 580 haeret
1279 551 1291 580 :

116 612 212 661 Ora
234 629 443 661 cacumen
465 609 566 659 obit
585 627 595 656 :
619 622 819 659 remanet
839 610 961 659 nitor
983 629 1100 659 unus
1124 610 1172 658 in
1193 609 1282 658 illa.

115 689 244 738 Hanc
271 707 452 756 quoque
474 688 676 744 Phoebus
698 699 838 746 amat;
859 688 1095 755 positaque
1118 688 1166 736 in
1191 688 1345 756 stipite
1369 689 1526 740 dextra

115 766 262 815 Sentit
284 766 431 815 adhuc
457 765 678 833 trepidare
699 785 818 814 novo
842 766 927 815 sub
951 767 1114 815 cortice
1140 779 1312 834 pectus.

114 842 477 912 Complexusque
498 843 591 892 suis
614 862 782 903 ramos,
808 855 860 892 ut
882 844 1102 903 membra,
1128 843 1326 904 lacertis,
1492 861 1560 896 555

115 923 284 973 Oscula
307 923 384 974 dat
407 923 534 986 ligno
558 943 569 971 :
589 922 756 986 refugit
778 935 926 972 tamen
949 922 1103 972 oscula
1126 923 1313 987 lignum.

115 1001 203 1050 Cui
229 1002 381 1062 Deus,
407 1013 436 1044 ἰ(
462 1002 527 1050 At
549 1001 712 1067 conjux
738 1000 950 1072 quoniam
974 1020 1070 1049 mea
1097 1020 1189 1049 non
1211 1013 1344 1068 potes
1367 1021 1486 1062 esse,

116 1101 143 1123 »
169 1079 327 1129 Arbor
347 1079 436 1129 eris
460 1091 577 1129 certe
592 1117 604 1137 ‚
630 1078 772 1137 dixit,
797 1097 907 1127 mea.
940 1078 1128 1144 Semper
1148 1078 1386 1127 habebunt

118 1179 144 1201 τ)
168 1158 235 1207 Te
258 1177 403 1216 coma,
427 1169 470 1207 te
493 1156 697 1215 citharae,
727 1168 770 1205 te
789 1168 976 1214 nostrae,
1001 1157 1167 1215 Lame,
1194 1157 1426 1224 pharetrae.

123 1259 149 1281 ³»
174 1238 248 1286 Tu
273 1237 467 1286 ducibus
489 1235 632 1285 Latiis
653 1235 820 1294 aderis,
848 1254 987 1302 quum
1011 1233 1111 1284 laeta
1132 1235 1411 1304 triumphum

117 1378 208 1415 adeo
221 1385 367 1426 apparet
380 1404 390 1422 ,
402 1384 484 1414 uter
498 1389 579 1413 eam
592 1377 785 1412 mutaverit
795 1402 806 1421 ,

118 1432 288 1478 quoniam
309 1430 464 1476 denique
482 1430 519 1464 in
544 1429 693 1476 Argum.
710 1429 807 1464 Lac-

116 1484 219 1519 tantii
241 1496 333 1519 unus
354 1490 455 1529 pater
475 1482 681 1526 invocatur,
698 1493 808 1527 prop-

116 1543 215 1572 terea
226 1535 348 1571 malim
360 1535 425 1570 hos
436 1534 525 1570 duos
532 1547 653 1569 versus
662 1534 708 1569 ita
718 1547 807 1570 con-

116 1589 256 1624 trahere
274 1602 284 1624 :
315 1590 394 1632 Qua
407 1591 547 1624 nimium
560 1590 696 1633 placui,
724 1601 806 1623 mu-

114 1643 219 1677 lando
225 1643 328 1687 perde
325 1642 494 1688 figuram,
515 1639 658 1686 reliquis
673 1639 807 1675 deletis.

119 1693 306 1740 Quoniam
327 1692 446 1728 miseri
471 1705 562 1739 saepe
590 1699 714 1738 optant
727 1719 736 1734 ,
767 1700 807 1727 ut

113 1751 202 1782 terra
210 1748 326 1781 has-cat
335 1745 526 1791 (Heroidd.
538 1745 605 1789 Vl,
622 1747 696 1790 144;
712 1746 806 1781 Fast.

115 1799 172 1835 III
182 1825 192 1843 ,
209 1798 295 1848 5093
311 1798 417 1834 Silius
427 1825 437 1842 ,
453 1797 522 1842 IV,
534 1799 616 1842 332,
624 1797 747 1843 fugere
757 1801 807 1832 in-

100 1853 216 1899 fixum
225 1856 281 1885 es!
290 1879 299 1892 ‚
317 1856 474 1896 terreque
482 1855 641 1895 optantur
652 1850 804 1898 hiatus),

115 1903 226 1938 etiam
249 1902 308 1938 hic
329 1902 398 1938 hoe
413 1909 537 1937 votum
555 1902 718 1938 infarcire
736 1902 807 1937 ali-

115 1956 193 2001 quis
200 1956 326 2003 potuit.
335 1955 507 1991 Similiter
519 1967 583 2000 700
593 1968 681 2001 sqq„
691 1955 807 1992 verbis

116 2008 329 2055 quibusdam
348 2007 471 2044 deletis
482 2035 491 2052 ,
507 2008 720 2054 interpretes
736 2021 807 2043 me-

116 2062 186 2097 rito
197 2062 286 2097 duos
296 2075 417 2098 versus
425 2062 461 2097 in
471 2075 585 2096 unum
594 2061 807 2096 conflarunt.

117 2114 214 2149 Alias
229 2113 395 2149 emendd.
411 2113 491 2148 vide
508 2114 545 2148 in
568 2114 702 2148 variet.
728 2114 807 2149 lect,

117 2165 174 2201 De
193 2166 301 2201 verbo
315 2168 452 2206 ledere,
475 2165 546 2200 vid.
561 2165 604 2200 ad
618 2166 695 2201 608.

162 2220 238 2263 548.
255 2219 412 2264 Adligat.
434 2219 534 2255 Olim
557 2224 708 2263 occupat.
734 2219 806 2255 Sed

114 2273 251 2315 adligat
279 2271 404 2307 Heius.
427 2271 604 2318 adoptavit
628 2285 668 2307 ex
691 2272 807 2318 primo

116 2323 220 2359 Basil.
239 2324 422 2371 Langiano
439 2332 475 2360 et
489 2325 600 2360 altero
618 2326 706 2372 Reg.
728 2327 806 2372 Ipse

115 2385 235 2413 tamen
246 2379 344 2414 malit
354 2381 499 2424 aggelus.
507 2379 677 2414 -Nostri
691 2379 806 2416 Codd.

115 2429 249 2466 habent
259 2436 413 2477 occupat.
422 2451 465 2458 —·
476 2432 654 2468 Gravisab
663 2432 804 2477 essectu,

115 2483 176 2528 qui
187 2485 332 2528 adligat,
343 2483 513 2530 rigidoset
522 2484 719 2520 immobiles
725 2484 807 2520 red-

115 2533 169 2570 dit
183 2542 288 2570 artus.
304 2537 470 2570 Gravitas
480 2549 522 2570 eo
530 2550 635 2572 sensu
647 2536 690 2571 de
701 2537 807 2573 arbo-

115 2601 154 2623 re
159 2589 486 2634 ,XI,244.AdIigare
493 2595 588 2624 artus
595 2589 638 2625 de
648 2597 804 2637 torpore,

115 2648 288 2687 tremore,
297 2655 426 2689 pavore
434 2643 561 2688 passim
572 2643 667 2679 :vide
680 2645 806 2681 Heins-

162 2696 238 2743 549.
254 2696 403 2730 Mamm.
429 2695 501 2731 Hic
522 2695 649 2731 melius
664 2697 779 2742 posuit
794 2723 804 2742 ,

118 2760 227 2793 quam
244 2747 428 2784 duriorem
441 2749 621 2784 corticem.

1495 1251 1564 1287 560

917 1376 994 1410 550.
1020 1376 1192 1410 Crescunt.
1225 1375 1436 1413 Mutationis
1463 1379 1564 1414 notio

871 1428 1002 1462 variata
1014 1427 1130 1462 verbis
1137 1436 1298 1470 crescere,
1312 1431 1448 1472 herere,
1462 1434 1564 1467 obire.

873 1480 1103 1515 Postremum
1114 1480 1161 1515 sic
1173 1487 1209 1515 et
1223 1480 1395 1528 V11‚775;
1408 1483 1474 1527 IX,
1485 1496 1563 1532 290.

917 1533 992 1568 551.
1010 1534 1145 1576 qurt's,
1161 1533 1417 1577 immobilibus,
1435 1535 1478 1571 ab
1497 1535 1566 1571 ho·—

870 1584 970 1619 mine
986 1592 1156 1620 sumtum.

916 1641 991 1674 552.
1010 1641 1178 1675 Bemane!
1189 1643 1287 1675 nitor.
1312 1642 1435 1676 Nitida
1447 1644 1565 1678 laurus

871 1691 979 1726 etiam
995 1693 1086 1728 XIV
1102 1719 1112 1737 ,
1133 1707 1217 1739 7203
1236 1693 1328 1728 Ptin.
1346 1693 1393 1738 V,
1414 1694 1480 1741 Ep.
1498 1707 1538 1731 Vt
1552 1723 1562 1740 ‚

872 1747 904 1790 4.
923 1746 1042 1792 Atque
1061 1746 1167 1781 etiam
1185 1746 1308 1792 puellis
1324 1751 1416 1782 m'lor
1428 1749 1563 1783 tribui-

876 1805 948 1842 tur,
965 1798 987 1832 i.
1004 1812 1034 1833 e.
1049 1798 1289 1844 pulchritudo,
1306 1799 1378 1843 XI,
1396 1813 1471 1844 27²·
1483 1800 1565 1836 Hoc

871 1864 977 1886 suum
989 1851 1095 1887 decus
1106 1852 1259 1898 Daphne
1274 1860 1389 1888 servat
1403 1860 1539 1890 mutata
1551 1881 1562 1898 ,

873 1912 913 1940 ut
930 1904 973 1939 ad
993 1906 1054 1950 ²37
1071 1904 1307 1951 admonitum.

918 1958 994 2001 554.
1018 1958 1053 1991 T
1047 1960 1207 2001 tepidare.
1223 1957 1370 2004 Palpare
1384 1985 1394 2003 ‚
1409 1940 1539 1994 micare
1552 1985 1563 2003 ‚

872 2008 916 2043 de
936 2016 1035 2043 motu
1053 2009 1179 2045 cordis.
1199 2008 1255 2044 Cs.
1274 2009 1386 2055 VIII,
1404 2010 1482 2046 606.

919 2063 992 2106 557.
1014 2062 1159 2106 Conjux.
1178 2061 1269 2097 Vide
1291 2062 1333 2097 ad
1353 2064 1430 2111 490.

919 2115 994 2149 558.
1009 2115 1125 2150 Arbor
1137 2129 1212 2150 mea
1223 2128 1264 2150 ex
1278 2128 1379 2151 more
1391 2143 1401 2160 ,
1419 2130 1490 2162 quo
1502 2117 1566 2153 Dii

874 2166 1016 2201 arbores
1028 2166 1195 2213 quasdam
1207 2168 1243 2202 in
1256 2168 1364 2203 tutela
1378 2182 1440 2203 sua
1453 2168 1563 2204 habe—

872 2219 968 2254 bant.
984 2219 1040 2255 Cs.
1053 2234 1069 2266 7
1078 2233 1127 2255 ιο.
1138 2239 1183 2247 -
1194 2223 1387 2257 Habebunt.
1404 2222 1564 2257 Laurum

872 2272 1051 2314 habebant,
1065 2273 1164 2308 lauro
1177 2281 1302 2309 ornata
1309 2276 1562 2319 erant,omnia,

874 2337 951 2370 quae
962 2325 1076 2372 Apoll.
1089 2333 1218 2370 essent,
1230 2327 1353 2372 tripus,
1372 2328 1561 2373 templum,

870 2385 985 2422 vates,
999 2379 1147 2414 victores
1165 2379 1314 2427 Pythici.
1338 2381 1416 2426 Ipse
1434 2381 1472 2415 in
1485 2393 1563 2415 mo-

871 2432 1053 2466 numentis
1067 2433 1226 2467 cernitur
1238 2432 1292 2467 vel
1306 2433 1490 2470 redimitus
1507 2445 1562 2468 co-

871 2496 961 2518 rona
976 2484 1095 2519 laurea
1106 2512 1114 2524 ‚
1132 2484 1187 2519 vel
1204 2491 1342 2529 gestans
1357 2484 1477 2520 dextra
1494 2498 1560 2520 ra—

872 2550 974 2571 mum
990 2537 1162 2572 laureum.
1178 2537 1287 2571 Unde
1302 2537 1429 2584 Apollo
1443 2543 1562 2585 δαφνη-

874 2594 958 2640 φέρος
974 2604 982 2625 2
999 2589 1078 2625 vide
1102 2589 1295 2636 Spanhem.
1308 2590 1351 2625 ad
1369 2590 1509 2627 Callim.
1523 2592 1558 2627 h.

872 2644 952 2679 Del.
962 2657 1069 2691 91.—
1084 2645 1130 2678 Te
1141 2646 1290 2679 cithara.
1308 2646 1404 2681 Hinc
1414 2646 1563 2683 laureati

872 2696 910 2731 in
926 2709 1030 2731 scena
1043 2695 1231 2732 citharaedi.
1248 2699 1314 2732 Ed.

919 2749 995 2788 560.
1025 2751 1077 2786 Tu
1091 2752 1232 2785 ducibus
1250 2758 1314 2787 etc.
1339 2751 1564 2797 Vaticinatue
