1832 3100
350 234 434 279 332

723 232 776 277 P.
810 231 1047 279 OVIDII
1083 233 1378 279 NASONIS

349 349 373 370 »
402 326 487 375 Hic
507 325 638 374 modo
660 346 759 374 cum
783 328 953 390 gemina
973 328 1063 377 visa
1083 340 1150 377 est
1173 329 1281 377 mihi
1304 328 1428 395 prole
1447 327 1649 378 laeena.'»'

350 407 500 471 thue
522 405 623 454 ferae
637 443 649 463 ‚
673 405 872 471 sequitur
894 405 1076 469 vestigia
1097 407 1298 471 conjugis
1321 425 1492 464 amens,

349 483 506 548 Deque
528 482 628 530 sinu
650 483 799 530 matris
823 482 1038 530 ridentem
1052 518 1064 539 ‚
1096 495 1139 530 et
1155 501 1290 549 parva
1312 484 1555 533 Learchum

1688 496 1750 532 515

348 559 535 607 Brachia
555 558 804 607 tendentem
822 595 833 616 ‚
858 559 975 624 rapit
990 596 1002 616 ‚
1028 571 1073 606 et
1093 559 1165 608 bis
1189 571 1340 626 terque
1364 579 1445 626 per
1465 579 1591 609 auras

348 636 478 684 More
498 648 614 685 rotat
633 636 804 693 fundae;
829 635 1063 702 rigidoque
1085 635 1269 684 infantia
1291 655 1395 684 saxo

349 712 545 760 Discutit
568 732 665 761 ossa
688 713 811 761 ferox
830 733 840 760 :
862 725 956 761 tum
977 707 1164 779 denique
1189 713 1360 761 concita
1380 724 1543 771 mater,

350 789 437 837 Seu
461 788 587 837 dolor
607 790 692 837 hoc
715 789 817 837 secit
831 826 843 847 ‚
869 808 946 837 seu
969 790 1108 856 sparsi
1130 809 1259 839 causa
1283 790 1463 848 veneni,
1524 845 1532 856 θ

351 867 590 924 Exululat;
614 867 841 933 passisque
865 867 981 930 fugit
1002 867 1112 915 male
1138 886 1240 915 sana
1264 866 1459 933 capillis;

1660 918 1662 920 ‚
1692 879 1756 913 520

350 950 502 1015 Teque
522 950 664 998 ferens
686 969 868 1016 parvum
890 950 1021 998 nudis
1034 987 1046 1007 ‚
1072 949 1324 1008 Melicerta,
1346 949 1541 1007 lacertis,

350 1033 492 1090 Eme,
514 1032 711 1080 Bacche!
737 1043 877 1080 sonat.
901 1031 1063 1080 Bacchi
1084 1032 1167 1079 sub
1193 1031 1368 1079 nomine
1392 1032 1512 1078 Juno

350 1114 470 1163 Risit
493 1133 503 1161 :
524 1127 592 1173 et,
620 1137 643 1157 «
664 1116 761 1162 Hos
784 1133 895 1162 usus
913 1125 1090 1180 praestat
1110 1113 1217 1171 tibi,
1241 1111 1352 1164 dikit
1366 1149 1378 1171 ‚
1401 1111 1615 1160 alumnus.
1639 1132 1662 1154 ›>

416 1196 623 1244 Imminet
645 1197 899 1263 aequoribus
922 1195 1131 1263 scopulus
1151 1217 1160 1244 :
1179 1214 1281 1262 pars
1304 1194 1391 1243 ima
1411 1205 1586 1242 cavatur

351 1346 460 1375 ratur.
471 1341 619 1375 leat-chi
625 1340 733 1375 caedes
743 1347 820 1386 apte
830 1347 865 1375 et
874 1340 917 1375 ad
926 1354 1026 1375 com-

353 1392 583 1428 miserationis
599 1399 635 1427 et
658 1392 701 1427 ad
717 1393 871 1428 horroris
884 1406 1026 1428 sensum

353 1451 501 1479 narrata.

397 1497 470 1530 518.
499 1497 589 1530 Ossa
604 1510 667 1542 pro
688 1510 748 1532 ora
766 1510 784 1532 e
807 1497 971 1533 Cantabr.
990 1505 1026 1532 et

352 1546 462 1581 altero
479 1548 612 1582 Ersurt.
629 1549 759 1593 recepit
783 1549 958 1583 Heinsius.
982 1566 1025 1575 -ε

354 1598 472 1633 Nostri
497 1599 597 1645 Regii
619 1599 748 1634 habent
767 1613 837 1634 ora.
862 1618 906 1626 —
933 1602 1025 1635 Tum.

355 1649 477 1685 Codex
491 1651 620 1697 Regius
636 1651 666 1685 B
679 1651 782 1686 habet
790 1665 874 1685 cum.
886 1670 931 1679 —-
942 1653 1026 1686 Con·

353 1705 443 1742 cita,
471 1703 509 1737 in
524 1703 682 1737 furorem
698 1703 825 1738 adacta.

398 1756 472 1799 519·
485 1755 604 1797 Sparsi
615 1767 720 1789 causa
735 1757 861 1789 veneni.
887 1754 919 1788 T
922 1766 1020 1799 anaq.

356 1805 470 1840 Faber
490 1807 707 1851 conjecturat
728 1820 845 1851 sparso
866 1810 946 1841 laesa
963 1820 1028 1841 ve-

355 1870 439 1891 neno
451 1862 518 1898 est,
534 1864 593 1893 aut
607 1883 616 1901 ‚
635 1870 786 1901 sparsum
799 1871 905 1893 causa
921 1872 1029 1893 vene—

355 1922 433 1943 num
446 1913 506 1943 est.
515 1909 686 1944 —Nostri
703 1910 804 1955 Regii
813 1909 944 1944 habent
955 1910 1030 1944 vul-

357 1967 480 2006 gatam.
512 1961 599 1995 Haec
627 1961 729 1995 lectio
761 1960 848 1995 duta
877 1961 947 1996 visa
979 1969 1030 1996 est

356 2013 546 2048 nonnullis.
559 2013 694 2048 Locum
705 2025 776 2048 esse
789 2027 914 2048 sanum
926 2014 1031 2049 credo

349 2061 440 2099 'cum
455 2065 684 2108 Burmann03
712 2064 773 2100 sed
793 2065 895 2110 paulo
915 2066 1032 2100 subti—

355 2117 422 2151 lius
438 2117 494 2151 ille
510 2130 649 2152 sensum
668 2118 793 2162 repetit
815 2131 833 2152 e
850 2117 942 2152 scitis
954 2117 1033 2162 phi-

356 2168 584 2213 losophorum
600 2194 610 2211 ‚
635 2169 694 2213 qui
717 2182 855 2203 causam
869 2175 904 2202 et
919 2173 1032 2203 male—

359 2223 443 2254 n‘am
467 2219 685 2255 distinxerint
704 2246 713 2263 ,
744 2227 783 2254 ut
810 2233 916 2254 causa
945 2226 1034 2254 esset

359 2273 514 2319 operatio
532 2273 648 2307 diviua
660 2299 669 2317 ‚
687 2286 865 2307 venenum
882 2277 1032 2307 materia.

360 2325 439 2358 Imo
456 2337 562 2358 causa
577 2327 697 2359 veneni
713 2324 850 2358 videtur
868 2337 940 2358 esse
964 2337 1032 2358 ve-

360 2389 495 2411 nenum
510 2376 623 2421 ipsum
635 2402 644 2419 ,
665 2383 835 2421 quatenus
847 2388 947 2410 causa
959 2382 1034 2409 erat

359 2428 456 2462 istius
470 2428 606 2463 suroris.
635 2428 803 2463 Similiter
818 2454 827 2471 ,
853 2428 888 2462 ΙΙ
901 2453 910 2471 ,
942 2427 1006 2461 836
1021 2453 1030 2469 ,

361 2493 466 2515 causa
486 2484 618 2516 amoris.
640 2481 744 2515 Lenz.
765 2494 903 2515 causam
924 2479 1032 2524 expli-

360 2539 415 2567 cat
427 2540 622 2576 auctorem,
639 2540 679 2567 ut
693 2533 797 2567 Furia
812 2532 1033 2577 intelligatur.

363 2583 463 2618 Idem
491 2583 626 2618 dubitat
642 2611 651 2627 ,
678 2597 721 2618 an
740 2584 795 2619 hic
811 2596 929 2618 versus
945 2595 1035 2627 pro-

359 2635 470 2670 fectus
485 2636 528 2670 sit
543 2636 585 2669 ab
603 2635 732 2670 ovidio
744 2662 754 2680 ,
773 2636 853 2681 quia
867 2647 967 2669 causa
981 2635 1035 2668 su-

362 2686 450 2720 roris
466 2687 569 2721 dubia
585 2701 656 2722 esse
675 2700 747 2722 non
764 2687 926 2733 potuerit.
958 2686 1033 2732 Ap-

362 2745 460 2783 paret
475 2745 592 2775 tamen
603 2765 612 2783 ,
636 2739 718 2785 quid
735 2747 856 2775 auctor
869 2745 1037 2784 sequutus

1089 1339 1132 1374 sit
1147 1339 1200 1374 his
1214 1338 1337 1374 verbis.
1359 1338 1496 1383 Nempe
1523 1335 1677 1371 indicare
1692 1346 1762 1369 vo-

1088 1392 1153 1426 luit
1169 1419 1179 1436 ‚
1204 1392 1370 1427 atrociam
1388 1390 1486 1426 istius
1501 1389 1661 1424 facinoris
1676 1395 1762 1423 tan-

1090 1453 1162 1481 tam
1175 1446 1278 1481 fuisse
1289 1473 1298 1487 ,
1316 1453 1357 1480 ut
1371 1445 1425 1480 vel
1436 1444 1527 1480 solus
1537 1443 1659 1478 matris
1671 1445 1765 1477 dolor

1089 1498 1163 1533 sine
1182 1510 1320 1533 veneno
1338 1504 1477 1543 accepto
1499 1497 1656 1532 furorem
1679 1494 1763 1529 effi-

1089 1563 1167 1585 cere
1184 1550 1346 1595 potuerit.
1362 1568 1406 1576 ·-
1424 1550 1588 1583 Exululat
1596 1554 1660 1582 etc.
1676 1547 1767 1581 Bac-

1090 1601 1184 1635 chari
1192 1601 1324 1646 incipit,
1333 1599 1632 1645 quemadmodum
1644 1605 1680 1632 et
1687 1597 1765 1632 alibi

1089 1652 1227 1686 suriosae
1236 1651 1378 1686 Bacchis
1390 1650 1673 1685 assimilantur.-
1679 1650 1766 1683 Pas-

1089 1708 1210 1749 st'sque.
1225 1703 1374 1738 Codices
1388 1702 1498 1737 nostri
1510 1701 1614 1744 male,
1626 1702 1767 1744 sparstle.

1092 1754 1159 1789 Ed.
1174 1772 1219 1780 —·
1234 1755 1329 1788 Hinc.
1341 1752 1525 1789 commode
1543 1763 1732 1787 sarcasmus
1747 1762 1766 1784 a

1092 1808 1235 1842 Junone
1252 1807 1444 1841 adhibetur.
1470 1822 1514 1830 —-·
1536 1806 1660 1844 Sonat,
1691 1802 1768 1837 cla-

1092 1868 1175 1895 mat.
1185 1879 1230 1887 —-
1239 1861 1304 1895 Sub
1316 1862 1462 1899 nomine,
1482 1857 1600 1897 audito
1613 1855 1768 1891 nomine.

1095 1912 1151 1948 III
1160 1938 1169 1955 ,
1188 1913 1250 1955 245
1263 1937 1273 1954 ‚
1289 1911 1336 1945 sic
1348 1913 1400 1944 ad
1408 1922 1585 1944 nomen.-—
1594 1909 1668 1943 Hos
1677 1919 1768 1941 usus.

1095 1964 1263 1999 Heinsius
1276 1963 1492 2008 conjecturat
1507 1963 1569 1995 hos
1583 1960 1679 1995 'lusus
1689 1986 1696 1999 ‚
1711 1966 1769 1993 aut

1095 2021 1247 2064 lbyasos.
1266 2017 1348 2051 Duo
1365 2016 1473 2051 MSS.
1483 2014 1630 2059 fructus.
1645 2014 1750 2049 Unus
1761 2039 1770 2056 ,

1095 2072 1194 2103 risus.
1205 2069 1443 2110 Burmannus,
1458 2073 1601 2111 propter
1615 2064 1663 2107 V,
1686 2078 1699 2098 1
1708 2078 1720 2098 1
1730 2078 1743 2098 1
1758 2090 1767 2107 ,

1097 2127 1215 2155 censet
1230 2132 1301 2154 non
1315 2117 1526 2153 mutandum
1534 2128 1625 2151 usus.
1647 2116 1693 2150 Et
1703 2115 1770 2149 hoc

1098 2170 1239 2217 quidem
1250 2171 1380 2205 habent
1388 2169 1497 2204 nostri
1508 2167 1618 2214 Regii.
1629 2185 1672 2192 —
1683 2167 1772 2200 Usus

1098 2223 1203 2269 possis
1221 2221 1421 2257 mercedem
1446 2232 1510 2266 pro
1536 2219 1604 2254 tuis
1624 2218 1662 2252 in
1688 2229 1770 2252 eum

1098 2275 1229 2310 meritis
1245 2272 1477 2318 interpretari.
1507 2270 1632 2305 Malim
1653 2275 1770 2303 tamen

1099 2329 1161 2361 hos
1176 2329 1270 2360 lusus
1290 2324 1415 2368 legere.
1446 2323 1558 2356 Lusus
1582 2316 1774 2354 Bacchan'-

1097 2381 1178 2412 lium
1196 2376 1278 2410 dixit
1303 2373 1447 2409 Curtius
1459 2400 1468 2417 ‚
1487 2374 1541 2408 IX
1555 2399 1564 2416 ‚
1588 2383 1610 2405 x
1623 2398 1633 2416 ,
1656 2373 1709 2406 25.
1727 2389 1771 2396 —

1098 2431 1257 2466 pra-stat,
1289 2438 1352 2471 pro
1372 2429 1510 2469 prestet
1520 2450 1529 2467 ,
1556 2422 1714 2458 revocavi
1729 2434 1770 2456 ex

1099 2494 1171 2516 uno
1182 2479 1317 2514 Heinsii
1328 2505 1337 2522 ,
1354 2491 1426 2513 uno
1438 2476 1535 2512 Leid.
1544 2475 1773 2517 etunoVoss.,

1099 2541 1133 2568 et
1152 2533 1326 2578 placuerat
1341 2531 1414 2575 jam>
1429 2528 1586 2564 Heinsio.

1143 2588 1216 2629 524.
1228 2587 1383 2619 Imminet
1395 2585 1576 2628 aequon'bus
1592 2587 1656 2614 etc.
1672 2579 1776 2624 Hanc

1100 2637 1224 2672 sabulae
1236 2643 1372 2682 partem
1383 2661 1392 2678 ,
1409 2646 1485 2679 quae
1502 2632 1544 2667 ad
1564 2632 1629 2666 Ino
1644 2637 1679 2664 et
1696 2630 1776 2664 Me-

1099 2689 1259 2723 licertam
1273 2687 1437 2732 pertinet,
1454 2685 1592 2724 Noster,
1606 2682 1695 2716 Fast.
1709 2680 1775 2722 VI,

1103 2739 1261 2785 493—550
1275 2763 1284 2781 ,
1307 2749 1380 2771 non
1403 2734 1510 2769 modo
1526 2731 1695 2778 copiosius
1713 2743 1777 2765 re·—
