1832 3100
1285 231 1536 248 mmm!

339 345 415 416 P.
469 342 815 413 OVIDII
868 341 1305 412 NASONIS
1444 412 1450 419 .

194 449 1469 588 METAMORPHOSEON

388 731 390 734 ,
448 673 701 731 LIBER
746 638 1199 728 SEPTIMUS.

177 999 233 1041 N.
256 998 310 1039 B.
335 999 619 1055 Argumentum
646 998 762 1053 hujus
799 996 907 1038 Libri
941 998 1088 1052 septimi
1122 997 1485 1052 Metamorphoseon
1512 1027 1525 1046 ‚

132 1071 290 1112 relatum
309 1070 479 1111 iuvenies
498 1070 539 1110 in
559 1070 654 1111 serie
681 1070 871 1111 CANTEm
890 1100 902 1121 ‚
929 1084 1041 1124 supra
1059 1083 1144 1125 pag.
1163 1067 1231 1123 37.

124 1269 238 1318 FAB.
257 1270 294 1318 Ι.
322 1247 541 1326 JAMQUE
558 1266 719 1316 fretum
738 1267 903 1334 Minyae
919 1267 1122 1330 Pagasaea
1139 1283 1290 1333 puppe
1309 1263 1537 1312 secabant.

125 1348 432 1416 Perpetuaque
454 1346 634 1395 trahens
655 1346 835 1413 inopem
857 1345 941 1393 sub
966 1355 1097 1393 nocte
1119 1354 1338 1392 senectam

126 1425 326 1475 Phineus
347 1424 469 1472 visus
491 1435 608 1481 erat3
625 1423 895 1490 juvenesque
919 1422 1142 1490 Aquilone
1167 1420 1301 1470 creati

125 1502 358 1566 virgineas
378 1500 580 1550 volucres
603 1500 752 1550 miseri
776 1499 893 1550 senis
919 1518 995 1548 ore
1013 1499 1246 1562 fugarant3

127 1579 365 1646 Multaque
384 1579 583 1646 perpessi
605 1578 724 1627 claro
747 1577 832 1626 sub
856 1578 1013 1625 Iasone
1027 1613 1038 1634 ‚
1059 1575 1236 1624 tandem

132 1658 422 1724 Contigerant
445 1656 621 1724 rapidas
643 1655 792 1705 limosi
812 1655 1033 1705 Phasidos
1054 1654 1209 1704 undas

175 1801 297 1837 1-158.
319 1801 432 1835 Jason
446 1804 483 1835 et
501 1802 611 1836 vellus
625 1814 762 1836 aureum
777 1804 813 1835 et

131 1855 287 1889 Medeam
295 1856 331 1888 ιἰι
341 1856 491 1898 patn’am
500 1858 683 1897 reportans.
689 1854 813 1887 Medea

132 1906 273 1942 Jasonis
298 1918 419 1940 amore
445 1904 582 1950 capitur
591 1931 601 1948 ,
619 1905 815 1951 prasertim

133 1958 237 1993 obvia
251 1957 284 1993 ei
302 1958 391 1993 sacta
403 1971 412 2000 3
423 1964 459 1993 et
469 1983 479 2001 ,
490 1957 550 1991 ubi
567 1970 586 1991 a
601 1957 717 2002 jurato
731 1969 817 2002 pro—

133 2012 237 2047 missa
253 2011 409 2057 conjugii
432 2010 584 2056 accepit,
605 2017 760 2046 cantatas
783 2010 816 2045 ei

133 2063 261 2099 herbas
279 2063 411 2110 prebet
422 2089 432 2107 ,
448 2075 600 2108 quarum
614 2075 680 2109 ope
699 2070 817 2098 tauros

135 2116 302 2163 aeripedes
326 2116 516 2163 ignemque
543 2123 728 2150 vomentes
743 2115 818 2150 do-

135 2175 212 2203 mat
222 2195 232 2212 ,
248 2168 401 2203 domitos
412 2168 497 2214 jugo
511 2167 678 2213 supponit
691 2194 700 2211 ,
713 2174 817 2212 atque

135 2219 175 2255 in
192 2232 317 2267 agrum
339 2220 499 2266 vipereos
523 2220 648 2254 dentes
664 2218 793 2264 spargit
807 2244 818 2262 ,

138 2271 234 2307 unde
244 2272 310 2308 seri
322 2271 497 2316 homines,
507 2284 660 2318 quorum
670 2271 818 2314 rabiem,

139 2324 246 2360 misso
270 2323 383 2370 lapide
396 2349 406 2367 ,
425 2337 444 2358 a
469 2336 505 2358 se
527 2324 566 2358 in
589 2324 681 2368 ipsos
705 2322 820 2357 vertit.

140 2376 306 2412 Tandem
321 2375 446 2412 iisdem
455 2375 572 2411 herbis
582 2383 617 2410 et
628 2375 821 2410 draconem

140 2429 334 2464 terribilem
351 2430 452 2476 sopit.
470 2429 528 2464 Sic
545 2441 626 2463 cum
642 2427 769 2463 vellere
786 2432 822 2461 et

141 2480 275 2516 Medea
285 2482 394 2517 Jason
412 2482 450 2516 in
467 2481 616 2526 patriam
630 2480 732 2515 redit.
745 2480 823 2514 No-

142 2533 220 2569 bilis
233 2534 315 2569 satis
333 2541 369 2569 et
390 2547 561 2580 perquam
577 2534 670 2569 utilis
684 2545 825 2569 cosmo-

146 2586 297 2633 graphia
307 2613 317 2631 ‚
327 2587 476 2622 nauticae
490 2587 554 2622 arti
569 2594 604 2622 et
617 2594 824 2622 mercaturae

146 2638 354 2675 Graecorum
370 2639 543 2686 expeditio
555 2639 719 2675 Colchica
729 2666 738 2683 ‚
749 2652 826 2674 sus-

147 2700 246 2739 cepta
258 2706 277 2728 a
290 2693 313 2728 J
316 2706 421 2729 asone
433 2719 443 2737 ,
455 2693 703 2728 Thessalorum
715 2693 803 2728 duce
814 2718 824 2737 ,

148 2756 244 2780 anno
258 2746 341 2781 1253
352 2752 433 2782 ante
445 2757 503 2782 oer.
517 2745 602 2781 Chr.
612 2760 620 2790 ;
630 2745 691 2781 sed
702 2744 827 2781 eadem

876 1798 999 1834 sabulis
1013 1797 1101 1832 adeo
1114 1796 1290 1839 involuta,
1306 1802 1365 1839 ut,
1382 1794 1467 1841 quid
1486 1795 1560 1830 veri

878 1850 987 1886 subsit
1003 1875 1012 1893 ,
1042 1849 1097 1883 vix
1125 1848 1291 1883 constitui
1321 1855 1418 1883 certo
1447 1847 1564 1894 possit.

882 1902 977 1937 Vere
995 1901 1090 1936 haud
1106 1901 1211 1936 dubie
1227 1900 1337 1935 ductu
1350 1900 1486 1946 antiqui
1503 1913 1566 1935 cu—

881 1955 1020 2001 jusdam
1029 1954 1206 2000 scriptoris
1216 1960 1340 1988 monet
1350 1953 1510 1988 Eustath.
1521 1952 1564 1987 ad

882 2010 1032 2058 Dionys.
1051 2009 1189 2055 Perieg.
1201 2022 1288 2044 vers.
1298 2008 1365 2056 689
1374 2034 1383 2051 ,
1395 2013 1567 2043 mercatu-

881 2076 931 2100 τε
947 2063 1167 2110 potissimum
1179 2074 1281 2098 causa
1297 2062 1492 2108 patefacere
1502 2060 1569 2096 sibi

882 2116 1032 2151 voluisse
1043 2114 1187 2150 Graecos
1200 2115 1359 2150 Pontum
1372 2113 1566 2155 Euxinum,

881 2168 1057 2214 classeque
1075 2168 1242 2203 instructa
1260 2166 1324 2202 sibi
1344 2179 1467 2212 parare
1491 2178 1569 2200 em-

882 2220 982 2266 poria
989 2219 1193 2265 quedamin
1205 2217 1472 2253 Colchide.Noti
1486 2223 1568 2251 sunt

885 2278 1000 2317 poetae
1012 2298 1021 2315 ,
1038 2270 1098 2316 qui
1113 2270 1206 2305 hanc
1223 2269 1484 2315 expeditionem
1498 2281 1569 2302 car-

884 2324 1041 2358 minibus
1068 2323 1139 2358 suis
1163 2323 1396 2358 celebrarunt.
1421 2321 1476 2355 De
1503 2319 1569 2354 hac

884 2382 1005 2411 nostra
1029 2376 1096 2410 sab.
1124 2376 1246 2410 confer
1273 2373 1421 2409 Heroid.
1446 2372 1499 2406 VI
1532 2379 1568 2406 et

886 2429 982 2471 X11;
1003 2429 1137 2477 Hygin.
1157 2428 1224 2462 sab.
1241 2441 1277 2461 αι
1295 2454 1304 2471 ,
1327 2431 1387 2468 25;
1408 2425 1570 2472 Apollod.

887 2482 927 2525 1,
948 2492 1010 2526 lx,
1035 2483 1087 2517 23.
1109 2481 1240 2516 Noster
1263 2479 1434 2526 plurimus
1458 2485 1510 2514 est
1532 2478 1569 2513 in

888 2535 1028 2570 Medeae
1051 2547 1171 2570 amore
1193 2527 1573 2577 notanda—Jamque

880 2587 1006 2632 ficium
1024 2594 1089 2623 etc.
1106 2588 1222 2622 Nexus
1236 2598 1338 2621 causa
1353 2584 1514 2631 quedam
1527 2584 1570 2618 de

888 2640 1016 2674 itinere
1035 2639 1323 2686 Argonautarum
1341 2638 1571 2684 praemittun-

888 2699 949 2727 tur
961 2718 970 2735 ,
981 2691 1041 2727 sed
1059 2691 1272 2726 brevissime.
1285 2710 1330 2717 —
1339 2690 1467 2738 Mhsae
1476 2717 1485 2731 ‚
1501 2690 1572 2724 Ar·-

891 2751 1074 2790 gonautae‚
1091 2756 1245 2790 quorum
1261 2743 1403 2790 plurimi
1425 2749 1461 2778 et
1482 2754 1573 2787 pree—
