1832 3100
276 295 334 338 56
637 295 690 339 P.
734 297 977 342 OVIDII
1013 297 1322 344 NASONIS

277 391 343 437 Os
369 388 538 437 homini
562 389 747 439 sublime
773 391 919 449 dedit;
946 392 1184 459 caelumque
1208 394 1322 443 tueri
1643 410 1688 445 85

272 468 302 514 J
305 465 440 524 ussit,
464 477 508 515 et
531 478 698 515 erectos
720 467 775 515 ad
797 467 938 517 sidera
963 468 1117 518 tollere
1141 470 1303 519 vultus.

275 544 373 601 Sic,
398 543 533 592 modo
558 563 653 610 quae
675 544 818 593 fuerat
840 545 962 596 rudis
984 558 1028 594 et
1051 546 1143 594 sine
1165 546 1354 609 imagine
1375 544 1505 594 tellus
1519 583 1531 605 ,

273 620 427 668 Induit
449 621 622 683 ignotas
645 621 877 689 hominum
899 642 1106 671 conversa
1125 623 1300 686 figuras.

338 699 400 765 II.
424 698 594 747 AUREA
619 699 760 766 prima
778 712 870 749 sata
891 712 959 749 est
980 713 1105 759 aetas,
1133 720 1249 767 quae,
1275 700 1443 749 vindice
1466 700 1621 759 nullo‚‘

273 823 375 858 multi
393 825 575 859 Veterum.
596 824 650 860 Cs.
668 823 740 860 Cic.
759 826 801 860 N.
821 826 866 861 D.
885 826 922 861 II
938 852 947 870 ‚

276 876 338 917 55;
358 876 461 921 Legg.
476 877 492 910 Ι
507 903 516 920 ,
536 890 575 923 9;
594 877 750 913 Lactant.
768 878 851 913 Inst.
869 879 948 914 Div.

275 925 332 970 II,
355 941 381 962 1.
401 927 444 962 In
461 940 500 962 ea
516 941 586 963 esse
605 928 779 974 dignitatis
801 937 836 964 et
859 942 951 975 prae-

271 980 407 1015 stantiae
423 987 550 1015 nostrae
561 994 700 1016 causam
710 1006 719 1021 ,
731 982 820 1017 bene
832 982 950 1017 docuit

273 1031 427 1066 Herder.
455 1032 491 1065 in
519 1032 606 1066 libro
643 1035 745 1068 Ideen
781 1048 843 1068 zur
871 1037 949 1069 Ge-

272 1085 422 1117 sche‘cbte
433 1090 497 1119 etc.
515 1085 554 1119 P.
570 1085 587 1119 Ι
601 1111 610 1128 ,
629 1099 659 1130 p.
682 1099 741 1131 ¹7²
757 1099 829 1131 sqq.
879 1128 881 1130 v

315 1136 368 1170 85.
397 1131 513 1175 Tum.
546 1138 702 1182 intueri,
736 1146 775 1174 ut
799 1141 853 1183 X,
873 1141 947 1188 389.

272 1187 370 1233 Virg.
395 1188 477 1224 AEn.
502 1189 574 1230 IV,
594 1191 653 1234 451
670 1217 679 1233 ,
708 1194 786 1225 coelt‘
802 1205 949 1227 convexa

270 1242 363 1274 lueri.
376 1249 378 1253 ’
389 1259 432 1265 -
459 1242 643 1285 Caelumque
668 1246 759 1276 tueri.
785 1243 948 1287 Plerique

273 1291 415 1336 quidem
430 1293 536 1328 MSS.
549 1300 624 1334 tum
635 1294 788 1330 Lactant.
801 1295 883 1330 Inst.
896 1296 945 1339 II,

275 1356 306 1387 1,
318 1350 352 1377 et
367 1344 487 1379 Isidor.
499 1345 562 1385 XI,
576 1345 692 1392 Etym.
703 1357 730 1390 1,
742 1346 872 1381 habent
886 1360 946 1381 coe-

271 1395 340 1427 lum
352 1397 469 1429 videre.
483 1395 553 1429 Sed
563 1400 660 1437 lueri,
679 1396 773 1441 quod
788 1397 857 1431 duo
872 1397 947 1432 Me-

273 1446 360 1480 dicei
373 1448 581 1492 praeserunt,
600 1449 722 1493 quibus
738 1449 841 1484 addas
854 1462 949 1484 non-

271 1498 385 1533 nullos
395 1499 477 1534 alios
486 1526 495 1542 ,
508 1500 544 1533 in
557 1500 679 1545 quibus
690 1504 813 1534 intueri
821 1508 928 1535 exstat
936 1527 945 1544 ,

272 1550 435 1595 quodque
450 1551 555 1585 etiam
567 1551 682 1586 Schol.
696 1552 847 1586 ineditus
858 1553 948 1586 Pru—

272 1601 368 1636 dent.
382 1603 424 1636 ad
439 1603 473 1637 11
483 1603 518 1636 in
528 1603 727 1650 Symmach.
740 1605 817 1647 260,
830 1617 948 1649 agnos-

269 1653 317 1687 cit
330 1680 339 1696 ‚
359 1660 410 1687 est
426 1654 623 1698 exquisitius
637 1681 646 1698 ,
666 1662 768 1700 atque
787 1668 806 1689 e
825 1654 945 1701 Vix-gil.

270 1712 437 1740 sumtum.

316 1756 368 1791 86.
392 1758 541 1791 Erectos.
567 1759 709 1801 Emptos
731 1759 782 1791 ad
795 1770 822 1791 s.
842 1757 946 1792 Geb-
988 1770 992 1775 ’

268 1807 368 1842 hard.
390 1808 494 1855 Crep.
514 1810 553 1852 I,
580 1810 622 1853 6,
650 1823 690 1844 ex
709 1809 797 1845 Cod.
817 1810 887 1844 Pal.
912 1817 947 1844 et

269 1861 381 1895 tribus
397 1861 468 1896 aliis
484 1861 639 1895 defendit
653 1887 661 1904 ,
682 1861 789 1895 invita
804 1861 946 1907 quidem

270 1912 443 1955 Minerva.
462 1915 618 1947 Erectam
629 1913 780 1947 hominis
795 1914 946 1947 sormam

268 1960 497 2012 urgefpoeta.
517 1987 561 1994 —-
577 1969 640 2002 Ad
651 1970 779 2009 sidera,
807 1975 846 2002 ut
861 1981 946 2003 cor—

269 2021 412 2067 poribus
435 2021 625 2056 eaelestibus
643 2022 919 2067 contemplandis
934 2049 944 2066 ,

270 2071 341 2106 Dei
367 2073 602 2117 cognitionem
626 2087 747 2119 capere
767 2074 945 2119 possimus.

269 2123 358 2158 Haec
365 2132 591 2169 respexerunt
600 2125 665 2159 alii.
674 2126 798 2160 Senec.
808 2126 850 2160 de
860 2125 946 2161 Otio

270 2177 350 2223 Sap.
368 2178 408 2211 32
426 2187 434 2208 :
453 2192 469 2206 «
488 2178 562 2212 Nec
577 2178 684 2211 erexit
701 2179 946 2213 tantummodo

268 2229 474 2274 hominem,
499 2230 558 2265 sed
581 2230 686 2265 etiam
710 2231 753 2264 ad
779 2238 946 2265 contem-

268 2283 461 2328 plationem
472 2285 601 2318 sactum
614 2311 623 2327 ,
639 2292 678 2318 ut
691 2285 730 2318 ab
745 2292 824 2318 ortu
833 2285 945 2319 sidera

269 2335 307 2368 in
319 2347 476 2370 occasum
487 2335 636 2370 labentia
645 2336 804 2381 prosequi
813 2343 944 2380 posset,

270 2394 304 2421 et
330 2388 467 2422 vultum
491 2401 594 2422 suum
620 2389 842 2423 circumferre
864 2401 945 2422 (tum

270 2446 344 2473 toto
356 2466 364 2481 ‚
390 2440 535 2473 sublime
553 2439 633 2474 fecit
647 2439 693 2474 illi
708 2447 818 2485 caput.
833 2454 850 2470 ³>
881 2440 945 2475 Si-

267 2488 346 2532 lius,
360 2491 441 2532 XV,
454 2492 516 2533 84:
536 2505 551 2519 «
565 2491 693 2525 Nonne
706 2490 818 2534 vides,
836 2490 945 2524 homi-

268 2553 356 2574 num
370 2549 406 2574 ut
416 2542 521 2576 celsos
531 2542 571 2575 ad
583 2542 695 2576 sidera
705 2542 818 2577 vultus
826 2542 944 2577 Sustu-

268 2592 347 2627 Ierit
357 2593 463 2636 Deus,
479 2607 515 2627 ac
525 2595 682 2629 sublimia
694 2596 831 2630 finxerit
843 2596 942 2630 ora?»

270 2645 358 2680 Inde
380 2645 487 2679 homo
515 2646 642 2681 Graecis
662 2650 808 2697 {hesma-04
824 2648 943 2682 dictus.

312 2698 364 2744 87.
384 2699 461 2731 Sine
476 2701 637 2741 imagine,
662 2699 830 2734 informis.
854 2701 942 2734 Fast.

269 2748 287 2783 Ι
301 2774 310 2791 ,
339 2759 404 2791 111,
429 2752 501 2782 sine
524 2753 668 2792 lmagt'ne
689 2754 799 2784 moles.
828 2752 944 2795 Imago

269 2801 394 2847 passim
411 2815 474 2847 pro
489 2803 601 2836 forma
614 2828 623 2845 ‚
642 2809 679 2836 ut
697 2803 771 2846 111,
794 2817 821 2840 1.

1057 828 1109 862 88.
1126 828 1244 861 Induit
1258 839 1424 868 conuersa,
1443 839 1461 861 e
1479 826 1576 872 copia
1592 839 1685 872 poe-

1014 878 1079 914 tica
1093 905 1102 922 ,
1128 879 1265 924 accepit.

1057 931 1201 978 89-150.
1217 932 1332 965 Aurea
1345 933 1456 974 prima
1471 937 1536 965 etc.
1553 928 1686 965 Nobilis

1012 982 1108 1017 locus
1123 982 1166 1017 de
1180 985 1349 1023 afflatibus,
1367 982 1404 1016 in
1417 995 1500 1028 quas
1512 982 1663 1028 priscum
1673 1007 1684 1026 ‚

1014 1034 1107 1079 quod
1116 1034 1298 1068 effluxerat
1305 1033 1386 1068 inde
1394 1034 1435 1068 ab
1446 1033 1687 1080 originemuu-

1014 1086 1062 1129 di,
1073 1098 1185 1120 aevum
1196 1085 1611 1130 describere,quibusque,
1621 1097 1687 1131 pro

1013 1138 1180 1182 cujusque
1190 1137 1323 1172 ratione
1332 1164 1341 1182 ,
1355 1151 1374 1172 a
1384 1137 1530 1172 metallis
1540 1137 1686 1172 nomina

1013 1189 1197 1235 imponere
1211 1216 1220 1234 ,
1237 1190 1396 1235 ,antiquis
1417 1189 1526 1235 poetis
1548 1189 1685 1235 placuit.

1013 1239 1198 1276 Claudian.
1218 1252 1296 1275 xxu
1311 1267 1321 1285 ‚
1347 1241 1432 1285 446,
1455 1239 1687 1284 variofaciem

1011 1296 1173 1329 dtis-tincta
1193 1296 1327 1328 metallo
1350 1294 1479 1328 Secula.
1505 1292 1591 1337 Quo
1609 1292 1684 1328 sine

1011 1345 1117 1379 dubio
1129 1345 1178 1380 nil
1191 1345 1283 1380 aliud
1300 1345 1493 1391 exprimere
1503 1344 1665 1380 volebant
1673 1370 1684 1388 ,

1011 1397 1077 1431 nisi
1103 1397 1168 1432 hoc
1181 1423 1190 1441 ,
1216 1410 1325 1442 genus
1345 1397 1532 1432 hominum
1552 1409 1572 1431 a
1593 1402 1685 1432 statu

1012 1449 1160 1483 naturali
1177 1456 1213 1484 et
1230 1449 1339 1483 animi
1354 1449 1552 1495 integritate
1568 1447 1684 1494 grada-

1011 1500 1075 1533 tim
1098 1499 1275 1545 delapsum
1293 1513 1363 1534 esse
1383 1500 1424 1534 ad
1447 1500 1537 1535 hanc
1552 1506 1589 1534 et
1606 1499 1685 1533 vitae

1010 1552 1185 1588 rationem
1196 1578 1205 1596 ‚
1220 1560 1255 1587 et
1264 1553 1495 1588 vitiositatem.
1510 1553 1627 1586 Varro
1638 1551 1682 1585 R.

1012 1605 1055 1641 R.
1075 1607 1110 1640 II
1123 1633 1132 1649 ,
1151 1618 1165 1640 1
1181 1620 1189 1642 :
1207 1607 1249 1641 In
1262 1619 1412 1641 numero
1425 1613 1542 1640 autem
1557 1604 1683 1639 harum

1010 1666 1152 1694 aetatum
1175 1686 1184 1703 ,
1211 1667 1322 1705 poetae
1335 1686 1344 1703 ,
1370 1666 1409 1694 ut
1434 1659 1474 1694 fit
1486 1685 1496 1702 ‚
1529 1658 1622 1707 inter
1646 1669 1683 1692 se

1011 1711 1228 1746 dissentiunt.
1242 1712 1333 1746 Nam
1344 1710 1488 1746 Hesiod.
1503 1705 1574 1760 liipy.
1595 1721 1685 1756 109-
1735 1728 1743 1733 «

1012 1766 1076 1799 208
1094 1790 1103 1808 ,
1134 1765 1288 1810 quinque
1314 1770 1494 1806 recenset;
1529 1763 1659 1798 Noster
1674 1786 1684 1805 ,

1011 1817 1134 1851 omissa
1151 1824 1227 1862 post
1249 1829 1383 1852 aeneam
1408 1814 1564 1858 heroica,
1590 1823 1684 1858 qua-

1010 1876 1114 1909 tuor;
1142 1869 1268 1904 Aratus
1294 1869 1474 1904 Phaenom.
1504 1866 1682 1909 100-134,

1009 1928 1103 1962 tres;
1129 1921 1278 1955 duarum
1304 1926 1441 1955 tantum
1463 1917 1683 1953 mentionem

1009 1974 1141 2008 faciunt
1164 1973 1286 2018 virgil.
1312 1973 1439 2018 Georg.
1455 1972 1491 2012 Ι,
1523 1971 1584 2005 125
1606 1981 1680 2014 sqq.

1009 2025 1083 2060 coll.
1102 2025 1184 2060 AEn.
1199 2025 1315 2068 VIII,
1340 2025 1405 2067 314
1420 2036 1492 2068 sqq.
1509 2028 1545 2057 et
1566 2020 1681 2056 Tibul.

1010 2077 1027 2112 1
1040 2103 1049 2120 ,
1066 2088 1130 2120 111,
1148 2077 1189 2110 35
1206 2089 1299 2121 sqq.;
1317 2088 1382 2109 nec
1398 2073 1578 2121 poenitebit
1598 2085 1681 2108 cum

1009 2128 1062 2164 his
1073 2129 1226 2163 Lactant.
1242 2128 1326 2162 Inst.
1342 2127 1408 2162 div.
1425 2128 1460 2160 V
1471 2152 1482 2170 ,
1500 2127 1519 2160 5
1533 2150 1542 2168 ,
1560 2130 1682 2159 contu-

1008 2181 1094 2216 lisse.
1123 2181 1208 2215 Erat
1232 2186 1399 2225 praeterea
1420 2179 1458 2212 in
1487 2177 1654 2212 vaticiniis
1669 2202 1679 2219 ,

1008 2240 1124 2267 exacta
1138 2232 1202 2267 hac
1214 2232 1339 2266 misera
1350 2237 1448 2267 aetate
1461 2257 1471 2274 ‚
1485 2231 1560 2264 fore
1571 2233 1682 2273 παλιγ-

1007 2289 1142 2328 γενεσίαν
1155 2309 1164 2327 ,
1182 2283 1215 2318 h.
1234 2296 1263 2318 e.
1283 2283 1356 2317 sore
1372 2308 1381 2326 ,
1405 2289 1445 2316 ut
1460 2282 1598 2316 inverso
1613 2293 1679 2314 or-

1009 2336 1089 2370 dine
1107 2336 1218 2370 secula
1240 2335 1297 2370 illa
1321 2334 1438 2375 denuo
1455 2333 1680 2368 revolvantur

1008 2397 1043 2423 et
1060 2395 1297 2422 renoventur:
1315 2385 1382 2420 vid.
1400 2385 1495 2430 Virg.
1513 2384 1584 2419 Eel.
1603 2383 1677 2428 IV,

1007 2441 1122 2485 ibique
1139 2439 1331 2486 Heynium,
1349 2437 1516 2482 inprimis
1526 2436 1570 2470 ad
1585 2449 1630 2472 vs.
1648 2438 1679 2480 4.

1009 2493 1156 2527 Ovidius
1174 2490 1317 2525 Hesiod.
1339 2497 1375 2524 et
1393 2489 1514 2535 Virgil.
1531 2490 1680 2524 maxime

1006 2551 1143 2579 secutus
1158 2542 1348 2587 reperitur,
1367 2541 1601 2586 aemulumque
1617 2540 1682 2578 ba,—

1006 2596 1081 2630 buit
1108 2595 1229 2629 Senec.
1255 2593 1360 2638 Hipp.
1386 2605 1472 2627 vers.
1497 2593 1562 2635 524
1585 2603 1678 2636 seqq.

1006 2647 1103 2682 Med.
1121 2647 1205 2688 330;
1231 2646 1351 2681 Octav.
1369 2646 1431 2693 397
1449 2657 1522 2690 sqq.
1549 2645 1678 2679 Ferrea

1007 2707 1086 2734 aetas
1093 2711 1195 2733 secun
1201 2698 1285 2732 dum
1297 2699 1465 2733 Nostrum
1475 2696 1575 2742 periit
1584 2695 1677 2729 Deu-

1006 2752 1162 2786 calioneo
1178 2750 1316 2786 diluvio.

1048 2804 1115 2850 89-
1122 2818 1134 2837 1
1145 2817 1155 2837 ι
1163 2817 1191 2838 2.
1206 2803 1320 2838 Aurea
1322 2805 1431 2846 prima
1439 2805 1518 2835 sala
1524 2803 1577 2835 esl
1582 2803 1674 2833 oelas.
