1832 3100
288 226 373 269 360
649 228 700 270 P.
740 227 978 272 OVIDII
1019 228 1318 275 NASONIS

288 342 311 363 »
337 321 397 367 Et
420 318 584 368 nullam
609 319 727 387 quod
751 341 878 388 opem
900 334 1083 389 patruus
1108 342 1345 390 sponsusve
1372 323 1512 373 tulisti
1532 344 1543 374 :

289 420 311 441 »
340 398 547 464 Insuper,
569 418 594 447 a
617 417 836 465 quoquam
863 400 983 466 quod
1005 400 1063 448 sit
1082 413 1272 461 servata,
1299 401 1470 452 dolebis
1489 441 1500 460 ‚

288 496 310 518 »
340 474 607 541 Praemiaque
631 475 823 542 eripies?
847 495 942 542 quae
965 476 1003 524 si
1025 477 1107 524 tibi
1127 497 1283 541 magna
1304 479 1533 539 videntur,

287 574 310 596 >s
337 554 405 600 Ex
426 551 514 600 illis
538 552 735 619 scopulis
750 590 762 611 ,
787 552 867 600 ubi
891 565 1014 601 erant
1037 553 1199 613 adfixa,
1221 556 1436 621 petisses:

283 650 306 672 >›
334 630 464 676 Nunc
479 629 571 690 sine
584 667 595 687 ‚
619 630 695 696 qui
709 629 838 696 petiit
849 667 861 687 ‚
887 648 965 695 per
980 649 1109 696 quem
1123 630 1214 679 haec
1231 651 1324 680 non
1340 633 1449 684 orba
1464 646 1660 684 senectus
1671 672 1683 694 ,

282 725 306 748 »
332 706 461 758 Ferre
477 744 489 764 ,
514 707 636 772 quod
659 718 702 755 et
725 707 891 755 meritis
913 718 956 754 et
975 726 1079 756 voce
1104 720 1171 756 est
1191 721 1372 774 pactus;
1397 728 1582 778 eumque

283 804 306 825 »
331 784 435 831 Non
459 783 542 831 tibi
558 820 569 840 ,
596 783 673 831 sed
696 794 821 831 certae
843 782 1069 849 praelatum
1092 784 1287 847 intellige
1310 787 1457 834 morti.
1487 809 1510 830 »

275 859 356 908 Ille
379 859 491 907 nihil
515 871 667 908 contra
686 879 695 908 :
717 860 794 909 sed
813 872 856 909 et
875 860 1015 919 hunc,
1042 873 1086 910 et
1106 862 1265 911 Persea
1286 861 1413 911 vultu

274 937 461 987 Alterno
487 949 712 1003 spectans,
738 950 860 1004 petat
882 938 1000 987 hunc
1022 939 1198 1001 ignorat
1213 975 1227 996 ,
1249 958 1305 987 an
1327 938 1479 999 illuin;

1644 494 1687 528 25

1643 879 1685 913 30

276 1016 605 1080 Cunctatusque
627 1013 772 1073 brevi,
797 1019 1044 1063 contortam
1063 1017 1232 1064 viribus
1254 1017 1445 1076 hastam,

275 1092 475 1154 Quantas
499 1090 563 1146 ira
585 1089 735 1148 dabat,
757 1092 1049 1157 nequicquam
1071 1092 1118 1139 in
1141 1093 1299 1141 Persea
1317 1093 1451 1141 misit.

273 1169 340 1216 Ut
361 1168 482 1216 stetit
505 1167 580 1216 illa
606 1180 734 1226 toro;
762 1169 910 1217 stratis
934 1181 1028 1216 tum
1051 1168 1238 1234 denique
1261 1170 1447 1218 Perseus

274 1245 491 1303 Exsiluit3
518 1245 698 1312 teloque>
714 1246 837 1294 ferox
861 1246 1035 1293 inimica
1058 1246 1240 1294 remisso

1639 1259 1683 1293 35

274 1322 459 1371 Pectora
483 1324 700 1389 rupisset3
725 1323 812 1371 nisi
838 1335 941 1389 post
961 1314 1111 1370 altaria
1130 1322 1325 1370 Phineus

272 1401 384 1448 Isset
407 1420 416 1448 :
442 1412 507 1458 et,
529 1401 789 1464 indignum!
815 1399 1022 1448 scelerato
1045 1399 1215 1466 profuit
1237 1419 1321 1448 ara.

268 1541 567 1587 impudentissime
580 1553 658 1586 earn
671 1541 816 1586 repetit,
836 1554 941 1585 quam

267 1595 373 1629 tutari
398 1606 472 1627 non
499 1600 549 1627 est
567 1606 677 1628 ausus.
702 1594 767 1626 Ed.
782 1610 826 1619 —
841 1593 942 1635 Spec-

268 1650 359 1680 tanle
370 1671 379 1686 ‚
400 1658 547 1690 nempe,
564 1645 684 1679 otiose.

310 1697 363 1731 25.
387 1698 445 1730 Ex
459 1699 540 1731 illis.
555 1695 662 1730 MSS.
679 1695 887 1730 Bersmanni
903 1702 939 1730 et

266 1749 419 1795 quinque
435 1748 510 1791 alii,
531 1751 688 1792 ex1psis;
702 1748 891 1782 Vossianus
902 1755 938 1782 et

265 1813 355 1835 unus
367 1799 548 1834 Mediceus
561 1825 571 1842 ,
594 1812 637 1832 ex
651 1801 737 1838 illis,
764 1800 825 1832 ubi
840 1803 913 1832 erat
922 1825 930 1839 ,

265 1856 419 1897 scopulis.
443 1871 486 1878 —
503 1852 604 1897 Regii
624 1851 733 1887 nostri
751 1851 937 1898 Vulgatam

264 1911 411 1939 servant.
432 1923 476 1931 --
489 1905 587 1939 Nunc
601 1907 683 1938 sine.
705 1903 762 1938 Sic
777 1910 813 1938 et
829 1904 939 1938 nostri

266 1956 365 2001 Regii
379 1971 386 1998 ;
399 1956 457 1991 sed
471 1956 643 1999 nonnulli,
656 1958 733 1990 hinc
742 1958 825 1995 sine,
844 1955 939 2000 quod

263 2008 390 2043 rectius
405 2007 543 2042 videtur
556 2008 703 2042 Heinsio
717 2006 796 2052 qui,
813 2014 940 2041 aucto-

264 2060 365 2094 ritate
394 2060 537 2094 secundi
562 2059 711 2094 Palatini
727 2085 736 2102 ,
769 2059 938 2093 Arondel.

265 2111 481 2155 aliorumque
493 2137 502 2154 ,
519 2111 585 2145 hoc
603 2111 772 2155 posterius
787 2111 939 2145 vocabu-

265 2164 340 2198 lum
363 2160 401 2197 in
427 2165 497 2197 hoec
514 2164 670 2198 mutavit.
690 2183 733 2189 —
748 2164 846 2198 Bene
868 2165 938 2198 baec

265 2219 430 2254 seneclus,
457 2222 497 2249 ut
512 2228 613 2249 versu
633 2228 714 2257 222,
742 2217 829 2249 banc
854 2218 938 2249 ani-

266 2279 362 2301 mam.
396 2266 517 2311 Itaque
554 2266 684 2300 retinui
716 2279 910 2310 pronomen
926 2292 935 2309 ,

265 2317 358 2362 quod
378 2317 544 2352 Heinsius
558 2324 594 2351 et
605 2317 830 2351 Burmannus
846 2316 935 2350 omi-

264 2376 396 2405 serunt.
427 2378 472 2396 -'-·
495 2370 626 2403 Meritis·
655 2369 691 2402 id
722 2381 794 2403 non
814 2372 937 2412 paclus

266 2428 339 2456 erat
350 2447 359 2464 ,
376 2421 435 2455 sed
452 2420 547 2455 idem
555 2421 719 2463 verbum,
740 2419 833 2465 quod
847 2432 936 2464 saepe

265 2474 304 2508 fit
317 2500 327 2517 ,
345 2473 480 2508 duobus
492 2473 692 2507 nominibus
705 2471 840 2506 diverso
854 2485 937 2507 sen-

266 2538 306 2561 su
321 2525 634 2560 accommodatum.

307 2577 360 2611 30.
384 2579 446 2611 Ille
460 2579 550 2611 nihil
559 2581 675 2611 contra
695 2575 825 2622 (etiam
843 2576 914 2611 XII
923 2602 933 2620 ,

263 2628 375 2670 232),
400 2636 438 2662 ut
457 2628 570 2663 solent
583 2628 726 2663 violenti
741 2654 749 2671 ,
772 2641 853 2662 cum
870 2641 934 2662 re-

260 2680 438 2725 pelluntur
454 2681 606 2716 veritatis
624 2681 762 2716 viribus.
777 2699 820 2707 -
832 2683 935 2724 Igno-

258 2736 320 2766 ral.
332 2726 461 2767 ’Codex
474 2732 603 2777 Regius
619 2733 649 2767 B
659 2758 669 2777 ,
686 2736 845 2776 &aarum
865 2731 933 2766 ele-

1008 1555 1091 1587 gans
1110 1548 1202 1577 certe
1217 1542 1319 1576 lectio
1330 1566 1339 1584 ,
1359 1553 1436 1586 quae
1452 1552 1533 1576 cum
1551 1552 1682 1587 praeoe-

1007 1592 1103 1626 denti
1119 1598 1275 1636 spectans
1285 1600 1321 1627 et
1335 1593 1495 1637 sequenti
1505 1597 1682 1629 cunctatus

1005 1644 1197 1686 consentit,
1219 1643 1414 1677 dummodo
1429 1656 1567 1678 comma
1582 1655 1681 1688 repo-

1004 1702 1108 1729 natur
1130 1690 1207 1740 post
1229 1697 1333 1729 illum.
1351 1694 1416 1728 Ed.
1432 1708 1476 1722 —
1491 1695 1591 1739 Saepe
1607 1695 1678 1729 ali-

1003 1747 1078 1792 quis
1100 1749 1233 1782 hastam
1259 1747 1439 1792 intorquet
1464 1749 1591 1781 viribus
1619 1754 1679 1781 aut

1002 1802 1078 1834 nisu
1092 1804 1150 1834 z'roe
1161 1825 1169 1840 ,
1197 1801 1322 1834 doloris
1335 1806 1400 1834 etc.

1045 1851 1097 1894 34.
1118 1852 1275 1886 Utstetit.
1290 1849 1413 1885 Codex
1429 1849 1560 1895 Regius
1573 1849 1606 1885 A
1616 1875 1627 1894 ,
1643 1854 1680 1884 el

1002 1906 1110 1943 stetit,
1128 1903 1244 1937 forsan
1257 1903 1400 1944 melius;
1419 1901 1579 1937 CodexB
1590 1927 1600 1945 ,
1617 1903 1678 1936 ad-

1002 1957 1112 1994 stitit,-
1137 1954 1226 1988 male
1247 1954 1288 1988 de
1307 1954 1403 1988 hasta
1422 1965 1499 1998 quae
1514 1965 1588 1987 non
1604 1955 1677 1988 ad·-

1003 2010 1089 2046 stal‚
1123 2006 1184 2041 sed
1207 2011 1280 2041 stat
1301 2006 1376 2042 fixa.
1402 2008 1468 2042 Ed.
1483 2023 1529 2033 -·
1545 2008 1675 2047 Ferox,

1003 2059 1156 2093 concitus
1166 2061 1503 2100 surore.--Rem1·sso‚
1522 2058 1654 2103 rejecto
1666 2071 1676 2099 ;

1004 2110 1164 2145 eamdem
1191 2124 1344 2156 namque
1369 2110 1501 2145 hastam
1526 2110 1563 2144 in
1584 2109 1678 2145 Phi—

1002 2175 1112 2196 neum
1128 2163 1275 2198 Perseus
1289 2163 1421 2207 rejecit.
1438 2164 1502 2197 Ed.
1519 2181 1564 2189 —
1583 2163 1677 2196 Pec-

1002 2219 1075 2249 lora
1095 2218 1245 2259 rupisset.
1259 2214 1440 2259 Viviauus,
1449 2219 1587 2258 pectora
1592 2212 1677 2257 sre-

999 2271 1107 2311 g1kset
1119 2294 1128 2308 ,
1171 2281 1211 2302 ex
1242 2267 1378 2302 solenni
1408 2265 1677 2312 permutatione.

1003 2318 1119 2353 Nostri
1136 2318 1237 2364 Regii
1253 2318 1338 2352 dant
1347 2321 1498 2362 rupzzeset.
1512 2334 1556 2343 ·-·
1567 2318 1676 2351 Rum-

994 2384 1075 2414 pere
1078 2376 1215 2416 pectora
1228 2371 1427 2415 frequentat
1444 2370 1580 2404 Noster.
1593 2368 1650 2403 III
1663 2395 1673 2412 ,

979 2444 981 2446 -
1001 2421 1085 2466 6273
1106 2421 1178 2464 VI,
1209 2423 1282 2455 251.
1307 2420 1451 2455 Etenim
1465 2432 1609 2464 rumpere
1625 2426 1677 2454 est

999 2485 1114 2507 secare
1127 2499 1137 2516 ‚
1163 2472 1307 2506 findere.
1334 2472 1412 2515 111,
1439 2471 1521 2506 Am.
1537 2482 1582 2515 x,
1608 2471 1672 2514 32,

997 2528 1119 2568 rumpit
1134 2537 1247 2558 vomer
1263 2526 1407 2558 humum.
1422 2541 1468 2549 —
1477 2522 1599 2557 Allare
1613 2528 1673 2556 aut

998 2589 1075 2615 ara,
1105 2576 1199 2610 focus
1214 2576 1252 2609 in
1272 2575 1390 2610 medio
1415 2575 1523 2618 atrio,
1546 2573 1583 2608 in
1602 2585 1672 2618 quo

999 2628 1059 2662 Dii
1076 2628 1224 2662 Penates
1239 2627 1465 2668 colebantur;
1482 2638 1582 2660 versu
1598 2626 1671 2659 155.

997 2698 1041 2706 —-
1059 2679 1196 2724 Nuptiis
1222 2678 1389 2714 adhibitas
1408 2691 1481 2713 aras
1501 2683 1537 2711 et
1552 2687 1645 2711 sacra
1657 2701 1667 2717 ,

998 2731 1179 2766 advocatos
1200 2730 1296 2766 Deos
1322 2730 1403 2765 hinc
1427 2729 1536 2774 liquet
1564 2733 1600 2763 et
1629 2739 1670 2761 ex
