1832 3100
339 222 431 268 DE
470 219 695 266 OPERE
728 218 1435 266 METAMORPHOSEON.
1554 234 1606 285 17

169 317 280 377 tias,
303 317 462 376 verba,
486 315 704 380 imagines
730 327 775 365 et
796 314 1250 383 reliqua'ornamenta
1268 353 1280 375 ,
1306 328 1515 383 tanquam
1534 335 1614 383 ap-

169 405 390 475 paritores
405 404 712 474 paratissimos
723 441 735 463 ,
757 403 969 453 scribenti
986 416 1150 471 praesto
1168 403 1318 453 fuisse.
1342 405 1509 453 Verum
1528 404 1614 453 tale

169 495 341 560 ingenii
376 494 544 544 flumen
582 493 855 543 lutulentum
886 493 1111 542 interdum
1137 492 1354 550 decurrit,
1383 504 1615 560 sortesque

170 582 414 633 nonnullas
440 602 589 633 secum
610 581 734 632 vehit
752 620 765 641 ,
802 601 912 649 quas
937 601 1043 631 cura
1066 581 1260 630 secunda
1284 580 1439 630 tollere
1465 581 1611 630 debet.

170 673 353 723 Nostro
369 684 514 722 autem
537 691 617 740 per
639 671 728 720 fata
750 690 844 719 non
865 670 993 719 licuit
1025 681 1261 719 retractare
1277 707 1289 727 ,
1322 689 1420 736 quae
1443 669 1616 737 primus

170 762 340 828 ingenii
363 746 559 830 impetus
579 762 775 820 fuderat;
799 761 918 810 forte
943 773 989 810 et
1005 761 1053 809 in
1064 760 1346 828 -quibusdam
1364 761 1620 825 corrigendi

170 850 379 901 voluntas
411 851 657 901 defuisset:
683 850 834 917 itaque
862 851 937 899 hic
969 850 1060 899 illie
1092 862 1362 909 occurrunt,
1394 869 1491 916 quae
1517 850 1618 916 quis

171 940 352 991 sublata
375 952 454 990 aut
472 939 704 990 emendata
725 939 845 989 velit.
881 939 1024 989 Insita
1047 940 1087 989 ei
1108 958 1247 1007 porro
1270 952 1364 988 erat
1384 939 1526 988 virtus
1547 939 1620 987 in—

172 1029 291 1093 genii
322 1049 399 1090 ea,
441 1050 540 1098 quae
563 1042 765 1080 externas
789 1029 1077 1097 potissimum
1100 1049 1250 1079 rerum
1281 1029 1447 1078 formas
1473 1030 1622 1078 consi-

174 1118 319 1179 derat,
337 1120 585 1187 acriterque
605 1120 762 1178 sentit,
783 1119 902 1168 iniis
915 1119 1074 1178 haeret,
1094 1138 1191 1186 quae
1207 1131 1332 1183 grata
1347 1131 1454 1168 sunt
1471 1120 1618 1168 animo

170 1220 249 1257 aut
267 1208 442 1272 ingrata
455 1246 467 1267 ,
487 1208 732 1276 phantasiae
751 1227 836 1276 ope
854 1207 1036 1266 nititur,
1056 1208 1239 1275 ejusque
1259 1228 1281 1257 e
1301 1228 1422 1275 penu
1442 1208 1618 1258 colores

171 1298 308 1366 petit,
337 1298 504 1366 quibus
540 1318 634 1348 rem
671 1298 955 1366 propositam
990 1297 1226 1347 illuminet.
1262 1299 1374 1364 Ejus
1406 1298 1584 1347 virtutis
1606 1338 1618 1357 ‚

174 1406 308 1454 quam
323 1387 481 1436 Nostri
503 1386 582 1435 den
604 1388 743 1438 W'tz
760 1399 943 1445 vocant,
962 1386 1175 1454 exemplis
1195 1388 1394 1437 abundat
1416 1388 1503 1437 hoc
1525 1408 1622 1437 car-

170 1495 300 1535 men3
321 1477 378 1526 ab
403 1495 542 1544 eaque
565 1477 661 1542 ejus
686 1489 844 1526 auctor
865 1477 1113 1526 eminenter
1135 1477 1362 1544 mgembsus
1383 1490 1519 1545 poeta
1537 1499 1621 1527 vo-

172 1576 310 1614 catur.
346 1564 493 1613 Modo
523 1584 618 1614 non
651 1565 901 1632 argutiarum
927 1565 1128 1614 studium
1145 1603 1156 1624 ,
1180 1566 1410 1614 acuminum
1440 1567 1618 1615 venatio

169 1664 215 1702 et
229 1653 464 1720 petulantia
487 1654 689 1722 quaedam
714 1654 849 1702 animi
868 1673 968 1703 eum
987 1654 1154 1721 passim
1177 1655 1439 1703 avertissent
1460 1655 1517 1704 ab
1539 1675 1592 1704 eo
1606 1693 1617 1714 ,

171 1741 296 1810 quod
318 1754 489 1813 rectum
512 1754 581 1792 est
603 1754 649 1792 et
669 1762 837 1793 verum.
864 1742 971 1792 Illas
995 1736 1141 1792 autem
1165 1744 1334 1808 ingenii
1357 1744 1486 1793 dotes
1505 1745 1620 1801 doc-

172 1831 300 1906 trinae
317 1831 516 1882 liberalis
538 1832 710 1900 pabulo
736 1824 927 1893 aluerat,
945 1833 1137 1883 lectione
1154 1846 1384 1907 auctorugn
1404 1846 1621 1901 praestan-

172 1920 460 1981 tissimorum,
475 1934 710 1989 poetarum
726 1923 774 1970 in
786 1923 960 1990 primis,
977 1922 1378 1972 declamationibus
1394 1923 1440 1971 In
1453 1923 1620 1973 scholis

171 2011 427 2072 rhetorum,
460 2024 594 2080 atque
632 2013 944 2063 observatione
972 2032 1148 2062 morum
1172 2025 1217 2062 et
1247 2013 1502 2062 studiorum
1535 2013 1622 2062 hu-

172 2119 426 2150 manorum.
447 2103 607 2168 Itaque
630 2101 814 2151 scientia
828 2101 1008 2166 vigebat
1024 2101 1294 2152 elocutionis
1312 2103 1498 2171 poeticae
1511 2142 1522 2162 ,
1544 2122 1623 2152 an-

173 2188 422 2256 tiquitatis,
448 2189 586 2238 animi
616 2189 826 2250 humani,
863 2210 1103 2259 earumque
1132 2211 1305 2251 rerum,
1341 2192 1509 2259 quibus
1543 2191 1619 2240 ille

170 2276 491 2343 persuadetur,
518 2276 784 2338 delectatur,
807 2291 1025 2329 movetur.
1051 2280 1125 2329 Sic
1144 2300 1251 2345 ergo
1278 2293 1323 2330 et
1345 2300 1368 2329 a
1393 2293 1552 2329 natura
1574 2291 1618 2329 et

172 2377 335 2433 suopte
358 2365 512 2415 studio
535 2366 753 2416 formatus
775 2369 962 2418 accessit
984 2369 1039 2418 ad
1054 2389 1170 2437 opus
1185 2370 1619 2437 Metamorphoseon

171 2453 475 2503 condendum.

236 2542 306 2591 De
307 2541 519 2608 facilitate
533 2550 742 2604 nonest,
770 2545 894 2612 quod
917 2545 1048 2613 plura
1068 2545 1232 2604 dicam,
1257 2557 1310 2594 ut
1333 2565 1431 2613 quae
1451 2565 1547 2594 non
1571 2546 1620 2594 in

174 2629 369 2694 singulis
383 2630 519 2691 locis,
546 2633 625 2681 sed
644 2632 693 2682 in
716 2646 871 2684 tenore
890 2635 1030 2683 totius
1050 2634 1258 2683 carminis
1277 2645 1495 2683 cernatur.
1518 2635 1624 2682 Ma'-

175 2717 300 2768 culas
329 2720 484 2786 potius
507 2720 749 2772 nonnullas
774 2722 1133 2775 commemorabo
1149 2759 1161 2780 ,
1189 2742 1299 2790 quas
1321 2723 1515 2790 impetus
1546 2721 1622 2771 ille

312 2825 417 2869 ΙῘῘ.
1079 2825 1082 2827 ’
1408 2846 1431 2871 2
