1832 3100
319 175 1008 223 METAMORPHOSEON
1048 181 1178 226 LIB,
1220 183 1339 228 VII.

1449 186 1528 228 511

120 289 144 311 »ι
172 267 448 335 (ΞΙεητίςιιιὲειιιΓ
465 267 575 339 vidit
598 267 788 317 Vulcani
812 272 1072 323 occumbere
1096 275 1265 341 prolem
1285 298 1294 324 :

121 367 145 387 »
171 345 297 394 Vidit
318 357 362 394 et
382 345 595 394 immitem
621 345 860 412 Cephesias
885 367 960 397 ora
984 351 1275 402 Procrusten:

121 444 145 464 »
175 422 411 490 Cercyonis
431 421 569 472 letum
592 422 704 472 vidit
726 424 919 474 Cerealis
942 425 1126 476 Eleusin
1147 448 1157 476 :

123 521 146 542 »
174 499 354 549 Occidit
375 498 449 550 ille
474 500 620 559 Sinis,
645 494 816 564 magnis
839 502 951 552 male
972 504 1142 555 viribus
1165 527 1296 567 usuS‚

1478 528 1544 573 440

55 612 62 618 .
123 601 145 621 »
171 579 265 643 Qui
282 591 457 646 poterat
479 598 656 628 curvare
681 580 828 628 trabes
842 618 855 638 ‚
879 593 924 630 et
946 583 1105 646 agebat
1127 585 1183 634 ab
1205 585 1294 634 alto

120 679 144 698 »
169 655 243 706 Ad
265 668 423 707 terram
446 656 531 708 late
555 676 783 723 sparsuras
811 677 999 725 corpora
1018 661 1152 727 pinus
1175 682 1185 710 :

123 755 146 776 »
170 734 316 783 Tutus
338 733 396 782 ad
417 733 666 783 Alcathoen
680 771 694 792 ,
716 734 920 799 Lelegeia
942 738 1101 787 moenia
1115 776 1127 797 ‚
1151 738 1276 789 limes

123 832 145 852 »ι
175 811 438 878 Composito
462 811 643 860 Scirone
665 824 818 878 patet3
843 815 1072 881 sparsique
1098 815 1284 867 latronis

117 964 200 999 urbs
231 971 283 999 est
310 964 542 1010 Peloponnesi
562 991 571 1008 ,
605 964 793 1010 AEsculapii

117 1016 249 1062 templo
260 1016 394 1051 nobilis.
412 1018 477 1052 Ed.
491 1035 536 1042 -
546 1017 588 1052 ln
603 1016 795 1062 Epidaurio

117 1083 201 1116 agro
216 1070 430 1117 Peripheten
446 1097 455 1115 ,
486 1073 633 1106 Vulcani
648 1083 690 1105 ex
710 1071 796 1105 An·—

118 1122 190 1158 tilia
212 1122 325 1158 filium
339 1149 350 1167 ,
361 1159 364 1162 Α
376 1123 552 1170 interfecit
566 1150 576 1166 ,
605 1122 699 1168 quod
730 1123 797 1158 suit

118 1171 272 1221 primuni
281 1175 357 1221 ejus
368 1188 464 1222 opus.
477 1175 646 1211 Armatus
655 1175 711 1210 ille
722 1181 797 1210 erat

119 1227 212 1262 clava
228 1227 367 1278 (κορύνῃ)
380 1228 511 1271 ferrea,
524 1227 619 1262 unde
636 1231 797 1278 κορυνήτης

118 1287 154 1315 et
165 1279 440 1325 claezyerdictus.
454 1279 674 1324 Plutarchus,
690 1279 795 1315 Thes.

119 1331 163 1374 ὃς
181 1332 329 1368 Pausan.
346 1330 509 1367 Corinth.
526 1345 559 1378 p.
580 1345 662 1374 112;
681 1331 800 1377 Apol-

118 1383 261 1421 lodorus
273 1412 284 1430 ,
298 1385 376 1430 111,
393 1396 458 1421 xvr
469 1412 478 1430 ,
491 1396 516 1421 1.
527 1387 794 1426 ——Procrustes,

120 1435 276 1483 Neptuni
286 1436 377 1474 filius
385 1463 399 1481 ,Ἴ
408 1449 612 1473 mensuram
623 1436 801 1482 hospitum

119 1487 162 1522 ad
171 1488 306 1525 lectum
311 1496 443 1536 aptans.
452 1489 490 1525 Si
500 1489 676 1535 longiores
686 1496 802 1525 essent

118 1540 220 1586 lecto,
238 1541 440 1588 amputabat
457 1542 700 1590 prominentes
713 1555 800 1578 cor—

117 1593 212 1638 poris
225 1601 340 1639 partes
350 1621 362 1639 ,
379 1594 434 1637 sin
450 1594 628 1630 breviores
638 1621 648 1639 ,
672 1594 799 1631 incude

118 1646 522 1692 supponitavextundehat
541 1646 648 1693 pedes
674 1660 682 1682 :
706 1647 801 1682 Plu-

118 1697 269 1742 iacchus,
281 1698 386 1739 Thes.
398 1712 436 1735 ιι
452 1713 461 1741 ;
476 1699 654 1747 Hyginus,
669 1699 735 1735 sab.
746 1700 803 1734 38.

118 1750 309 1788 Habitabat
315 1751 359 1787 ad
370 1753 566 1796 Cephissam
575 1766 586 1787 :
596 1753 798 1796 Pausanias,

119 1803 225 1838 Attio.
234 1817 267 1850 p.
274 1816 330 1851 9²·
340 1804 434 1839 Eum
442 1804 618 1840 interfecit
627 1805 798 1849 Theseus,

118 1855 225 1902 idque
238 1857 306 1892 fuit
318 1863 456 1893 sextum
471 1857 547 1901 ejus
559 1870 656 1902 opus.

162 1907 238 1955 439.
252 1909 457 1955 ,Cercyonem
477 1910 639 1944 Eleusine
661 1908 800 1954 degen-

120 1966 212 2004 tem,
229 1967 352 2004 quarta
364 1972 481 2006 pugna
494 1960 576 1995 vicit
586 1959 754 1995 Theseus.
766 1960 800 1995 Is

121 2019 239 2057 autem
256 2019 506 2058 praetereuntes
522 2012 613 2048 lucta
625 2013 732 2047 victos
744 2012 800 2046 in-

122 2064 280 2101 terficere
289 2065 440 2108 solebat;
459 2064 680 2108 Plutarchus,
695 2064 800 2100 Thes.

126 2129 180 2156 uz
199 2117 406 2162 Pausanias,
426 2117 797 2163 Attic.p.94.--Sia125‚

120 2169 371 2217 Polypemonis
404 2176 464 2204 aut
487 2169 655 2205 Pemonis
677 2168 767 2203 filius
788 2195 798 2213 ,

120 2219 156 2255 in
172 2220 308 2257 Isthmo
325 2220 483 2256 habitans
494 2247 503 2265 ,
521 2220 655 2255 duabus
667 2219 800 2255 inflexis

119 2274 270 2319 piuubus
290 2273 407 2319 (unde
420 2275 651 2319 Πιτυοκάμπτης
663 2273 797 2317 dictus)

119 2325 280 2363 homines
290 2327 427 2373 alligare
437 2327 568 2362 solebat
576 2354 586 2371 ,
605 2326 728 2372 quibus
739 2339 798 2361 su-

119 2377 191 2414 bito
207 2379 354 2415 dimissis
365 2408 375 2425 ,
388 2379 437 2414 illi
447 2378 536 2414 soede
547 2378 798 2414 lacerabantur.

120 2429 257 2466 Eodem
274 2432 397 2467 mortis
411 2445 540 2477 genere
553 2432 695 2465 affectus
711 2437 762 2465 est
779 2444 798 2465 a

121 2480 279 2518 Theseo:
293 2483 492 2526 Pausanias,
503 2482 666 2518 Corinth.
676 2496 708 2528 p.
723 2496 734 2517 ι
745 2497 756 2517 ι
767 2497 796 2524 ις

122 2533 296 2582 Hyginus,
307 2535 373 2569 sab.
389 2535 450 2570 38:
464 2534 712 2580 Apollodorus,
729 2534 763 2568 d.
774 2533 796 2568 l.

123 2584 267 2624 Confer]
286 2588 433 2625 Valken.
451 2589 493 2623 ad
512 2589 631 2635 Eurip.
654 2589 796 2635 Hippoi.

120 2652 206 2675 vers.
222 2653 297 2688 977.
315 2641 402 2675 Haec
415 2640 568 2677 secunda
582 2642 656 2684 ejus
671 2653 797 2686 pugna.

122 2710 163 2719 —-
172 2692 270 2727 Idem
281 2693 372 2727 Sinis
385 2691 505 2727 habuit
517 2704 655 2737 quoque
667 2691 774 2726 filiam
786 2718 795 2734 ,

861 964 1063 1011 Perigimeu
1078 968 1223 1002 nomine
1233 994 1243 1012 ,
1257 981 1298 1003 ex
1307 981 1375 1014 qua
1384 969 1540 1006 Theseus

861 1017 1105 1064 Menalippum
1119 1021 1258 1066 genuit,
1273 1029 1409 1066 patrem
1419 1024 1541 1059 Toxia-

861 1068 925 1103 nis.
940 1071 1007 1104 Ed.

905 1122 984 1166 443.4
996 1122 1180 1165 Almam«,
1201 1124 1347 1171 Megara
1359 1153 1368 1170 ,
1383 1127 1425 1162 ab
1439 1127 1543 1164 Alca-

861 1173 947 1208 thoo
961 1175 1009 1209 sic
1025 1175 1124 1211 dicta.
1145 1177 1177 1211 Is
1197 1178 1263 1212 suit
1279 1179 1416 1225 Pelopis
1433 1180 1522 1216 filius
1534 1210 1541 1223 ,

863 1226 938 1271 qui,
957 1239 1067 1272 quum
1084 1228 1116 1262 ei
1134 1230 1256 1264 mortis
1274 1229 1462 1278 Chrysippi
1472 1234 1545 1268 sra—

864 1278 924 1313 tris
941 1279 1076 1314 crimen
1092 1280 1192 1316 fieret
1205 1308 1214 1325 ,
1233 1281 1275 1316 ad
1294 1282 1457 1329 Megas-os
1474 1298 1544 1320 au—

863 1331 950 1376 fugit
958 1338 992 1366 et
1000 1331 1143 1367 leonem
1151 1332 1280 1369 horum
1291 1341 1402 1370 terras
1409 1344 1546 1372 vastan-

854 1384 936 1417 'tem
953 1385 1115 1428 necavit;
1141 1386 1235 1421 unde
1262 1387 1417 1434 Megaris
1441 1389 1544 1424 heros

863 1435 1000 1472 habitus
1014 1463 1024 1480 ,
1052 1445 1088 1472 et
1111 1440 1352 1477 monumentis
1378 1442 1542 1488 festisque

863 1488 1056 1525 celebratus
1081 1491 1166 1526 suit:
1193 1493 1382 1528 Pausanias
1401 1495 1418 1530 I
1431 1519 1442 1537 ‚
1465 1508 1494 1529 c.
1514 1498 1545 1539 4.

863 1541 930 1575 Ed.
937 1559 983 1567 —
993 1543 1195 1586 Composito.
1209 1543 1297 1590 Regi
1301 1557 1339 1579 us
1346 1570 1356 1588 ‚
1365 1546 1539 1590 Deposito.

861 1591 897 1626 id
912 1600 983 1638 est,
1002 1593 1147 1639 depulso
1159 1621 1169 1639 ,
1182 1594 1332 1640 dejecto,
1351 1596 1442 1641 quod
1457 1612 1547 1644 prae—-

862 1644 932 1679 sert
946 1645 1184 1682 Burmannus.
1210 1646 1332 1683 Codex
1346 1649 1476 1695 Regius
1491 1651 1520 1686 A
1537 1678 1547 1693 ,

862 1697 1036 1740 deposito5
1056 1704 1091 1732 at
1105 1698 1213 1733 codex
1223 1699 1253 1733 Β
1267 1725 1277 1742 ,
1301 1704 1492 1743 composito.
1503 1721 1547 1727 -·

867 1749 1065 1793 Composllo,
1084 1751 1239 1794 sublato,
1258 1751 1456 1796 interfecto,
1474 1754 1544 1788 sive.

863 1800 1067 1846 metaphora
1085 1802 1191 1847 petita
1200 1802 1244 1836 sit
1259 1815 1277 1836 a
1288 1802 1402 1838 litibus
1416 1830 1426 1847 ,
1446 1817 1540 1849 quae,

864 1863 974 1895 quum
986 1865 1136 1898 compon
1143 1860 1263 1898 untur,
1276 1854 1463 1898 finiuntur3
1475 1856 1545 1890 sive

864 1914 884 1935 a
896 1904 1062 1947 mortuis,
1079 1905 1139 1949 qui
1151 1911 1187 1938 et
1200 1905 1264 1949 ipsi
1275 1905 1442 1941 dicuntur
1450 1919 1529 1942 com

864 1955 973 2000 poni,
995 1955 1032 1990 id
1058 1963 1109 1991 est
1122 1982 1132 1999 ,
1155 1957 1303 2002 sepeliri.
1325 1958 1546 1994 Schirachius

863 2021 969 2043 sensu
989 2010 1210 2054 exquisitiore
1227 2011 1275 2045 sic
1292 2010 1426 2046 dictum
1444 2020 1545 2058 puta—

863 2061 943 2105 bat,
962 2062 1042 2107 quia
1055 2062 1212 2099 Theseus
1228 2063 1414 2099 Scironem
1431 2079 1449 2100 e
1467 2079 1547 2101 saxo

862 2114 898 2147 in
918 2127 1014 2148 mare
1034 2113 1260 2150 deturbatum
1286 2117 1390 2154 simul
1414 2119 1546 2164 sepeli-

863 2167 962 2202 verit.
973 2168 1153 2207 —-Sc1'ron‚
1172 2168 1373 2204 Scironides
1385 2196 1395 2213 ,
1413 2170 1546 2216 Mega*-

863 2219 946 2254 ridis
962 2232 1066 2265 rupes
1085 2220 1240 2256 incolens
1251 2247 1261 2265 ,
1286 2222 1341 2257 vel
1358 2223 1546 2258 latrociniis

862 2271 954 2306 viam
968 2272 1152 2308 infestabat
1164 2299 1174 2316 ,
1190 2274 1244 2307 vel
1257 2275 1546 2318 praetereuntibus

863 2324 968 2370 pedes
995 2326 1173 2371 porrigere
1202 2326 1334 2360 solebat
1360 2327 1523 2363 lavandos
1536 2343 1544 2369 ;

862 2376 957 2422 quod
973 2390 1082 2422 quum
1094 2377 1267 2421 fecissent,
1283 2378 1430 2413 calcibus
1441 2391 1499 2414 eos
1509 2379 1544 2414 in

862 2442 959 2463 mare
969 2430 1170 2475 dejiciebat:
1185 2430 1361 2467 Plutarch.
1375 2432 1479 2469 Thes.
1495 2445 1545 2468 10.

864 2482 958 2516 Eum
974 2489 1010 2517 et
1026 2483 1137 2527 ipsum
1155 2482 1282 2528 dejecit
1296 2483 1454 2519 Theseus
1464 2512 1475 2529 ,
1489 2485 1546 2520 id-

863 2547 930 2580 que
942 2535 1009 2568 suit
1021 2541 1185 2579 quartum
1200 2534 1275 2580 ejus
1285 2548 1382 2581 opus.
1391 2554 1435 2562 —-
1446 2538 1543 2581 djoar-

862 2591 954 2631 sique
970 2589 1122 2621 latrom's.
1137 2613 1144 2620 .
1158 2611 1166 2619 .
1179 2590 1320 2622 osu'bus.
1341 2588 1427 2623 Haec
1443 2588 1545 2624 lectio

862 2639 966 2673 nimis
975 2639 1142 2683 exquisita
1150 2645 1186 2673 et
1198 2646 1288 2679 torta
1295 2639 1446 2682 videtum
1458 2653 1543 2686 prae*

863 2691 1005 2726 tulerim
1019 2698 1112 2728 certe
1123 2705 1229 2736 quam
1244 2692 1330 2728 dant
1348 2694 1448 2739 Regii
1461 2707 1523 2727 nos
1534 2713 1545 2718 ³
