1832 3100
311 253 396 296 362

685 257 735 300 P.
776 259 1008 304 OVIDII
1042 259 1343 306 NASONIS

312 345 543 403 Creditur,
569 348 770 410 egregius
793 351 958 408 forma;
986 370 1114 417 quam
1138 351 1269 400 divite
1294 346 1414 401 cultu

310 423 517 485 Augebat
531 461 542 482 ,
567 424 638 472 bis
660 425 802 474 adhuc
826 428 996 475 octonis
1019 429 1189 491 integer
1211 430 1361 487 annis3
1676 440 1718 480 56

310 500 498 548 Indutus
520 501 787 569 chlamydem
809 505 1006 570 Tyriam,
1034 523 1162 570 quam
1183 504 1349 554 limbus
1370 506 1532 554 obibat

311 576 484 625 Aureus
508 598 518 625 ε
541 580 758 627 ornabant
776 593 924 629 aurata
947 581 1128 629 monilia
1151 581 1312 630 collum
1331 602 1341 640 3

310 655 371 702 Et
389 655 588 705 madidos
611 657 787 724 myrrha
810 677 988 706 curvum
1011 658 1170 707 crinale
1195 659 1389 726 capillos.

310 735 390 783 Ille
414 737 589 803 quidem
609 738 751 802 jaculo
778 740 973 805 quamvis
998 740 1203 789 distantia
1224 742 1360 790 misso

310 817 462 880 Figere
485 819 639 868 doctus
663 832 775 877 erat3
799 821 875 869 sed
900 822 1075 870 tendere
1101 822 1274 871 doctior
1292 841 1442 879 arcus„
1676 833 1720 872 55

310 899 425 947 Tum
448 919 623 966 quoque
648 901 771 950 lenta
788 910 920 952 ma'nu
942 904 1187 955 flectentem
1211 923 1376 953 cornua
1397 905 1583 955 Perseus

309 1053 390 1074 men
407 1042 614 1077 mutandum
632 1045 839 1080 censuimus.
857 1047 924 1080 Ed.
940 1065 985 1073 -

309 1092 429 1126 Antris·
440 1092 482 1127 de
495 1095 628 1129 Oceano
639 1103 674 1130 et
689 1097 839 1131 Eridano
850 1098 985 1143 reperi-

311 1150 367 1177 tur
383 1144 473 1190 apud
490 1144 739 1191 Claudianum,
751 1149 841 1192 XII,
856 1160 980 1194 xxxw,

310 1197 352 1229 28
366 1222 375 1239 ‚
400 1199 457 1242 147
477 1210 485 1232 :
519 1200 631 1233 Vitrea
653 1202 774 1235 sedilia
792 1200 982 1248 Clymenes

310 1248 348 1282 in
367 1248 511 1284 Oceano
531 1250 652 1297 Virgil.
672 1252 799 1299 Georg.
818 1254 884 1297 IV,
906 1255 982 1289 350.

310 1301 442 1335 Putant
452 1302 594 1348 intelligi
604 1305 797 1351 crystallina
809 1319 816 1347 ;
834 1319 875 1340 ex
886 1319 983 1354 crys-

310 1353 391 1387 tallo
401 1354 498 1389 enim
508 1362 606 1390 antra
619 1358 683 1391 sub
693 1359 780 1393 mari
792 1360 981 1404 composita

311 1404 396 1450 fingi
413 1419 432 1440 a
454 1407 572 1451 poetis.
590 1407 661 1442 sed
687 1417 722 1444 et
745 1422 832 1454 aqua
849 1410 983 1444 marina

309 1459 416 1491 vitrea
442 1457 569 1492 dicitur
590 1472 598 1493 :
618 1459 758 1494 AEneid.
776 1461 869 1504 Vll,
899 1464 982 1507 759,

309 1510 415 1542 vitrea
423 1511 514 1543 anda
523 1509 659 1551 Fucini;
673 1510 795 1545 Claud.
808 1511 982 1553 XXXIII,

310 1559 372 1604 267
386 1585 396 1602 ,
429 1562 544 1594 vareis
569 1562 727 1595 Oceanus
746 1564 855 1595 undis.
883 1562 983 1606 Qui-n

311 1611 397 1646 adeo
421 1611 480 1645 Dii
496 1612 623 1646 marini
638 1612 701 1657 ipsi
716 1616 839 1647 vinei:
859 1614 983 1647 Horat.

314 1665 352 1707 I,
371 1663 441 1699 Od.
451 1674 532 1698 xvn
546 1689 555 1708 ,
570 1677 612 1698 20
627 1690 636 1707 ,
655 1668 762 1699 vitrea
773 1667 876 1699 Ct‘rce.
889 1666 984 1699 Hinc

312 1717 431 1752 omnia
446 1720 554 1752 m‘trea
565 1744 574 1758 ,
610 1730 687 1763 quae
703 1719 746 1753 ad
768 1718 863 1754 Deos
877 1720 986 1754 mari—

312 1781 376 1803 nos
398 1769 586 1813 pertinent.
611 1770 734 1815 Virgil.
765 1770 892 1816 Georg.
916 1772 983 1814 IV,

313 1822 395 1863 335,
413 1820 587 1867 Nymphae
611 1820 746 1855 Oceani
767 1822 892 1856 vellera
909 1835 987 1856 car-

312 1878 402 1917 punt
427 1874 526 1918 hyali
544 1874 652 1907 colore
670 1872 815 1916 fucata,
853 1875 960 1909 ὑάλινα
974 1899 985 1917 ,

310 1924 429 1958 vitrea.
454 1924 591 1970 Nempe
616 1932 805 1971 utrumque
822 1933 985 1970 vocatur,

313 1982 348 2010 et
366 1975 409 2010 de
426 1976 541 2011 colore
560 1976 662 2011 viridi
684 1985 720 2011 et
736 1977 883 2012 caeruleo
900 1977 989 2012 dici-

311 2034 391 2070 tur,
417 2039 523 2072 quem
548 2028 715 2073 quoniam
741 2042 838 2064 mare
853 2030 962 2064 refert
977 2056 986 2073 ,

312 2091 410 2126 aeque
427 2092 465 2114 ac
482 2082 600 2114 viridis
615 2087 651 2115 et
666 2084 822 2115 ceruleus
838 2081 881 2115 de
902 2092 986 2114 om-

312 2131 415 2166 nibus
431 2131 656 2177 praedicatur,
682 2145 758 2177 quae
780 2132 823 2166 ad
839 2145 936 2167 mare
953 2139 989 2167 et

313 2196 440 2229 aquam
455 2185 645 2229 pertinent.
660 2203 704 2212 ·—
723 2187 856 2229 Cultus,
874 2186 988 2220 vesti-

315 2243 380 2270 tus.
406 2253 450 2262 --·
479 2237 627 2280 Integer,
662 2236 793 2272 florens
818 2244 927 2271 aetate.
947 2254 991 2262 -—

316 2288 529 2333 Chlamydem
553 2289 696 2333 Tyriam.
714 2287 797 2321 AEn.
820 2288 885 2330 IV,
908 2288 989 2332 137:

315 2339 485 2373 Sidoniam
499 2342 592 2382 picto
614 2341 820 2384 chlamydem
842 2342 991 2372 ct'rcum-

315 2393 400 2425 dala
414 2393 525 2425 limbo.
545 2389 680 2425 Confer
702 2391 756 2433 11,
777 2391 850 2436 733.

360 2444 414 2478 53.
435 2445 485 2478 Et
503 2445 656 2478 madidos
682 2444 823 2489 myrrha.
843 2443 886 2477 In
903 2443 992 2477 libro

318 2496 374 2530 ΙΙΙ
388 2521 397 2538 ,
415 2507 517 2530 versu
535 2496 618 2531 555:
633 2500 669 2529 el
686 2496 841 2528 madidus
858 2496 991 2540 myrrha

318 2550 431 2581 crinis.
446 2565 490 2574 ·-—
506 2547 645 2593 Myrrha
660 2547 775 2592 liquor
804 2559 822 2580 e
850 2546 992 2593 myrrha

317 2597 466 2642 stillans,
484 2598 612 2643 capillis
621 2597 794 2644 ungendis
806 2597 994 2631 adhibeba-

319 2655 389 2692 tur,
410 2662 480 2694 quo
494 2650 650 2684 niterent
663 2662 702 2684 ac
715 2649 912 2684 suavissime
923 2648 994 2682 ole-

318 2708 408 2735 rent.
420 2703 484 2736 Ed.
492 2705 676 2737 —Curoum
691 2704 833 2743 crinal&
846 2713 911 2746 pro
924 2713 993 2745 quo

1047 1049 1187 1087 ntitbra,
1210 1047 1303 1092 quod
1326 1060 1399 1082 non
1420 1045 1721 1082 contemnendum

1046 1106 1146 1143 putat
1182 1100 1409 1134 Burmannus
1426 1125 1437 1143 ,
1476 1098 1555 1143 quia
1592 1096 1722 1133 mithra

1048 1149 1284 1185 Orientalium
1293 1150 1403 1184 cultus
1416 1175 1425 1193 ,
1442 1149 1480 1185 in
1495 1149 1615 1194 primis
1629 1147 1732 1183 mol-v

1046 1201 1134 1236 lium
1152 1202 1308 1236 virorum
1327 1208 1411 1235 erat.
1431 1200 1562 1244 Addit,
1587 1200 1720 1235 nescire

1046 1267 1081 1288 se
1106 1266 1150 1288 an
1176 1254 1222 1287 ita
1249 1253 1402 1287 absolute
1434 1265 1564 1298 ponere
1596 1254 1723 1287 crinale

1045 1305 1201 1340 solebant
1218 1304 1374 1339 Veteres.
1389 1323 1434 1330 —
1451 1304 1559 1339 Hunc
1579 1315 1720 1338 versum

1045 1363 1165 1391 noster
1192 1355 1313 1391 Codex
1338 1357 1368 1391 B
1387 1356 1435 1390 ita
1452 1355 1511 1390 dat
1532 1368 1552 1389 a
1568 1354 1721 1390 secunda

1046 1421 1155 1442 manu
1165 1420 1173 1442 :
1184 1408 1234 1442 Et
1245 1409 1403 1442 madidus
1410 1408 1542 1453 myrrha
1549 1409 1726 1442 cohibebat

1047 1462 1168 1494 milhra
1186 1461 1354 1503 capillus,·
1378 1456 1471 1504 quod
1486 1458 1560 1493 sine
1571 1471 1675 1494 sensu
1686 1464 1722 1492 et

1047 1516 1140 1544 certe
1163 1517 1282 1544 errore
1310 1509 1440 1544 librarii
1462 1510 1528 1544 suit
1554 1509 1723 1554 scriptum

1046 1574 1111 1607 pro
1125 1564 1311 1597 madidos...
1331 1564 1492 1606 capillos,
1515 1567 1550 1596 et
1572 1560 1663 1596 redit
1686 1561 1723 1595 in

1046 1615 1259 1648 sententiam
1278 1613 1487 1648 Burmanni.
1503 1614 1569 1647 Ed.
1585 1631 1629 1638 -
1648 1614 1725 1647 Cn·—

1046 1669 1141 1706 nale,
1175 1673 1424 1700 ornamentum
1449 1665 1588 1710 capillos
1617 1663 1721 1699 cohi-

1046 1718 1132 1753 bens
1148 1745 1157 1762 ,
1190 1730 1278 1753 nove
1301 1719 1348 1753 sic
1368 1718 1523 1753 absolute
1548 1717 1721 1762 positum,

1048 1770 1198 1805 occurrit
1218 1777 1336 1804 tamen
1362 1776 1398 1803 et
1419 1769 1524 1803 Pont.
1551 1768 1608 1803 111
1621 1794 1630 1811 ,
1654 1777 1700 1802 111
1713 1793 1723 1811 ,

1053 1822 1102 1854 15.
1123 1821 1290 1855 Similiter
1311 1820 1427 1854 Horat
1449 1819 1489 1862 I,
1515 1827 1568 1864 ep.
1590 1829 1643 1862 11,
1665 1819 1724 1861 18,

1049 1877 1230 1916 campestre
1239 1873 1286 1907 sic
1292 1871 1501 1907 substantive
1511 1897 1521 1914 ,
1532 1869 1724 1916 cingulum,

1051 1935 1122 1968 quo
1137 1923 1239 1958 cincti
1261 1930 1361 1958 erant
1377 1922 1487 1958 lumbi
1500 1922 1543 1956 in·
1555 1931 1678 1968 eampo
1689 1935 1725 1956 se

1052 1976 1300 2010 exercentium.
1310 1994 1354 2001 -—
1362 1976 1547 2010 Monilibus
1555 1979 1591 2008 et
1597 1974 1726 2019 torqui-

1051 2028 1115 2062 bus
1126 2027 1324 2063 orientales
1332 2027 1417 2062 colla
1427 2037 1552 2061 ornare
1560 2025 1727 2060 solebant.

1096 2081 1148 2114 55.
1163 2080 1308 2113 Tendere
1319 2081 1458 2122 doclt'or5
1471 2078 1519 2113 sic
1530 2077 1640 2112 nostri
1653 2077 1728 2111 Re—

1054 2132 1107 2177 gii.
1115 2132 1219 2166 Unus
1230 2131 1485 2173 Gronovianus,
1493 2130 1621 2171 cet-Hor,
1632 2129 1727 2175 quod

1052 2191 1188 2218 rectum
1220 2197 1292 2218 esse
1326 2190 1449 2218 monet
1478 2183 1704 2217 Burmannus
1715 2207 1725 2224 ,

1052 2242 1196 2281 propter
1210 2247 1278 2269 una
1295 2238 1422 2279 sagitta
1440 2235 1567 2268 Certior
1582 2233 1620 2268 in
1638 2233 1727 2268 libro

1055 2287 1092 2330 Ι,
1120 2289 1193 2334 5¹9·
1220 2287 1268 2322 At
1291 2287 1327 2321 in
1349 2285 1528 2321 tendendo
1549 2296 1632 2320 arcu
1651 2296 1727 2319 non

1054 2347 1126 2373 tam
1143 2341 1304 2373 certando
1317 2339 1508 2382 requiritur
1523 2348 1629 2381 quam
1646 2337 1729 2370 doc-

1055 2395 1154 2431 trina,
1165 2390 1234 2424 sive
1251 2402 1312 2423 ars.
1325 2387 1646 2424 Iidem'O'rientales
1656 2394 1729 2421 arte

1055 2441 1227 2487 sagittaria
1242 2440 1460 2474 excellebant.
1478 2440 1629 2482 Plinius,
1640 2438 1731 2473 Hist.

1056 2495 1135 2529 Nat.
1160 2493 1235 2535 VI,
1267 2505 1316 2538 ¹7·
1342 2493 1465 2536 Itaque
1488 2497 1523 2526 et
1547 2491 1670 2525 Horat.
1690 2489 1726 2532 I,

1058 2545 1128 2580 Od.
1150 2552 1240 2578 vxxxx
1253 2569 1262 2587 ,
1296 2557 1317 2591 9
1329 2569 1338 2586 ,
1366 2543 1408 2577 de
1422 2550 1532 2588 p'uero
1549 2541 1729 2577 Parthico:

1057 2598 1190 2631 Doctus
1204 2599 1349 2639 sagittas
1362 2597 1491 2629 tendere
1506 2595 1637 2628 Sen‘cas
1650 2604 1731 2626 arcu

1051 2654 1201 2693 paterno.

1104 2700 1155 2734 56.
1178 2701 1288 2734 lenta
1297 2710 1422 2734 cornua
1432 2725 1440 2739 ,
1457 2695 1615 2731 flexibilia
1631 2707 1729 2729 arcus

320 2751 458 2787 Thuan.
484 2753 599 2788 Oxon.
625 2755 773 2798 Bemeg.
788 2779 797 2796 ,
822 2755 998 2788 cohibebat
1059 2763 1199 2785 cornua.
1216 2752 1282 2784 Ed.
1296 2767 1341 2777 ——
1355 2751 1396 2784 In
1408 2750 1496 2782 aula.
1512 2746 1630 2782 Nostri
1649 2746 1727 2780 Co·-
