1832 3100
305 272 361 333 75
674 279 726 322 P.
771 280 1354 334 ov1n11NAsoN1s
1399 328 1402 331 ,

301 387 327 409 >»
354 367 486 427 Mox,
512 370 595 429 ait,
616 375 828 439 experiar,
856 378 976 426 Deus
1000 378 1072 427 hic
1090 417 1101 437 ‚
1127 381 1375 432 discrimine
1401 398 1553 452 aperto
1569 400 1587 446 ‚‘

302 466 327 488 >›
348 446 420 493 An
445 447 501 494 sit
524 450 745 509 mortalis3
772 473 849 501 nec
874 455 956 502 erit
979 455 1222 506 dubitabile
1243 478 1404 508 verum.

268 578 276 586 ,
298 544 325 565 >›
346 525 484 573 Nocte
508 545 678 588 gravem
698 547 852 578 somno
878 551 958 580 nec
983 533 1113 598 opina
1138 536 1320 600 perdere
1341 551 1482 588 morte

299 621 324 643 ³»
350 602 424 649 Me
447 615 570 668 parat
592 623 601 650 :
627 605 716 653 haec
739 605 803 653 illi
826 606 969 672 placet
993 610 1257 674 experientia
1272 613 1376 660 veri.

1642 631 1706 666 225

298 699 324 720 >›
351 680 441 727 Nec
465 693 700 730 contentus
723 702 798 742 eo,
825 684 946 732 missi
969 685 1022 733 (le
1047 698 1173 748 gente
1197 687 1397 738 Molossa

298 776 324 798 ³)
353 756 538 805 Obsidis
561 759 693 808 unius
712 760 913 824 jugulum
937 782 1146 812 mucrone
1165 764 1347 813 resolvit
1366 786 1377 814 :

295 851 322 874 >›
348 832 494 899 Atque
516 834 577 882 ita
600 836 834 886 semineces
858 839 1016 903 partim
1038 840 1307 889 ferventibus
1326 853 1447 892 artus

298 935 322 956 »
353 914 505 963 Mollit
525 917 670 982 aquis,
694 919 853 984 partim
877 921 1074 985 subjecto
1096 923 1256 970 torruit
1279 924 1386 984 igni.

296 1017 320 1038 »
349 997 477 1060 Quos
501 999 631 1047 simul
655 1000 867 1066 imposuit
884 1004 1045 1051 mensis
1066 1023 1076 1061 ;
1102 1023 1183 1067 ego
1211 1005 1381 1055 vindice
1404 1005 1577 1055 flamma
1639 1023 1706 1056 230

293 1098 318 1120 >›
344 1080 396 1125 In
421 1079 602 1127 domino
628 1080 787 1143 dignos
810 1084 943 1132 everti
965 1096 1077 1133 tecta
1097 1086 1294 1134 Penates.

292 1217 421 1253 Ovidio
437 1219 568 1265 signata
581 1246 590 1264 ,
610 1228 648 1256 ut
665 1221 736 1257 aliae
752 1222 891 1259 multae:
912 1237 965 1260 oc-

291 1270 398 1305 currit
409 1278 442 1305 et
455 1272 558 1315 XIII,
573 1287 589 1307 2
597 1287 623 1307 1.
633 1293 677 1299 —
686 1276 828 1309 Graaem
838 1288 961 1318 somno,

1029 1232 1069 1261 ut
1080 1227 1141 1274 377
1151 1241 1159 1269 ;
1175 1227 1243 1271 111,
1257 1241 1310 1271 υ,
1322 1234 1358 1262 et
1366 1227 1500 1274 passim.
1510 1245 1555 1255 —
1563 1228 1703 1263 Semine-

1028 1291 1100 1319 ces,
1131 1279 1335 1324 palpitantes
1351 1278 1462 1314 adhuc
1479 1293 1487 1314 :
1517 1281 1702 1314 Tremenh'a

291 1322 385 1366 gravi
400 1335 524 1357 somno
542 1336 744 1369 oppressum
757 1352 767 1370 ‚
793 1331 966 1377 βεέαρημὲ-
1018 1330 1137 1375 frusla
1146 1330 1229 1365 dixit
1246 1330 1342 1376 Virg.
1359 1330 1442 1367 AEn.
1461 1330 1499 1374 Ι,
1523 1343 1597 1365 212.
1613 1329 1703 1365 Car-

291 1389 338 1408 νον
353 1379 394 1413 εἰς
411 1379 504 1409 ὕπνον.

334 1428 407 1469 224.
433 1429 580 1462 Perdere.
607 1429 729 1465 Heins.
746 1430 864 1466 mallet
875 1446 963 1475 pro-

289 1480 372 1513 dere.
385 1479 475 1514 Illud
486 1488 536 1515 est
550 1483 684 1527 gravius
696 1490 731 1518 et
746 1483 779 1518 h.
791 1484 811 1518 Ι.
828 1497 963 1520 accom-

287 1531 472 1566 modatius.

330 1586 404 1618 225.
422 1586 492 1620 Pro
506 1590 579 1621 veri
586 1586 715 1622 Medic.
727 1601 830 1623 rerum
843 1615 851 1629 ‚
868 1589 961 1634 quod

287 1636 397 1681 placet
417 1637 538 1672 Heius.
557 1639 616 1683 qui
639 1652 713 1674 non
731 1641 859 1683 sensit,
890 1653 961 1674 vo-

284 1686 387 1720 luisse
415 1688 583 1723 Nostrum
610 1690 777 1725 invidiose
800 1698 959 1736 repetere

283 1737 358 1783 ipsa
366 1739 533 1786 Lycaonis
544 1741 657 1776 verba.
670 1742 731 1777 Ille
743 1750 860 1777 autem
870 1743 961 1777 dixe-

284 1797 339 1825 rat
359 1794 543 1836 Experiar,
573 1807 639 1828 nec
659 1808 767 1829 verum
790 1796 856 1830 erit
877 1795 958 1830 duh.

286 1843 389 1879 Idem
398 1859 446 1880 vs.
458 1859 529 1891 seq.
539 1860 602 1892 pro
617 1850 717 1882 mini
727 1848 824 1883 malit
836 1849 963 1895 Amyci

285 1904 345 1931 aut
363 1899 443 1932 Νιὶῐι·
452 1926 460 1939 ,
487 1898 566 1943 quia
582 1899 618 1933 in
639 1899 747 1934 Palat.
762 1903 888 1943 amici5
919 1901 956 1934 in

284 1949 356 1984 aliis
371 1951 577 1994 quibusdam
592 1952 685 1986 Mt'sz‘.

328 2001 401 2035 226.
417 2004 570 2043 Molossi,
583 2004 620 2038 iu
631 2005 741 2050 Epiro
750 2031 759 2048 ,
771 2005 861 2051 apud
872 2018 957 2051 quos

284 2051 459 2087 Dodonaei
475 2054 571 2089 Jovis
588 2057 758 2101 templum
776 2070 784 2091 :
802 2057 891 2091 Plin.
909 2058 956 2092 H.

283 2104 327 2140 N.
345 2105 418 2149 IV,
442 2120 468 2140 1.
498 2107 585 2141 Haec
602 2107 645 2142 de
663 2108 780 2143 obside
803 2109 957 2144 Molosso

284 2156 390 2195 Ovid.
413 2164 452 2192 ut
466 2157 603 2192 videtur
615 2184 624 2201 ,
653 2158 695 2193 de
713 2161 953 2206 suo-addidit,

285 2208 346 2243 sed
364 2216 485 2243 contra
498 2208 615 2244 fidem.
636 2211 747 2254 Nam,
767 2218 805 2245 ut
817 2213 955 2248 mittam

279 2259 355 2293 illos
369 2272 387 2293 a
399 2260 551 2295 Molosso
565 2261 722 2305 demum,
733 2263 955 2308 Neoptolemi

282 2311 374 2354 filio,
391 2312 588 2347 nominatos
604 2326 675 2348 esse
687 2339 697 2357 ,
723 2314 797 2359 quis
813 2315 930 2351 credat
942 2343 951 2360 ,

283 2363 376 2408 quod
393 2364 464 2408 jam
476 2365 598 2399 Burm.
612 2365 770 2409 monuit,
784 2366 839 2401 illa
854 2374 953 2402 aetate

282 2421 355 2449 tam
385 2416 573 2461 longinqua
606 2417 693 2452 bella
723 2431 795 2453 esse
824 2426 915 2464 gesta
934 2419 951 2453 ?

281 2466 483 2512 Apollodor.
497 2476 632 2511 narrat,
648 2469 748 2504 suisse
760 2473 809 2504 ’ἕνα
820 2476 877 2506 τῶν
890 2487 953 2506 επι-

283 2525 393 2568 χορίων
410 2526 505 2557 παῖδα
517 2548 527 2564 ,
544 2522 642 2567 cujus
658 2535 779 2556 carnes
796 2523 875 2557 Jovi
890 2536 952 2568 ap-

279 2572 431 2616 posuerit
447 2579 635 2619 tyrannus;
652 2574 706 2608 alii
724 2587 841 2609 rursus
857 2575 951 2622 Nyc-

279 2621 407 2656 timum
429 2624 633 2667 nominant,
659 2625 762 2670 ipsius
783 2626 950 2672 Lycaonis

279 2672 390 2706 filium
404 2699 413 2716 ‚
432 2681 490 2708 aut
508 2674 642 2709 Arcada
667 2684 832 2721 nepotem
850 2689 858 2711 :
873 2676 950 2711 vide

281 2723 446 2760 [Munker.
462 2725 505 2760 ad
521 2727 651 2773 Hygin-
666 2728 731 2762 sab.
750 2729 820 2773 176.

324 2777 398 2810 228.
408 2779 518 2822 Atque
526 2780 576 2812 ila
587 2804 595 2820 ‚
612 2790 681 2822 quo
691 2779 778 2813 sacto
790 2805 800 2823 ,
811 2786 947 2824 postea,

1027 1382 1129 1416 nibus
1146 1395 1234 1427 aqua
1248 1385 1385 1417 molliltlr
1397 1396 1423 1417 s.
1441 1382 1534 1418 elixis
1549 1389 1626 1428 post
1641 1382 1703 1417 he-

1027 1433 1161 1467 roicum
1193 1433 1338 1468 demum
1368 1441 1505 1479 tempus
1541 1433 1702 1469 homines

1026 1485 1116 1519 vesci
1132 1493 1312 1530 coeperunt
1323 1512 1333 1529 ,
1360 1498 1469 1530 quum
1486 1491 1588 1520 antea
1604 1488 1703 1520 tostis·

1028 1535 1195 1570 duntaxat
1211 1543 1404 1572 uterentur.

1071 1588 1145 1622 230.
1175 1589 1266 1631 Quos
1280 1591 1384 1622 simul
1397 1591 1557 1632 imposui!
1568 1591 1701 1623 mensis.

1025 1639 1106 1674 Hoc
1123 1640 1286 1686 Hyginus
1300 1665 1309 1683 ,
1337 1639 1395 1674 lib.
1413 1641 1450 1676 11
1462 1667 1472 1685 ,
1500 1641 1552 1682 tit.
1571 1642 1701 1676 Arcto-

1025 1690 1149 1738 phylax
1161 1716 1170 1734 ,
1188 1692 1295 1725 refert
1309 1690 1353 1726 de
1374 1691 1509 1726 Arcade
1532 1690 1701 1727 Callisto-

1024 1745 1078 1779 nis
1095 1744 1189 1787 filio,
1208 1757 1295 1779 eaeso
1327 1758 1346 1779 a
1370 1745 1551 1793 Lycaone3
1577 1757 1702 1780 verum

1023 1795 1120 1830 idem
1133 1822 1143 1840 ‚
1165 1796 1204 1830 in
1216 1797 1281 1831 sab.
1298 1796 1359 1843 176
1371 1822 1381 1839 ‚
1398 1803 1517 1831 narrat
1531 1795 1700 1843 Lycaonis

1024 1849 1112 1884 filios
1137 1850 1263 1884 Jovem
1287 1857 1482 1884 tentaturos
1494 1874 1504 1892 ,
1520 1848 1626 1897 'Deus
1646 1855 1699 1883 'ne

1022 1909 1130 1944 esset,
1157 1915 1299 1937 carnem
1323 1902 1514 1936 humanam
1534 1914 1616 1936 cum
1633 1901 1698 1936 alia

1022 1953 1159 1988 mistam
1171 1953 1201 1987 ei
1213 1954 1248 1987 in
1259 1954 1360 1999 epulo
1371 1952 1564 1999 apposuisse
1578 1965 1586 1987 ε
1604 1952 1698 1998 quod

1024 2006 1147 2040 itidem
1160 2006 1266 2040 trahit
1280 2006 1512 2051 Apollodorus
1525 2032 1534 2049 ,
1555 2005 1612 2040 lib.
1631 2005 1698 2040 III.

1022 2057 1134 2092 Natal.
1146 2070 1261 2092 comes
1274 2084 1284 2100 ,
1302 2058 1357 2092 lib.
1371 2058 1423 2092 IX
1435 2084 1444 2102 ‚
1459 2070 1531 2103 cap.
1546 2068 1584 2092 lx
1595 2083 1605 2101 ‚
1619 2057 1699 2092 scri-

1021 2109 1072 2144 bit
1100 2109 1299 2157 Lycaonem
1320 2109 1357 2143 in
1383 2109 1505 2155 lupum
1530 2122 1668 2144 versum
1687 2135 1697 2153 ,

1022 2161 1116 2206 quod
1141 2161 1179 2195 in
1202 2174 1259 2195 ara
1280 2161 1377 2196 Jovis
1400 2161 1512 2208 Lycaei
1526 2187 1535 2205 ,
1563 2161 1698 2196 infante

1020 2219 1143 2247 necato
1157 2239 1166 2257 ,
1185 2213 1380 2248 humanum
1390 2213 1596 2259 sanguinem
1610 2213 1697 2248 liba-

1019 2273 1126 2300 verat.
1159 2266 1339 2301 Boccatius
1363 2268 1470 2301 refert
1493 2267 1694 2313 Lycaonem
1710 2281 1734 2285 ·”

1019 2317 1175 2352 obsidem
1190 2330 1209 2351 a
1225 2317 1384 2352 Molossis
1400 2317 1542 2351 devictis
1555 2316 1618 2350 sibi
1630 2315 1695 2350 da·-

1018 2375 1116 2411 tum,
1143 2368 1350 2403 eorumdem
1375 2367 1493 2412 legatis
1518 2374 1692 2413 repeten-

1018 2420 1108 2454 tibus
1138 2420 1315 2454 edendum
1341 2419 1545 2464 apposuisse.
1579 2418 1692 2453 Aliter

1019 2471 1184 2506 Clemens
1197 2471 1292 2505 Alex.
1312 2471 1492 2505 Admonit.
1507 2469 1549 2504 ad
1562 2477 1693 2515 gentes.

1016 2524 1128 2558 Aliter
1144 2523 1329 2557 Pausanias
1343 2523 1380 2557 in
1399 2522 1532 2557 Atticis.
1552 2524 1618 2556 Ed.

1059 2575 1133 2608 231.
1159 2573 1217 2608 Sic
1232 2574 1304 2618 jam
1322 2573 1458 2608 Ciosan.
1475 2587 1516 2608 ex
1538 2585 1611 2607 uno
1628 2585 1692 2608 suo

1015 2624 1133 2659 edidit.
1153 2625 1205 2659 lta
1222 2632 1257 2659 et
1276 2626 1408 2659 Mureti
1422 2625 1611 2670 Excerpta,
1629 2636 1691 2669 ap-

1014 2678 1238 2723 probantibus
1250 2678 1370 2712 Barth.
1383 2677 1472 2712 Adv.
1485 2678 1540 2719 31,
1554 2677 1587 2718 3,
1601 2675 1688 2710 Gro-

1016 2742 1097 2763 nov.
1114 2728 1346 2772 Observ.111,
1377 2743 1425 2776 ¹9·
1445 2727 1688 2763 Sedlibrarios
1721 2741 1725 2743 “

1015 2783 1204 2824 praepos.1‘n
1220 2779 1354 2825 decepit
1366 2805 1375 2823 ‚
1393 2786 1431 2813 ut
1446 2778 1570 2819 darent
1580 2779 1688 2812 domi-
