1832 3100
281 263 372 308 DE
412 255 639 305 OPERE
674 258 1386 325 METAMQRPHOSEON.
1526 279 1555 321 9

235 357 347 397 Sunt
366 354 523 396 immota
541 355 648 411 genis
665 370 675 395 ε
698 355 795 396 nihil
814 363 872 396 est
889 356 929 395 in
949 355 1112 410 imagine
1132 355 1219 396 vivi.

235 427 323 481 Ipsa
341 440 500 480 quoque
518 426 678 467 interius
697 442 784 466 cum
801 427 898 467 duro
919 426 1047 482 lingua
1065 426 1188 480 palato

235 496 424 555 Congelat
437 527 450 549 ,
469 506 509 538 et
522 512 630 538 venae
645 497 833 537 desistunt
847 512 960 552 posse
976 498 1135 538 moveri.

229 567 315 608 Nec
332 567 432 608 flecti
446 569 570 608 cervix
584 597 597 617 ,
617 581 690 608 nec
708 566 859 608 brachia
875 567 1033 608 reddere
1044 565 1177 622 'gestus
1190 596 1203 618 ‚

234 639 317 679 Nec
338 653 407 693 pes
425 638 482 678 ire
500 646 640 693 potest.

126 750 219 799 Nec
239 749 328 798 hoc
353 749 474 798 satis.
492 778 542 786 -
562 750 641 809 IV,
664 748 751 797 551
768 787 780 807 ,
802 748 952 816 plures
978 749 1183 799 mulieres
1207 748 1339 798 simul
1362 749 1553 798 eamdem

126 851 293 889 sortem
315 839 578 907 patiuntur:

558 950 569 960 .
585 952 595 962 .
640 923 863 977 Saltumque
881 923 1012 964 datura
1031 924 1178 965 moveri

230 994 347 1035 Haud
368 1009 530 1049 usquam
548 995 701 1049 potuit,
721 994 961 1050 scopuloque
981 994 1096 1035 adfixa
1111 994 1284 1035 cohaesit.

233 1064 368 1105 Altera
379 1095 393 1116 ,
411 1065 503 1106 dum
518 1066 634 1107 solito
652 1075 772 1106 tentat
789 1066 974 1122 plangore
987 1066 1099 1106 ferire

230 1136 410 1187 Pectora,
428 1145 595 1178 tentatos
614 1137 730 1178 sentit
747 1138 908 1192 riguisse
921 1137 1096 1185 lacertos.

234 1206 303 1246 llla
316 1236 329 1256 ,
346 1221 480 1246 manus
499 1215 545 1246 ut
561 1207 659 1247 forte
681 1206 892 1247 tetenderat
909 1207 949 1247 in
968 1208 1079 1247 maris
1102 1206 1244 1256 undas,

237 1278 352 1318 Saxea
370 1277 465 1318 sacta
483 1292 617 1318 manus
635 1278 676 1317 in
694 1277 842 1318 easdem
860 1279 1027 1333 porrigit
1045 1278 1164 1318 undas
1178 1308 1191 1329 ,

125 1402 171 1439 et
194 1408 291 1457 quae
307 1388 439 1456 plura
462 1401 723 1457 sequuntur.
746 1390 832 1438 Hic
855 1390 1149 1439 mutationem
1168 1387 1360 1453 generali
1380 1389 1557 1456 quidem

123 1459 309 1529 notione
336 1492 492 1547 quater
514 1480 748 1547 exprimit,
775 1480 854 1529 sed
877 1480 1054 1529 variatis
1077 1480 1245 1539 verbis,
1270 1492 1315 1529 et
1339 1500 1557 1547 quamque

122 1568 351 1619 mulierem
374 1571 424 1619 in
446 1570 534 1619 alio
558 1583 687 1635 gestu
709 1571 898 1621 formam
919 1591 1082 1621 novam
1098 1571 1296 1620 induisse
1318 1571 1460 1634 fingit.
1488 1570 1558 1619 Si-

121 1658 225 1709 mile
260 1659 522 1724 figmentum
554 1663 687 1711 etiam
710 1663 759 1710 in
782 1663 916 1711 nautis
952 1661 1207 1734 Tyrrhenis,
1243 1660 1558 1729 delphinorum

121 1761 325 1800 naturam
350 1753 696 1820 accipientibus,
722 1755 816 1812 III,
851 1752 969 1820 671,
994 1753 1267 1821 reperimus3
1298 1769 1557 1847 quanquam

122 1839 188 1888 ibi
211 1853 257 1890 et
277 1842 324 1890 in
348 1843 540 1908 singulis
565 1843 659 1893 aliae
684 1843 887 1911 delphini
910 1856 1060 1911 partes
1089 1855 1426 1894 memorantur:

421 1996 432 2007 .
450 1996 460 2005 .
496 1969 725 2023 Primusque
744 1969 891 2009 Medon
912 1969 1127 2025 nigrescere
1150 1970 1278 2024 pinnis
1301 1993 1303 1995 ·

233 2036 412 2092 Corpore
433 2039 614 2093 depresso
626 2067 640 2092 ,
656 2049 697 2078 et
715 2040 835 2092 spinae
852 2040 1068 2081 curvamina
1082 2041 1182 2082 flecti

234 2110 377 2165 Incipit
396 2126 407 2150 ε
430 2111 522 2152 huic
538 2109 704 2165 Lycabas
716 2140 727 2160 ,
751 2110 792 2149 in
812 2125 899 2164 quae
921 2112 1101 2155 miracula
1118 2144 1130 2166 ‚
1153 2115 1267 2165 dixit,

232 2179 429 2221 Verteris?
449 2189 488 2220 et
505 2180 570 2220 lati
585 2179 704 2220 rictus
721 2189 761 2221 et
778 2179 903 2234 panda
922 2181 1100 2236 loquenti

232 2253 346 2293 Naris
365 2260 466 2303 erat,
486 2267 755 2309 squamamque
773 2258 872 2298 cutis
888 2258 1019 2298 durata
1038 2256 1223 2297 trahebat.

231 2321 290 2362 At
309 2320 447 2376 Libys,
466 2321 660 2364 obstantes
677 2324 768 2364 dum
782 2326 866 2368 vult
887 2325 1087 2368 obvertere
1107 2340 1235 2367 remos
1250 2357 1261 2378 ,

233 2393 467 2448 ln-spatium
486 2394 631 2434 resilire
647 2410 780 2437 manus
799 2396 915 2439 breve
932 2397 1028 2439 vidit
1040 2427 1052 2448 ,
1077 2406 1116 2438 et
1137 2397 1218 2438 illas

232 2462 318 2502 Jam
337 2477 419 2503 non
438 2477 519 2504 esse
535 2479 669 2506 manus
682 2496 694 2518 ,
715 2467 787 2520 jam
808 2467 943 2523 pinnas
962 2481 1076 2521 posse
1098 2467 1251 2518 vocari,
1277 2475 1351 2507 etc.

123 2578 213 2625 Eas
233 2587 382 2643 partes
404 2576 443 2624 si
467 2579 722 2645 componis,
748 2580 922 2644 integer
952 2579 1044 2628 fere
1084 2579 1324 2647 delphinus
1358 2580 1557 2632 efficitur.

125 2666 308 2725 Similia,
324 2668 383 2725 II,
399 2665 508 2729 346,
531 2667 583 2717 de
599 2669 895 2718 Phaethontis
911 2670 1141 2720 sororibus
1157 2671 1204 2719 in
1227 2673 1410 2722 arbores
1424 2685 1560 2723 transss

127 2756 336 2806 euntibus
350 2756 577 2821 leguntur,
597 2779 707 2825 quas
726 2761 928 2826 primumi
942 2761 1146 2825 singulas
1168 2763 1384 2823 ostendit,
1405 2764 1563 2814 deinde
