1832 3100
1375 245 1552 263 mwv

344 379 425 448 P.
488 375 835 447 ovum
883 374 1324 446 NASONIS

47 573 51 577 ’
163 530 1524 630 METAMORPHOSEON*

493 720 752 805 LIBER
781 747 1160 834 PRIMUS.

112 1019 187 1090 IN
207 1058 324 1090 notra
344 1037 433 1089 fert
455 1039 628 1088 animus
651 1050 845 1088 mutatas
870 1038 1014 1087 dicere
1038 1037 1206 1086 formas

103 1119 329 1187 Corpora.
356 1117 418 1167 Di
442 1118 600 1185 coeptis
615 1155 629 1177 ‚
658 1137 762 1166 uam
787 1136 866 1166 vos
888 1116 1095 1165 mutastis
1120 1127 1164 1164 et
1182 1113 1309 1173 illas,

153 1249 172 1269 *
186 1250 515 1294 Metamorphoseon,
529 1261 605 1294 non
617 1249 798 1283 Metamor-

102 1302 251 1346 phou-os
263 1301 471 1346 inscriptum
488 1313 561 1335 esse
576 1300 645 1335 hoc
656 1313 744 1346 opus
755 1300 797 1335 ab

111 1353 269 1388 Auctore
282 1378 292 1397 ‚
305 1351 415 1388 MSS.
424 1352 643 1398 optimorum
656 1379 666 1397 ,
683 1359 798 1387 aucto-

110 1419 193 1441 rum
206 1405 275 1441 hoc
290 1418 435 1441 carmen
452 1404 673 1440 laudantium
683 1432 693 1449 ,
712 1405 796 1440 Pla-

110 1458 216 1494 nudis
227 1458 265 1494 in
272 1457 488 1504 metaphrasi
500 1469 610 1504 graeca
622 1484 632 1501 ,
646 1465 683 1492 et
694 1456 798 1492 Grae-

108 1523 234 1546 corum
249 1537 260 1556 ,
301 1509 346 1545 ad
374 1522 528 1556 quorum
559 1509 797 1545 imitationem

108 1563 240 1600 Noster
253 1562 330 1598 haec
344 1562 481 1608 scripsit
493 1589 504 1607 ,
521 1562 691 1597 evincunt
705 1575 796 1597 auc—

107 1616 287 1660 toritates,
305 1628 392 1662 quas
406 1614 486 1650 vide
505 1628 559 1661 ap.
577 1615 703 1650 Heius.
720 1614 797 1649 Ne-

106 1682 175 1716 que
182 1682 265 1705 usus
274 1669 402 1715 linguae
412 1668 586 1715 permittit
598 1695 608 1714 ,
622 1675 675 1704 tot
686 1675 797 1712 trans-

103 1721 363 1757 formationum
374 1734 502 1768 corpus
515 1723 795 1767 metamorphosin

104 1787 241 1810 vocare.
391 1812 394 1816 ,

128 1872 130 1874 ¹
151 1840 179 1862 ι.
195 1828 238 1862 In
252 1825 420 1872 πομπή-ΓΙ
431 1830 566 1862 animus
579 1833 647 1862 etc.
663 1826 794 1862 Primis

103 1886 258 1925 quatuor
272 1879 430 1915 versibus
450 1879 657 1915 continetur
672 1886 708 1914 et
728 1892 794 1914 ar-

104 1932 267 1979 gumenti
283 1932 451 1979 expositio
462 1959 472 1977 ,
490 1939 526 1967 et
538 1959 547 1976 ,
567 1939 607 1967 ut
619 1932 657 1966 in
675 1932 793 1968 didac-

102 1984 174 2021 tico
195 1985 356 2021 carmine
373 2011 384 2029 ,
415 1984 592 2020 invocatio
617 1984 807 2021 Deorum.

102 2036 282 2073 Brevitate
296 2064 306 2082 ,
317 2037 537 2084 simplicitate
548 2064 557 2081 ,
568 2036 742 2072 modestia
756 2051 793 2072 se

104 2089 295 2125 commend
299 2097 334 2125 at
341 2089 409 2125 hoc
415 2102 572 2125 carmen.
579 2108 624 2116 —·
631 2091 712 2124 Fert
716 2093 794 2124 ani-

103 2155 195 2183 mus,
214 2141 326 2177 intell.
341 2155 413 2184 me,
431 2141 580 2188 impellit
595 2154 674 2183 me;
696 2141 795 2187 quod.

104 2200 157 2229 est
165 2193 382 2240 simpliciter,
390 2193 484 2237 volo,
493 2193 607 2239 cupio.
619 2193 678 2228 Sic
685 2193 793 2228 etiam

101 2246 196 2282 infra
210 2259 300 2282 vers.
318 2247 404 2294 7753
422 2253 458 2281 et
476 2246 518 2281 A.
538 2246 600 2289 A„
618 2245 674 2280 111
688 2271 698 2290 ,
717 2246 792 2292 457.

101 2297 267 2334 Aliorum
277 2305 465 2344 poetarum
475 2298 550 2333 loca
557 2297 696 2344 collegit
705 2297 792 2332 Dra-

99 2350 204 2387 kenb.
217 2350 261 2386 ad
279 2350 427 2396 Silium,
447 2351 577 2391 XVII,
598 2353 673 2399 294.
691 2369 736 2378 —··
752 2353 793 2386 In

99 2417 188 2439 noea
195 2408 346 2439 mutatas
347 2404 487 2450 fimnas
497 2418 635 2449 corpora
650 2417 714 2450 per
723 2404 792 2453 hy·-

101 2455 262 2502 pallagen
273 2455 408 2491 dictum
419 2456 545 2491 volunt
554 2483 563 2501 ,
576 2469 641 2502 pro
653 2470 792 2501 corpora

99 2511 137 2543 in
164 2521 271 2543 noras
292 2506 431 2552 formas
455 2514 587 2543 mutata
600 2537 610 2550 ‚
642 2516 683 2544 ut
706 2508 791 2544 dixit

98 2561 242 2606 Noster,
255 2561 305 2606 II,
318 2561 426 2597 Trist.
439 2562 513 2598 555.
530 2562 601 2598 Sed
613 2576 688 2598 non
701 2575 790 2609 opus

98 2620 170 2658 est,
188 2620 229 2648 ut
246 2613 290 2648 ad
309 2613 518 2662 hypallagen
533 2617 788 2663 confugiamus.

99 2667 227 2701 Fonnae
237 2679 335 2702 nune
349 2674 433 2702 sunt
446 2680 595 2714 corpora
608 2669 681 2715 ipsa
691 2697 701 2712 ,
718 2683 788 2716 qua

93 2720 252 2754 formam
268 2719 413 2764 habent,
425 2726 465 2754 ut
477 2720 583 2765 infra,
598 2734 687 2756 vers.
701 2722 789 2766 4363

101 2777 155 2816 et,
173 2769 256 2817 XV,
281 2786 339 2818 ¹72
355 2800 363 2818 ‚
382 2777 510 2818 specics
526 2781 561 2809 et
561 2776 694 2821 figuroe.
712 2776 791 2810 No-

863 1248 928 1283 luit
945 1247 1060 1283 dicere
1074 1274 1084 1292 ,
1113 1259 1262 1293 corpora
1284 1246 1397 1293 prisca
1417 1253 1554 1282 mutata

863 1315 936 1337 esse
953 1301 991 1335 in
1008 1313 1100 1335 nova
1113 1326 1123 1344 ,
1150 1308 1210 1335 aut
1225 1301 1379 1335 sormam
1395 1301 1553 1346 priorem

862 1353 899 1387 in
914 1352 1016 1387 aliam
1029 1379 1039 1396 ‚
1053 1352 1115 1388 sed
1125 1352 1241 1397 posuit
1250 1352 1356 1387 verba
1367 1351 1439 1387 duo
1452 1379 1461 1395 ,
1475 1365 1554 1397 quae

861 1404 991 1439 eodem
1013 1404 1176 1439 redeunt.
1200 1405 1248 1439 Et
1270 1404 1396 1439 maluit
1419 1405 1552 1439 formas

859 1460 896 1491 in
912 1470 1052 1501 corpora
1068 1461 1219 1492 mutatas
1229 1483 1239 1498 ,
1259 1469 1365 1502 quam
1379 1457 1530 1492 alterum
1543 1484 1552 1500 ‚

860 1509 990 1555 partim
1009 1509 1090 1555 quia
1106 1508 1194 1544 illud
1211 1509 1413 1555 exquisitius
1426 1516 1462 1544 et
1473 1523 1553 1544 ma»

862 1560 912 1606 gis
929 1561 1109 1606 poeticum
1123 1588 1133 1605 ,
1154 1561 1284 1607 partim
1302 1562 1384 1607 quia
1401 1563 1552 1597 mutatio

859 1614 975 1648 forma
988 1614 1212 1660 potissimum
1222 1614 1262 1649 fit
1274 1615 1471 1661 conspicua.
1486 1615 1553 1652 lta-

861 1679 929 1712 que
947 1673 983 1702 et
997 1666 1077 1702 alibi
1092 1674 1270 1702 memorat
1284 1694 1293 1711 ,
1314 1667 1479 1703 cecinisse
1491 1682 1527 1704 se
1542 1695 1552 1711 ,

859 1719 1169 1764 mutatassormas,
1187 1727 1227 1756 ut
1240 1721 1257 1755 I
1266 1747 1276 1764 ,
1295 1720 1403 1755 Trist.
1414 1731 1427 1754 1
1439 1747 1449 1764 ,
1469 1734 1482 1754 1
1492 1735 1503 1755 1
1512 1735 1528 1766 7
1541 1748 1550 1764 ,

859 1779 895 1807 et
911 1783 966 1807 vn
981 1799 990 1816 ,
1014 1772 1064 1807 13.
1081 1773 1207 1819 Neque
1218 1773 1310 1808 male
1325 1773 1373 1809 sic
1384 1772 1552 1808 Graecum

859 1827 1113 1876 μεταμορφώσεις
1121 1826 1218 1871 quasi
1229 1825 1483 1871 interpretatus
1489 1833 1553 1860 est.

860 1878 974 1913 Nimis
984 1886 1131 1924 anguste
1139 1879 1263 1913 Burm.
1275 1892 1384 1925 quem
1392 1879 1553 1924 sequitur

860 1931 1084 1967 Schirachius
1098 1958 1108 1975 ,
1127 1931 1170 1966 de
1183 1932 1264 1967 solis
1278 1931 1481 1967 hominibus
1492 1945 1553 1968 ac-

858 1983 942 2029 cipit
953 1998 961 2025 ;
977 1984 1100 2019 insunt
1109 1984 1208 2019 enim
1220 1991 1256 2019 et
1269 1985 1417 2020 aliarum
1425 1998 1550 2020 rerum

861 2050 918 2072 me
924 2037 1178 2083 tamorphoses.
1189 2038 1218 2072 Ii
1230 2051 1316 2073 vero
1326 2045 1551 2085 argutantur,

861 2090 920 2136 qui
933 2098 1076 2136 poetam
1088 2091 1250 2126 consulto
1260 2104 1406 2127 carmen
1420 2091 1464 2127 de
1477 2104 1554 2127 cor-

860 2156 990 2189 porum
1004 2144 1316 2179 transformatione
1330 2144 1551 2179 averborum

859 2195 1122 2242 permutatione
1137 2209 1299 2232 exorsum
1314 2210 1388 2232 esse
1404 2204 1550 2233 conten-

859 2247 961 2282 dunt

903 2314 933 2335 2.
958 2301 1015 2336 Di
1032 2305 1152 2346 coeplis
1175 2308 1240 2337 etc.
1269 2301 1424 2337 Causam
1446 2302 1550 2337 affert

858 2353 1040 2399 propriam
1053 2380 1063 2398 ,
1082 2366 1191 2400 quare
1208 2354 1273 2390 sibi
1286 2367 1363 2389 non
1379 2367 1495 2389 unum
1514 2363 1551 2389 et

857 2406 1010 2441 alterum
1027 2407 1149 2442 Deum
1164 2434 1174 2451 ,
1205 2420 1281 2442 non
1307 2408 1450 2442 Musam
1477 2407 1550 2442 ali-

858 2472 967 2504 quam
982 2486 992 2504 ,
1010 2459 1072 2494 sed
1089 2460 1240 2494 omnino
1257 2459 1354 2494 Deos
1370 2459 1549 2505 adspirare

856 2512 961 2553 velit;
987 2519 1148 2548 auctores
1165 2512 1263 2547 enim
1280 2525 1404 2546 rerum
1423 2512 1548 2548 dieen—

857 2562 985 2599 darum
1000 2564 1146 2599 suerunt
1161 2578 1168 2599 :
1185 2578 1265 2599 nam
1283 2577 1345 2599 vos
1361 2571 1426 2600 etc.
1446 2563 1548 2599 Diffi-

856 2618 966 2654 cultas
981 2630 1087 2663 quam
1098 2625 1219 2653 movet
1232 2618 1351 2653 multis
1362 2621 1396 2655 τὲ
1410 2622 1447 2653 et
1456 2646 1466 2659 ‚
1486 2619 1547 2653 sa—

855 2670 911 2706 cili
924 2697 934 2714 ,
946 2670 1074 2717 opinor
1085 2697 1094 2714 ,
1106 2670 1241 2706 tollitur
1250 2671 1395 2718 negotio
1405 2698 1414 2715 ,
1430 2671 1456 2706 si
1470 2685 1554 2719 sen-f

856 2723 1007 2757 tentiam
1022 2723 1059 2757 in
1075 2722 1171 2759 hunc
1182 2723 1333 2759 modum
1350 2724 1545 2770 concipias:

856 2775 925 2821 Di,
936 2783 1095 2812 vestrum
1107 2783 1159 2812 est
1170 2790 1227 2813 me
1241 2777 1422 2823 adjuvare,
1439 2790 1549 2822 quan-
