1832 3100
286 216 367 258 128

659 216 712 258 P.
750 216 984 262 OVIDII
1020 215 1324 264 NASONIS

279 308 489 374 Dumque
513 307 579 355 ibi
601 307 815 374 suspirat,
841 321 989 358 motos
1010 311 1059 357 in
1082 311 1294 360 arundine
1319 323 1474 362 ventos

281 390 494 439 Effecisse
517 409 676 438 sonum
699 402 892 449 tenuem,
917 391 1193 458 similemque
1216 394 1414 459 querenti
1435 414 1445 442 :

281 474 391 523 Arte
412 492 551 531 nova,
577 473 787 539 vocisque
805 475 949 522 Deum
974 473 1204 523 dulcedine
1230 487 1431 542 captum,

286 576 311 598 «
338 555 438 603 Hoc
461 554 572 603 mihi
594 554 830 603 concilium
855 567 1023 614 tecum,
1050 555 1237 614 dixisse,
1261 557 1459 606 manebit
1479 577 1488 605 :
1513 578 1536 600 n

1639 583 1704 618 7¹⁰

282 636 432 703 Atque
453 636 515 684 ita
539 636 792 703 disparibus
816 635 992 685 calamis
1015 638 1272 704 compagine
1298 658 1404 688 cerae

282 720 405 767 Inter
427 737 472 767 se
491 717 657 784 junctis
682 736 843 766 nomen
866 719 1060 767 tenuisse
1084 718 1254 785 puellae.

282 800 408 849 Talia
432 799 632 849 dicturus
649 837 661 858 ‚
685 800 796 847 vidit
820 799 1047 866 Cyllenius
1069 819 1221 849 omnes

279 958 366 986 tant.
382 951 419 986 in
445 950 593 997 Argum.
619 951 655 984 in
679 951 859 984 arundines
878 963 960 985 con-

282 1017 377 1040 versa
387 1008 450 1038 est.

326 1068 401 1102 707.
422 1057 576 1100 Dumque
591 1056 645 1089 ibi
661 1057 818 1097 suspirat.
847 1056 905 1089 Ibi
922 1055 959 1090 in

281 1107 414 1143 calamo
439 1106 587 1152 suspirat
610 1104 756 1153 Syrinx,
773 1106 826 1140 vel
847 1107 961 1151 potius

282 1159 359 1193 Pan
374 1185 384 1202 ,
415 1158 459 1193 ob
476 1158 637 1192 amissam
657 1156 870 1203 Nympham.
894 1160 961 1192 Ed.

328 1211 402 1256 708.
418 1211 539 1244 Sonum
554 1214 680 1244 tenuem
694 1235 703 1250 ‚
736 1208 877 1253 qualem
892 1209 963 1244 ha·-

280 1262 341 1297 bet
357 1262 490 1305 fistula,
518 1260 614 1295 unde
638 1261 709 1307 ipsa
736 1263 902 1306 λεπταλέα,
927 1268 963 1296 et

281 1320 392 1351 tenuis
409 1314 545 1349 dicitur.

329 1380 403 1414 710.
423 1368 618 1401 Concilium.
651 1364 750 1401 Olim
765 1365 864 1401 edeb.
880 1379 963 1401 con-

280 1424 396 1456 silium
411 1427 470 1455 aut
485 1421 693 1464 colloquium.
710 1419 735 1453 J
737 1418 963 1455 ac.-a—Cruce

281 1473 448 1510 suadebat
466 1474 650 1507 condilium
661 1498 669 1512 ‚
696 1471 775 1516 quia
792 1471 828 1505 in
851 1471 965 1507 fistula

283 1527 387 1561 multi
421 1525 543 1560 calami
557 1550 566 1567 ,
598 1531 765 1568 tanquam
799 1524 937 1558 annulis
952 1550 962 1567 ,

284 1578 466 1623 compositi
475 1577 618 1611 fuerint.
631 1575 769 1610 Ciosan.
779 1589 820 1610 ex
829 1575 965 1611 duobus

285 1631 394 1666 MSS.
405 1629 604 1675 proferebat
618 1630 795 1662 concilium
807 1655 815 1668 ,
835 1628 856 1662 i.
869 1641 899 1662 e.
910 1640 966 1663 so-

285 1684 389 1718 cietas
402 1708 411 1726 ‚
429 1675 658 1716 'consuetudo
669 1706 679 1723 ,
706 1679 799 1725 quod
812 1706 821 1723 ,
855 1693 965 1725 quum

286 1735 392 1770 etiam
418 1733 456 1767 in
483 1733 613 1766 Lovan.
641 1739 810 1775 exstaret,
838 1733 965 1767 merito

286 1793 476 1832 receptum
486 1791 536 1819 est
553 1784 594 1818 ab
613 1783 736 1819 Heins.
754 1782 845 1817 Cod.
866 1784 909 1818 R.
924 1785 965 1819 B.

287 1841 455 1874 solatium.
473 1837 555 1871 Non
575 1835 666 1870 male
688 1843 809 1870 nostro
826 1835 966 1881 judicio.

287 1910 331 1917 —-
347 1891 425 1924 Hoc
442 1890 556 1923 mihi...
571 1890 728 1922 manebit.
758 1888 829 1922 Hic
845 1894 967 1922 cantus

288 1956 345 1978 me
373 1953 513 1987 semper
539 1940 601 1974 tibi
629 1939 843 1981 concilia-hin
862 1939 967 1984 hujus

286 1994 364 2029 soni
376 2005 475 2027 causa
492 2003 631 2036 semper
647 1997 725 2024 utar
742 1998 799 2025 tua
816 2002 966 2025 consue-

289 2044 434 2085 tudine;
458 2056 498 2077 ex
515 2049 548 2076 te
564 2042 688 2076 faciam
705 2040 856 2075 fistulam
868 2067 877 2084 ,
899 2054 968 2086 qua

288 2097 412 2131 crebro
425 2101 504 2128 utar
513 2093 574 2127 otii
586 2092 727 2127 fallendi
737 2105 847 2127 causa.
858 2092 904 2127 Et
913 2105 969 2126 so-

289 2148 382 2183 lebat
398 2148 473 2181 Pan
490 2157 629 2189 semper
647 2144 714 2178 hoc
730 2145 968 2178 instrumento

290 2201 422 2235 musico
434 2197 608 2232 delectari.
625 2198 810 2231 Concilium
821 2197 867 2231 ita
878 2197 943 2231 dici
956 2223 967 2241 ‚

289 2254 414 2300 probat
430 2251 473 2285 ad
490 2250 523 2284 h.
545 2250 566 2283 l.
589 2248 711 2283 Heius.
738 2249 814 2293 Ipsa
838 2248 967 2283 foedera

290 2298 502 2342 etamicitiae
518 2307 687 2335 vocantur
701 2303 855 2334 coucilia.
882 2300 970 2335 Cae—

291 2365 409 2392 terum
425 2354 538 2389 fistula
555 2352 621 2386 suit
638 2351 779 2396 triplex:
794 2353 970 2394 μονοκάλα-

290 2427 345 2455 μος
357 2436 366 2454 ,
386 2421 491 2453 quarn
506 2405 640 2440 invenit
654 2405 852 2439 Mercurius
865 2403 970 2449 (Ho-

291 2475 379 2497 mer.
394 2462 529 2508 Hymn.
543 2470 555 2492 1
565 2486 572 2498 ‚
587 2458 698 2492 Merc.
716 2460 781 2503 509
792 2455 827 2502 3)
842 2458 971 2491 πολυκά-

291 2521 405 2559 λαμος,
429 2512 527 2556 cujus
543 2517 664 2544 auctor
689 2509 837 2543 Silenus.
870 2508 969 2542 Illam

291 2567 458 2611 denique,
471 2577 548 2609 quae
562 2576 642 2598 cera
656 2563 860 2609 glutinatur,
871 2562 969 2607 cujus

291 2620 449 2656 inventio
465 2620 498 2653 h.
521 2619 540 2653 l.
559 2626 595 2653 et
612 2619 708 2663 Virg.
730 2618 803 2652 Ecl.
825 2617 881 2660 II,
902 2617 943 2650 32
957 2642 967 2660 ,

293 2675 381 2709 Pani
396 2672 612 2714 adscribitur,
625 2671 783 2717 Marsyas
798 2669 970 2703 invenisse

291 2726 442 2762 traditur
449 2723 539 2769 apud
551 2723 774 2766 Athenaeum,
785 2722 850 2765 IV,
860 2734 890 2766 p.
898 2735 909 2755 1
917 2722 969 2764 84.

1025 950 1115 986 Rani
1127 957 1251 986 contra
1266 949 1322 985 alii
1338 950 1498 985 tribuunt
1513 954 1706 996 πλαγίαυλον,

1024 1003 1046 1037 i.
1065 1016 1094 1037 e.
1111 1003 1233 1037 tibiam
1250 1003 1426 1047 obliquam
1444 1016 1452 1038 :
1473 1002 1542 1037 vid.
1559 1003 1707 1038 omnino

1029 1053 1221 1098 Spanhem.
1243 1054 1286 1088 ad
1305 1053 1442 1088 Callim.
1456 1053 1489 1088 h.
1506 1053 1611 1088 Dian.
1633 1056 1708 1097 245.

1027 1105 1161 1139 Veram
1171 1104 1295 1140 fistulae
1312 1106 1485 1151 originem
1496 1107 1604 1140 refert
1614 1105 1708 1140 haud

1027 1157 1131 1192 dubie
1146 1158 1284 1193 Lucret.
1297 1158 1343 1203 V,
1359 1159 1709 1206 12832Zepl1yr1'cam

1021 1222 1085 1253 per
1091 1212 1295 1244 calamorum
1310 1212 1422 1256 sybila
1431 1214 1573 1254 primum
1585 1210 1709 1254 Agres-

1027 1266 1077 1295 les
1087 1263 1224 1295 docuere
1234 1274 1339 1295 cavas
1348 1262 1464 1305 inflare
1473 1265 1613 1296 cicutas.
1626 1261 1650 1295 J
1652 1274 1710 1296 am

1029 1324 1139 1357 quum
1152 1314 1282 1348 music'a
1296 1313 1340 1347 ob
1357 1313 1529 1359 insignem
1541 1320 1710 1358 praestan-

1028 1363 1113 1397 tiam
1130 1363 1289 1398 divinum
1305 1377 1391 1409 opus
1413 1363 1614 1408 haberetur,
1630 1365 1709 1399 sac-—

1029 1421 1106 1449 tum
1124 1423 1198 1459 est,
1220 1423 1260 1450 ut
1279 1416 1438 1451 inventio
1453 1414 1708 1451 celebe‘rrimo-

1028 1481 1110 1502 rum
1128 1469 1447 1504 instrumentorum
1465 1469 1541 1504 Diis
1558 1470 1710 1505 auctori-

1028 1522 1093 1556 bus
1113 1521 1347 1563 tribueretur;
1377 1529 1411 1556 et
1436 1522 1548 1557 fistula
1567 1522 1710 1568 quidem

1030 1574 1206 1618 pastoralis
1220 1574 1308 1608 Pani
1323 1600 1333 1617 ,
1351 1573 1430 1608 Deo
1446 1575 1586 1609 tutelari
1600 1583 1711 1620 pasto-

1030 1639 1122 1660 rum.
1148 1627 1279 1661 Fistula
1297 1634 1415 1661 autem
1433 1641 1543 1673 quum
1560 1628 1603 1662 sit
1618 1629 1711 1663 sim—

1030 1678 1232 1723 plicissima,
1248 1691 1363 1724 neque
1375 1692 1455 1714 usus
1466 1680 1542 1724 ejus
1557 1680 1710 1715 multum

1031 1729 1285 1764 exercitationis
1311 1731 1467 1775 requirat
1485 1757 1495 1774 ,
1523 1731 1589 1765 suit
1616 1730 1711 1766 haud

1031 1779 1134 1814 dubie
1143 1780 1181 1814 in
1192 1781 1438 1826 antiquissimis
1451 1781 1710 1817 instrumentis:

1032 1831 1208 1867 Plutarch.
1226 1831 1269 1866 de
1287 1833 1379 1867 Mus.
1398 1846 1430 1877 p.
1456 1847 1468 1867 1
1480 1834 1548 1867 136.

1077 1897 1150 1930 711.
1170 1885 1392 1927 Hispal-ibus,
1411 1884 1712 1930 scilicetlongitu-

1032 1937 1126 1972 dine.
1143 1936 1279 1971 Calami
1294 1950 1336 1972 eo
1356 1937 1479 1972 ordine
1496 1937 1712 1972 collocaban-

1033 1999 1112 2034 tur,
1138 1997 1177 2025 ut
1194 1990 1391 2025 breviorem
1417 2004 1557 2036 semper
1577 2004 1712 2036 seque-

1033 2050 1132 2077 retur
1145 2042 1293 2087 longior.
1304 2042 1374 2076 Res
1386 2042 1476 2076 clara
1489 2050 1541 2076 est
1552 2055 1592 2076 ex
1603 2041 1710 2084 VIII,

1037 2106 1109 2141 ¹9⁰·
1128 2106 1201 2138 sqq.
1222 2092 1278 2128 Cs.
1299 2093 1396 2138 Virg.
1412 2093 1484 2127 Ecl.
1496 2093 1532 2127 II
1544 2119 1554 2136 ,
1571 2093 1633 2134 36,
1652 2091 1713 2126 ubi

1033 2145 1147 2180 fistula
1169 2159 1210 2180 ex
1227 2152 1363 2191 septem
1379 2146 1497 2180 cicutis
1519 2145 1712 2192 disparibus

1033 2197 1100 2232 hoc
1116 2197 1223 2231 modo
1235 2198 1435 2243 composita.
1452 2216 1496 2224 —
1515 2199 1715 2242 Compagiue

1032 2251 1206 2296 vituperat
1242 2251 1383 2285 Servius
1418 2250 1460 2284 ad
1492 2250 1680 2295 Virgilium
1700 2276 1710 2293 ,

1037 2303 1179 2337 AEneid.
1196 2303 1233 2346 I,
1251 2304 1314 2350 293
1325 2329 1334 2345 ‚
1354 2303 1450 2347 quasi
1461 2314 1585 2347 parum
1597 2301 1714 2346 latine.

1037 2355 1106 2389 Sed
1122 2356 1244 2389 Burm.
1263 2355 1365 2389 docet
1381 2354 1414 2388 h.
1429 2354 1451 2387 l.
1467 2353 1573 2387 etiam
1590 2349 1718 2387 Manis>

1036 2406 1156 2441 dixisse
1172 2409 1366 2450 compagine
1385 2418 1449 2450 pro
1470 2418 1636 2449 compage,
1655 2411 1716 2439 aut

1035 2461 1258 2502 compagibus.
1275 2474 1319 2484 ——-
1331 2458 1459 2492 Nomen
1469 2461 1615 2491 tenume
1623 2458 1716 2501 puel-

1035 2513 1085 2544 loe.
1113 2512 1203 2546 Nam
1231 2513 1338 2559 σύριγξ
1368 2509 1497 2544 Graecis
1522 2508 1647 2543 fistula.
1673 2525 1717 2537 —-

1036 2561 1127 2596 Vide
1145 2569 1246 2596 notas
1262 2562 1297 2595 in
1316 2574 1403 2596 vers.
1425 2573 1486 2607 702
1505 2567 1540 2595 et
1556 2560 1629 2606 706.

1082 2628 1097 2659 7
1106 2616 1154 2649 13.
1167 2616 1337 2661 Cyllenius
1348 2641 1356 2654 ‚
1376 2613 1575 2647 Mercurius
1585 2638 1594 2655 ,
1608 2623 1715 2656 quem

1036 2667 1133 2701 Maia
1144 2666 1180 2700 in
1196 2665 1361 2713 Cyllenes
1371 2691 1380 2709 ,
1392 2664 1522 2699 montis
1535 2662 1691 2698 Arcadiae
1703 2688 1712 2706 ,

1035 2719 1164 2755 vertice
1183 2719 1317 2765 peperit
1336 2732 1343 2754 :
1362 2718 1484 2764 virgil.
1501 2716 1712 2760 AEn.V111,
