1832 3100
338 189 1031 239 METAMORPHOSEON
1062 193 1194 238 LIB.
1234 196 1352 241 VII.

1464 194 1550 258 477

133 311 157 332 »
181 289 298 338 Tum
318 287 483 336 ferrum
501 297 545 334 et
567 283 776 351 scopulos
802 295 970 347 gestare
990 284 1036 332 in
1063 285 1194 334 corde
1218 287 1403 336 fatebor.

134 389 157 409 »
186 365 279 415 Cur
298 382 392 412 non
415 374 460 410 et
478 372 632 429 specto
655 363 945 428 pereuntem?
969 361 1212 428 oculosque
1235 364 1425 413 videndo

104 474 108 478 ·
133 465 157 486 »
186 436 481 492 Conscelero?
501 459 580 488 cur
601 459 696 488 non
721 451 872 488 tauros
894 438 1106 488 exhortor
1129 439 1176 487 in
1200 439 1323 489 illum
1337 479 1348 499 ‚
1510 459 1553 492 35

132 543 156 563 »
181 519 530 586 Terrigenasque
551 518 691 577 feros,
713 517 1046 585 insopitumque
1071 517 1339 567 draconem?

131 620 154 641 »
181 597 242 647 Di
263 596 445 647 meliora
466 596 630 646 velint:
652 615 903 664 quanquam
927 615 1021 645 non
1045 596 1129 645 ista
1150 597 1390 663 precanda,

130 697 154 718 »
182 674 270 723 Sed
294 674 494 724 facienda
517 675 628 723 mihi
649 696 659 724 :
678 674 919 742 prodamne
944 693 1026 737 ego
1048 693 1184 737 regna
1208 676 1441 741 parentis?

130 775 153 795 »
179 753 330 820 Atque
355 772 439 819 ope
461 753 612 801 neseio
634 753 735 820 quis
760 752 1008 801 servabitur
1029 752 1195 801 advena
1216 765 1389 812 nostra,

127 853 152 874 »
179 833 244 880 Ut
263 850 345 898 per
364 850 433 879 me
455 849 612 897 sospes
627 869 638 890 ‚
665 831 759 880 sine
780 850 874 888 me,
897 830 973 878 det
996 830 1131 879 lintea
1151 831 1317 890 ventis,
1508 845 1551 891 40

127 931 152 952 »
179 908 347 975 Virque
369 908 428 956 sit
450 907 664 957 alterius?
687 927 828 975 poenae
851 907 1010 956 Medea
1027 907 1286 975 relinquar?

128 1008 151 1028 »
179 986 228 1034 Si
249 985 389 1036 facere
410 985 496 1035 hoc
510 1024 522 1045 ‚
546 985 725 1035 aliamve
746 997 895 1052 potest
916 1005 1172 1052 praeponere
1193 987 1327 1036 nobis
1342 1025 1355 1046 ,

127 1087 151 1107 »
180 1064 369 1114 Occidat
390 1064 591 1128 ingratus
612 1084 622 1112 :
646 1063 724 1112 sed
746 1083 837 1112 non
860 1064 899 1112 is
921 1063 1071 1113 vultus
1093 1065 1142 1112 in
1165 1064 1243 1113 illo
1259 1102 1271 1123 ,

126 1170 151 1191 »
176 1149 279 1196 Non
301 1166 351 1196 ea
372 1146 586 1196 nobilitas
610 1147 757 1195 animo
781 1158 873 1205 est,
898 1166 947 1196 ea
971 1148 1111 1210 gratia
1134 1147 1311 1207 formae,

127 1253 151 1274 »
181 1233 244 1280 Ut
264 1231 440 1280 timeam
460 1231 685 1290 fraudem,
708 1231 941 1298 meritique
967 1231 1132 1280 oblivia
1154 1232 1309 1281 nostri.
1506 1247 1550 1292 45

129 1336 152 1355 n
177 1315 240 1362 Et
260 1313 387 1363 dabit
409 1325 509 1364 ante
532 1313 690 1373 fidem3
711 1333 955 1381 cogamque
979 1315 1027 1362 in
1047 1314 1212 1363 soedera
1236 1326 1368 1364 testes

121 1459 193 1504 iam
214 1458 396 1493 Homerus
408 1483 418 1502 ,
445 1457 485 1492 11.
503 1457 536 1492 A
551 1484 561 1501 ,
586 1459 626 1502 4,
654 1461 760 1498 αὐτοὺς
779 1450 808 1494 δ’

124 1513 232 1556 ἑλώρια
244 1516 333 1554 τεῦχε
345 1510 674 1545 „amem—Ferrum
685 1514 720 1544 et
728 1522 808 1544 sco-

118 1565 220 1607 pulos
230 1564 267 1595 in
278 1562 378 1596 corde
387 1574 400 1606 ,-
409 1561 533 1596 confer
542 1561 594 1596 IX
605 1587 614 1605 ,
628 1561 703 1596 612.
718 1560 806 1596 Cru-

122 1614 297 1650 delissirno
308 1622 345 1650 et
356 1613 542 1649 durissimo
553 1620 693 1659 pectore
704 1640 714 1658 ,
730 1615 802 1658 χάλ-

121 1669 294 1717 κιωεᾶρδιος
304 1692 315 1711 ,
331 1678 454 1701 essem.
475 1665 662 1712 Euripides
673 1692 682 1710 ,
704 1666 803 1701 Med.

125 1733 230 1768 1279,
247 1719 321 1756 ὥστ’
336 1718 385 1770 ἄρ’
403 1721 481 1761 ἦσθα
496 1722 598 1770 πέτρος
621 1721 635 1761 ἢ
659 1724 801 1770 σίδαρος

122 1773 277 1821 AEschyl.
297 1774 418 1808 Prom.
433 1774 499 1818 '2⁴2
512 1799 521 1817 ,
540 1777 729 1823 σιδηρόφρων
746 1774 803 1809 κᾶκ

122 1828 230 1876 πέτρας
244 1828 437 1876 εἰργασμένος
450 1840 458 1868 ;
469 1825 600 1861 Noster
611 1826 667 1860 III
678 1851 687 1869 ,
696 1825 802 1860 Trist.

120 1879 197 1922 XI,
214 1878 235 1912 3
249 1881 383 1914 :Natus
394 1891 430 1912 es
446 1891 465 1911 e
479 1880 628 1921 scopulis
639 1904 647 1918 ,
660 1880 803 1912 nutritus

121 1931 333 1976 laclefhn'uo
343 1958 352 1972 ‚
367 1932 418 1965 Et
429 1932 540 1965 datam
553 1932 667 1964 silices
683 1942 802 1974 corpus

122 1984 244 2018 habere
258 1987 360 2018 tunm.

166 2036 220 2071 35.
247 2036 374 2071 oculos
388 2037 610 2075 consederat,
634 2033 694 2079 qui
710 2033 800 2068 saci·-

122 2101 190 2125 nus
201 2087 340 2134 ahiquod
351 2087 503 2122 libenter
512 2093 653 2133 spectat.
666 2086 723 2120 Sic
731 2098 801 2120 sce-

122 2144 229 2177 [erare
243 2153 364 2176 manus
379 2139 472 2186 apud
492 2139 677 2186 Virgilium
688 2165 697 2183 ‚
718 2138 802 2172 AEn.

123 2195 180 2230 ΠΙ
192 2221 202 2238 ,
221 2196 262 2239 42
275 2219 285 2239 ,
303 2201 340 2229 et
353 2196 582 2229 conscelerate
596 2205 695 2227 aures
710 2191 802 2237 apud

123 2247 262 2282 Livium
273 2273 282 2291 ,
299 2258 366 2290 Χι,
382 2247 638 2282 8.-Eaebortor.
654 2244 710 2280 Sic
725 2247 803 2280 hor-

122 2302 316 2340 taricanes,
334 2298 366 2333 X
380 2324 389 2342 ,
403 2299 477 2333 536.
489 2316 532 2324 --
549 2299 762 2342 Terrigenas,
783 2310 802 2332 e

123 2359 217 2387 terra
232 2357 400 2394 natosff—
415 2352 602 2395 Insopitum
614 2377 622 2390 ‚
644 2349 802 2396 pervigi-

122 2404 194 2440 lem
210 2418 220 2441 ι
237 2403 443 2451 Euripides,
467 2403 565 2439 Med.
582 2405 641 2448 481
658 2430 667 2447 ,
685 2404 803 2440 ἄϋπνον.

122 2474 167 2482 -
179 2457 387 2498 Draconem,
406 2456 466 2502 qui
483 2456 602 2491 multis
617 2455 803 2491 volumini-

122 2509 187 2544 bus
209 2510 366 2545 servabat
392 2522 540 2544 aureum
556 2510 675 2545 vellus.
694 2528 737 2536 -—
753 2511 807 2544 Di

122 2564 261 2596 meliora
271 2588 280 2602 ‚
309 2561 535 2596 abominandi
562 2567 598 2596 et
622 2561 802 2597 avertendi

122 2615 284 2651 formula.
310 2615 466 2650 Brisson.
494 2615 615 2651 Form.
636 2616 653 2650 1
667 2641 676 2658 ,
702 2629 734 2661 p.
749 2616 802 2663 94.

124 2666 278 2702 Additur
294 2665 361 2701 hoc
377 2666 454 2701 loco
470 2669 576 2701 velint
584 2694 592 2707 ‚
612 2666 706 2711 quod
721 2666 803 2711 ple-

121 2731 272 2765 rumque
302 2718 478 2754 reticetur.
506 2718 674 2754 Heinsius
702 2717 801 2752 malit

872 1461 996 1503 velim,·
1016 1471 1222 1505 perperam:
1238 1459 1340 1504 Regii
1356 1460 1467 1494 nostri
1483 1459 1548 1495 ha-

870 1512 957 1547 bent
967 1514 1080 1547 velint.
1092 1511 1408 1554 Ed.-—-Prodamne‚·
1419 1525 1548 1559 nempe

870 1577 1078 1611 responsum
1095 1572 1170 1599 erat
1183 1565 1314 1608 AEetae,
1327 1578 1409 1600 eum
1426 1579 1551 1612 regna-

871 1624 990 1652 tururn
1006 1644 1015 1661 ,
1032 1616 1187 1662 quandiu
1205 1618 1313 1652 vellus
1331 1630 1480 1653 aureum
1496 1626 1552 1654 te-

869 1676 961 1704 neat.
976 1668 1136 1714 Quidam
1143 1671 1344 1710 Perdumne,
1360 1669 1452 1715 quod
1466 1683 1549 1705 sane

868 1721 992 1756 melius
1010 1722 1201 1767 opponitur
1217 1728 1259 1769 τῷ
1275 1725 1467 1757 servabitur.

911 1776 964 1818 43.
993 1776 1146 1808 Occl‘dal.
1164 1774 1266 1816 Duo,
1280 1775 1453 1808 Decidat:
1467 1774 1546 1810 vide

868 1826 910 1861 ad
927 1827 980 1869 X,
1003 1839 1054 1860 ιο.
1074 1826 1175 1870 Regii
1196 1825 1327 1869 nostri,
1349 1827 1547 1861 occidat.—

867 1879 944 1912 Non
959 1881 992 1911 is
1006 1904 1014 1918 ‚
1039 1884 1111 1911 tam
1135 1876 1308 1920 infidelis,
1327 1881 1458 1919 vultus,
1482 1893 1548 1914 non

866 1942 925 1968 ea,
942 1936 1014 1964 tam
1031 1929 1199 1975 degener,
1212 1932 1389 1970 nobilitas,
1405 1944 1472 1965 non
1486 1945 1545 1972 ea,

866 1988 938 2016 tam
948 1981 1047 2016 fallax
1058 2008 1067 2026 ,
1075 1982 1329 2026 gratiasormoe.
1341 1982 1422 2017 Non
1438 1982 1473 2017 id
1484 1982 1549 2017 de—

866 2034 1016 2068 nunciat
1025 2034 1152 2077 vultus,
1162 2034 1335 2078 nobilitas,
1344 2034 1548 2069 forma-Mo-

868 2094 930 2122 net
948 2087 1175 2122 Burmannus
1194 2087 1390 2133 elegantem
1409 2101 1480 2123 esse
1497 2089 1547 2122 il—

867 2140 1051 2175 lumusum
1061 2140 1280 2185 pronominis
1289 2143 1329 2175 is.
1342 2140 1463 2184 Liv.1,
1482 2140 1544 2184 34:

867 2194 956 2227 Eam
971 2195 1085 2231 alitem
1095 2219 1103 2233 ,
1125 2205 1168 2227 ea
1182 2196 1313 2237 regione
1325 2195 1416 2233 coeli,
1431 2198 1465 2227 el
1473 2193 1548 2236 ejus

867 2246 1127 2289 De1‘nunc1‘um;
1146 2245 1237 2279 Plin.
1258 2246 1311 2289 V,
1325 2245 1389 2291 Ep.
1403 2257 1441 2281 VI
1457 2272 1465 2289 ,
1488 2247 1546 2280 13:

867 2299 924 2332 Ea
945 2301 1128 2338 varietate,
1152 2311 1194 2332 ea
1217 2300 1438 2342 descriptione
1458 2301 1552 2332 ocull

866 2350 1296 2396 reficz'unturae—Quinque,
1309 2353 1488 2384 mobilitas.
1500 2350 1548 2385 Et

866 2405 1000 2438 mobile&
1024 2405 1202 2438 AEsonl'des
1227 2410 1277 2437 est
1304 2402 1452 2437 Heroid.
1470 2402 1521 2438 Vl
1534 2429 1544 2446 ,

872 2468 954 2502 1093
973 2455 1032 2490 sed
1048 2455 1186 2500 vulgata
1202 2454 1372 2489 servanda
1399 2461 1544 2500 propter

867 2510 982 2542 vultus
994 2514 1030 2542 et
1042 2510 1164 2552 gratia.
1172 2525 1216 2533 -
1226 2507 1297 2546 Pro
1303 2506 1425 2551 formae
1435 2506 1545 2542 Hein-

867 2559 936 2594 sius
966 2559 1062 2594 malit
1087 2572 1211 2593 morum
1228 2586 1236 2599 ‚
1265 2559 1346 2604 quia
1372 2559 1545 2604 praecessit

868 2614 989 2646 vultus.
998 2611 1069 2647 Sed
1079 2614 1191 2646 vultus
1201 2619 1235 2646 et
1235 2611 1353 2655 forma
1363 2611 1513 2646 differun
1520 2619 1542 2647 t.

868 2665 1047 2700 —Nostris
1060 2664 1175 2710 Regiis
1185 2691 1193 2708 ,
1202 2666 1362 2699 nobilitas
1370 2671 1405 2698 et
1407 2664 1541 2709 formoe.

912 2718 964 2760 46.
987 2719 1036 2751 Et
1045 2719 1353 2764 dabitantefidem;
1367 2724 1402 2752 et
1414 2744 1423 2762 ,
1442 2724 1543 2753 ante-
