1832 3100
258 269 339 328 196

631 269 683 312 P.
718 268 956 314 OVIDII
987 269 1282 316 NASONIS

248 362 341 409 Ora
361 360 464 409 licet
486 360 698 420 lacrimis,
723 361 812 410 alto
835 362 888 411 de
910 362 1042 411 corde
1059 364 1224 430 petitos

243 438 396 487 Edidit
417 458 426 486 :
446 437 565 487 haud
589 437 739 497 aliter,
766 458 897 505 quam
920 459 1080 506 quum,
1106 452 1330 507 spectante
1350 441 1533 508 juvenca
1543 457 1560 502 ‚'

243 516 466 564 Lactentis
489 514 639 574 vituli,
664 515 814 564 dextra
837 515 1024 564 libratus
1049 517 1103 565 ab
1123 537 1245 576 aure,
1279 556 1281 559 -

242 595 462 660 Tempora
485 592 692 641 discussit
715 591 831 641 claro
854 611 956 641 cava
977 593 1160 642 malleus
1179 595 1284 643 ictu.

1583 612 1654 646 625

242 673 306 719 Ut
327 683 468 719 tamen
490 671 687 733 ingratos
715 670 761 718 in
785 682 962 736 pectora
978 670 1095 719 fudit
1117 672 1298 730 odores,

241 751 301 797 Et
324 749 445 797 dedit
464 748 711 815 amplexus,
736 748 987 815 injustaque
1007 749 1126 814 justa
1147 751 1347 816 peregitg

240 827 346 875 Non
370 826 474 874 tulit
496 826 544 873 in
567 826 733 874 cineres
755 824 847 874 labi
869 845 947 874 sua
970 827 1168 875 Phoebus
1189 827 1366 876 eosdem

241 904 417 952 Semina
438 923 448 952 ε
475 903 552 951 sed
574 914 728 951 natum
748 902 932 950 flammis
956 915 1171 969 uteroque
1189 905 1383 970 parentis

240 980 448 1047 Eripuit3
475 978 724 1044 geminique
748 978 851 1027 tulit
875 979 1082 1028 Chironis
1106 981 1153 1028 in
1176 993 1377 1030 antrum:

282 1110 358 1144 522.
370 1110 475 1143 Licet.
486 1109 608 1144 Heins.
619 1121 660 1143 ex
670 1108 795 1142 eodem
807 1108 914 1143 Scho-

238 1160 375 1204 lastico,
394 1158 610 1195 adsentiente
627 1173 699 1195 uno
717 1161 797 1196 MS.
809 1174 915 1196 rece-

238 1214 287 1258 pit
300 1215 401 1248 dccet.
414 1212 504 1247 Illud
517 1219 636 1247 tuetur
646 1211 861 1248 Brouckhus.
872 1230 917 1238 —

238 1268 341 1307 Alto,
363 1265 560 1312 prosund0;
587 1268 630 1299 de
643 1267 759 1307 corde,
786 1272 825 1300 ut
845 1265 915 1300 alto

241 1326 380 1365 pectore
393 1345 402 1362 ,
422 1319 457 1362 I,
477 1319 553 1353 656.

281 1371 355 1405 623.
372 1372 482 1404 Haud
489 1373 591 1404 aliter
603 1377 666 1404 etc.
682 1369 867 1415 superflua
878 1376 915 1404 et

236 1423 324 1457 mira
336 1421 559 1467 comparatio.
575 1440 620 1447 —
630 1423 815 1456 lactentis.
827 1422 913 1458 Nos-

236 1474 281 1508 tri
303 1472 450 1508 Codices
467 1473 566 1518 Regii
585 1472 616 1507 A
629 1480 663 1507 et
676 1473 725 1516 B,
743 1476 914 1508 lactantis.

236 1544 281 1552 --
303 1527 463 1559 libratus
477 1527 521 1558 ab
537 1538 617 1559 aure
637 1537 647 1559 .·
669 1524 747 1559 vide
765 1524 809 1559 ad
825 1537 912 1559 vers.

237 1579 312 1612 311.
350 1575 486 1611 Confer
517 1575 639 1621 Virgil.
678 1575 818 1610 AEneid.
849 1572 885 1610 11
901 1602 911 1620 ,

237 1643 300 1663 222
314 1655 323 1672 ,
347 1628 406 1663 ubi
421 1628 533 1662 multo
550 1627 675 1662 melior
690 1626 890 1662 similitudo.

279 1681 353 1724 627.
376 1681 487 1713 Justa.
510 1679 602 1714 Sunt
611 1679 791 1723 funebria,
817 1678 912 1723 quod

236 1744 368 1766 nomen
393 1731 573 1766 interdum
596 1730 756 1773 additur;
784 1738 819 1765 et
843 1744 911 1765 vo-

236 1791 360 1818 cantur
367 1783 468 1826 justa
479 1810 487 1824 ,
516 1782 596 1828 quia
618 1782 791 1817 debentur
806 1795 911 1817 mor-

236 1836 313 1870 tuis.
328 1835 422 1869 Hinc
427 1835 528 1878 justa
543 1835 656 1869 facere
669 1842 728 1869 aut
737 1848 909 1880 peragere,

236 1888 302 1922 rite
327 1894 363 1921 et
393 1886 516 1921 debitis
540 1886 731 1921 honoribus
756 1887 912 1933 sepelire.

237 1943 357 1980 Justa,
377 1939 524 1975 omuino
540 1938 666 1973 modus
681 1946 815 1984 certus,
842 1953 911 1985 quo

238 1991 405 2025 solemnia
423 1990 537 2024 officia
549 1997 708 2036 tempore
724 1997 819 2025 certo
831 2003 913 2036 per-

237 2042 369 2089 agenda
380 2050 461 2077 sunt
473 2068 482 2085 ,
500 2050 538 2076 ut
545 2043 646 2085 justa
656 2045 817 2077 militaria
826 2050 910 2078 etc.:

238 2094 316 2129 vide
331 2093 501 2129 Gronovii
519 2094 604 2129 Obs.
618 2095 671 2128 IV
681 2122 690 2136 ‚
707 2108 739 2140 p.
753 2096 827 2140 576.
842 2094 912 2129 Ad-

237 2149 332 2183 ditur
341 2149 486 2192 injusla,
504 2149 661 2196 ἐξυμώρως
672 2175 681 2190 ,
696 2149 773 2193 quia
784 2148 912 2192 injusta

238 2212 324 2234 nece
349 2196 510 2233 affecerat
537 2199 716 2233 Coronida
733 2214 741 2240 3
775 2207 809 2234 et
831 2200 911 2244 quia

238 2264 369 2286 eorum,
386 2264 458 2285 sese
478 2251 654 2296 ingratum
671 2251 910 2296 injustumque

238 2310 416 2338 auctorem
426 2302 623 2336 damnabat.
634 2303 814 2337 an—Sed
822 2303 911 2338 hanc

237 2353 413 2388 Schirach.
438 2353 552 2387 reddit
571 2365 707 2388 causam
734 2367 742 2388 ε
765 2369 781 2383 «
808 2367 911 2388 nam-

237 2418 305 2450 que
320 2417 392 2438 non
408 2404 599 2439 admodum
615 2406 704 2439 bene
722 2405 764 2439 de
782 2419 824 2439 eo
840 2407 911 2440 sue-

236 2464 291 2490 rat
298 2457 422 2491 merita
435 2455 593 2491 Coronis.
609 2458 831 2493 n-Jacobus
842 2459 909 2492 Bo-

237 2508 415 2542 noniensis
426 2509 693 2554 interpretatur,
716 2522 834 2554 parvas
844 2522 910 2543 ex—

240 2560 448 2603 temporales
458 2561 645 2605 exsequias·‚
655 2561 802 2606 legitque
808 2562 912 2605 injus·

236 2615 334 2654 taque
346 2613 453 2645 busta.
469 2611 630 2646 Notanda
648 2611 820 2645 Codicum
835 2624 910 2645 nos-

236 2668 374 2697 trorum
394 2663 480 2708 Reg.
497 2663 619 2697 lectio:
639 2662 760 2698 Codex
778 2665 808 2697 A
822 2690 831 2707 ,
858 2667 909 2698 in-

226 2717 389 2761 justaque
400 2719 498 2750 busta
505 2721 652 2760 peregi&
667 2718 754 2752 alter
767 2719 885 2752 vitiose
898 2745 907 2762 ,

235 2767 296 2802 sed
315 2768 407 2813 quod
426 2768 551 2803 eodem
568 2769 658 2803 redit
674 2796 683 2813 ‚
702 2773 907 2814 ‹mbuslaque

1587 999 1654 1033 630

969 1111 1071 1155 justa
1075 1115 1226 1156 βενε-μη
1243 1125 1309 1146 vox
1322 1115 1435 1153 busta,
1452 1113 1528 1148 loco
1536 1120 1631 1148 mota
1641 1139 1651 1158 ‚

979 1162 1016 1196 in
1034 1162 1150 1197 locum
1162 1162 1302 1198 alterius
1315 1164 1449 1200 transiit
1458 1191 1467 1208 ,
1487 1172 1522 1200 et
1535 1165 1654 1200 lectio-

959 1231 966 1237 ·
978 1227 1064 1249 nem
1089 1213 1228 1249 Codicis
1246 1215 1277 1249 A
1296 1228 1416 1250 veram
1431 1215 1653 1252 crediderim.

979 1268 1046 1301 Ed.
1057 1284 1099 1294 ·-
1111 1267 1276 1303 Solemne
1288 1276 1362 1304 erat
1371 1272 1544 1314 amplexus
1554 1277 1591 1306 et
1599 1283 1655 1306 os-

979 1318 1055 1353 cula
1066 1321 1148 1354 dure
1156 1319 1191 1354 in
1204 1332 1290 1365 rogo
1301 1320 1482 1365 ponendis.
1492 1322 1653 1368 Propert.

979 1371 1015 1405 ΙΙ
1027 1398 1036 1412 ,
1055 1381 1078 1405 x
1091 1396 1101 1414 ,
1120 1373 1268 1418 πρυ-[ιι
1285 1375 1412 1407 cineres
1421 1375 1509 1415 labi,
1530 1374 1653 1423 resolvi

978 1421 1014 1455 in
1026 1421 1168 1457 cineres.
1182 1423 1270 1456 Hor.
1282 1423 1347 1466 IV,
1360 1423 1521 1468 Odaun,
1532 1426 1574 1460 28
1583 1451 1592 1468 ‚
1605 1426 1654 1460 di·

977 1477 1108 1519 lapsam
1114 1479 1150 1510 in
1159 1475 1410 1519 cz'neresfacern.
1420 1476 1495 1511 Aru
1499 1477 1552 1512 ob.
1559 1477 1632 1514 Vll
1641 1505 1651 1523 ,

975 1539 1008 1571 p.
1018 1528 1077 1560 251
1092 1553 1101 1570 ,
1113 1529 1311 1562 dds-solutum
1327 1530 1364 1561 e'n
1379 1531 1506 1563 cineres
1519 1531 1652 1564 labitur.

1021 1576 1095 1623 629.
1114 1578 1267 1617 Semina,
1290 1578 1425 1623 prolem
1438 1591 1548 1614 suam.
1569 1579 1651 1614 Eu·-

976 1626 1040 1672 rip.
1055 1626 1165 1672 Iphig.
1180 1628 1258 1662 Aul.
1274 1630 1357 1670 524:
1371 1632 1524 1674 Σισύφειον
1534 1633 1651 1679 σπι-ἕρμα

975 1682 1066 1711 utero
1081 1682 1207 1722 eripuit.
1224 1679 1291 1714 Sic.
1305 1679 1360 1714 111
1373 1706 1382 1723 ,
1397 1681 1435 1715 31
1445 1694 1456 1714 1
1470 1707 1480 1725 ‚
1498 1694 1539 1716 ex
1549 1688 1650 1716 utero

975 1731 1095 1764 matris
1109 1730 1264 1766 Bacchus
1280 1731 1436 1777 eripitur.
1452 1733 1550 1779 Virg.
1566 1733 1650 1768 AEn.

975 1782 1030 1826 X,
1047 1783 1110 1817 315
1127 1795 1134 1817 :
1151 1785 1277 1819 Lichas
1292 1790 1444 1819 exsectus
1452 1786 1532 1830 jam
1546 1791 1651 1821 matre

968 1841 1133 1880 peremta,
1154 1845 1189 1872 et
1202 1837 1284 1872 hinc
1299 1838 1432 1872 Phoebo
1445 1864 1454 1882 ,
1472 1838 1551 1874 Deo
1564 1851 1649 1874 me-

975 1887 1053 1922 dico
1067 1916 1076 1930 ‚
1109 1902 1214 1923 sacer.
1249 1890 1301 1924 lbi
1329 1890 1471 1924 Servius
1499 1897 1622 1925 monet
1637 1918 1647 1935 ‚

975 1952 1099 1976 omnes
1112 1948 1261 1977 exsectos
1272 1942 1404 1977 Phoeho
1411 1943 1514 1978 fuisse
1525 1956 1648 1979 saeros.

1018 1993 1094 2027 630.
1110 1996 1272 2028 Chironis.
1283 1995 1403 2029 Chiron
1411 2021 1419 2034 ,
1435 1994 1646 2038 Centaurus,

975 2044 1119 2078 Saturni
1135 2044 1224 2080 filius
1236 2072 1246 2090 ,
1262 2045 1345 2080 vixit
1359 2053 1516 2092 tempore
1532 2047 1648 2093 Argo-

974 2103 1162 2130 nautarum
1173 2123 1182 2140 ,
1197 2110 1262 2132 nec
1272 2099 1385 2133 solum
1395 2105 1506 2134 artem
1517 2098 1659 2134 chirur·'

975 2147 1085 2193 gicam
1103 2148 1254 2192 invenit,
1274 2149 1334 2184 sed
1352 2150 1423 2185 aliis
1439 2150 1544 2188 etiam
1563 2150 1646 2184 arti-

973 2199 1037 2234 bus
1051 2201 1225 2242 excelluit3
1243 2202 1359 2247 itaque
1375 2202 1646 2247 praestantissimi

973 2251 1062 2286 illius
1086 2253 1192 2287 aetatis
1214 2252 1278 2287 viri
1303 2253 1480 2299 disciplina
1498 2254 1573 2298 ejus
1594 2253 1647 2288 usi

974 2296 1093 2346 erant,
1114 2305 1214 2339 lason
1227 2331 1237 2348 ,
1257 2305 1446 2347 Hercules,
1472 2305 1621 2339 Achilles
1633 2331 1643 2348 ,

973 2355 1038 2389 alii.
1057 2356 1161 2389 Plura
1179 2357 1221 2390 de
1238 2357 1312 2400 ejus
1330 2356 1366 2390 in
1387 2369 1494 2399 genus
1511 2356 1644 2391 huma-

973 2420 1062 2441 num
1078 2408 1210 2442 meritis
1228 2407 1331 2441 habet
1357 2406 1522 2442 Clemens
1547 2408 1644 2443 Alex.

973 2458 1103 2492 Strom.
1120 2459 1176 2493 lib.
1196 2460 1212 2493 I
1225 2485 1234 2502 ,
1263 2473 1294 2504 p.
1312 2459 1387 2494 360.
1408 2461 1566 2494 Vocatur
1577 2473 1645 2504 gc·-

972 2512 1081 2542 minus
1097 2516 1132 2543 et
1146 2523 1232 2544 vers.
1249 2510 1314 2554 664
1324 2537 1334 2554 ,
1351 2509 1520 2554 btsornn‘s,
1549 2524 1568 2545 a
1582 2523 1644 2545 na·

972 2567 1049 2594 tura
1061 2560 1331 2596 Centaurorum.
1343 2563 1482 2596 Horum
1494 2563 1642 2597 sormam

972 2626 991 2646 e
1015 2613 1201 2659 symbolica
1226 2614 1373 2658 quadam
1397 2614 1545 2660 imagine
1569 2627 1641 2649 esse

971 2670 1089 2697 natam
1102 2690 1110 2707 ,
1125 2671 1201 2698 tum
1215 2664 1380 2699 Chironis
1390 2665 1456 2700 sab.
1466 2665 1558 2699 varie
1568 2677 1641 2700 esse

971 2717 1196 2762 compositam
1210 2743 1220 2760 ,
1251 2730 1316 2751 nec
1337 2716 1432 2751 facile
1454 2716 1642 2762 expedien-

971 2768 1051 2803 dam
1070 2796 1079 2814 ,
1112 2777 1234 2806 monet
1259 2769 1442 2817 HeyniuS,
1464 2769 1501 2804 in
1523 2769 1640 2813 Antiq.
