<?xml version="1.0" encoding="UTF-8"?>
<!DOCTYPE html PUBLIC "-//W3C//DTD XHTML 1.0 Transitional//EN"
    "http://www.w3.org/TR/xhtml1/DTD/xhtml1-transitional.dtd">
<html xmlns="http://www.w3.org/1999/xhtml" xml:lang="en" lang="en">
 <head>
  <title>
</title>
<meta http-equiv="Content-Type" content="text/html;charset=utf-8" />
  <meta name='ocr-system' content='tesseract 3.04.00' />
  <meta name='ocr-capabilities' content='ocr_page ocr_carea ocr_par ocr_line ocrx_word'/>
</head>
<body>
  <div class='ocr_page' id='page_1' title='image "./quaeextantomniao03oviduoft_0267.png"; bbox 0 0 1832 3100; ppageno 0'>
   <div class='ocr_carea' id='block_1_1' title="bbox 325 246 1333 293">
    <p class='ocr_par' dir='ltr' id='par_1_1' title="bbox 325 246 1333 293">
     <span class='ocr_line' id='line_1_1' title="bbox 325 246 1333 293; baseline 0.001 -1"><span class='ocrx_word' id='word_1_1' title='bbox 325 246 1022 292; x_wconf 87' lang='lat' dir='ltr'><strong>METAMORPHOSEON</strong></span> <span class='ocrx_word' id='word_1_2' title='bbox 1060 247 1128 292; x_wconf 92' lang='lat' dir='ltr'><strong>LI</strong></span> <span class='ocrx_word' id='word_1_3' title='bbox 1143 251 1192 293; x_wconf 91' lang='lat' dir='ltr'><strong>B.</strong></span> <span class='ocrx_word' id='word_1_4' title='bbox 1228 248 1333 293; x_wconf 90' lang='grc' dir='ltr'>ΙΙΙ.</span> 
     </span>
    </p>
   </div>
   <div class='ocr_carea' id='block_1_2' title="bbox 1456 250 1543 293">
    <p class='ocr_par' dir='ltr' id='par_1_2' title="bbox 1456 250 1543 293">
     <span class='ocr_line' id='line_1_2' title="bbox 1456 250 1543 293; baseline 0 -1"><span class='ocrx_word' id='word_1_5' title='bbox 1456 250 1543 293; x_wconf 76' lang='lat'><strong>235</strong></span> 
     </span>
    </p>
   </div>
   <div class='ocr_carea' id='block_1_3' title="bbox 86 339 1550 1021">
    <p class='ocr_par' dir='ltr' id='par_1_3' title="bbox 86 339 1545 411">
     <span class='ocr_line' id='line_1_3' title="bbox 86 339 1545 411; baseline 0.001 -21"><span class='ocrx_word' id='word_1_6' title='bbox 86 406 88 411; x_wconf 11' lang='grc' dir='ltr'><em>γ</em></span> <span class='ocrx_word' id='word_1_7' title='bbox 123 342 223 390; x_wconf 84' lang='lat' dir='ltr'><strong>Hos</strong></span> <span class='ocrx_word' id='word_1_8' title='bbox 247 340 534 408; x_wconf 82' lang='lat' dir='ltr'><strong>quoquejam</strong></span> <span class='ocrx_word' id='word_1_9' title='bbox 555 339 734 405; x_wconf 88' lang='lat' dir='ltr'><strong>juvenes</strong></span> <span class='ocrx_word' id='word_1_10' title='bbox 756 360 767 388; x_wconf 91' lang='lat'><strong>:</strong></span> <span class='ocrx_word' id='word_1_11' title='bbox 788 340 886 399; x_wconf 85' lang='lat' dir='ltr'><strong>sed,</strong></span> <span class='ocrx_word' id='word_1_12' title='bbox 907 339 1096 398; x_wconf 86' lang='lat' dir='ltr'><strong>scilicet,</strong></span> <span class='ocrx_word' id='word_1_13' title='bbox 1116 340 1274 390; x_wconf 86' lang='lat' dir='ltr'><strong>ultima</strong></span> <span class='ocrx_word' id='word_1_14' title='bbox 1291 361 1461 410; x_wconf 87' lang='lat' dir='ltr'><strong>semper</strong></span> <span class='ocrx_word' id='word_1_15' title='bbox 1485 358 1545 392; x_wconf 81' lang='lat'><strong>135</strong></span> 
     </span>
    </p>

    <p class='ocr_par' dir='ltr' id='par_1_4' title="bbox 122 416 1144 484">
     <span class='ocr_line' id='line_1_4' title="bbox 122 416 1144 484; baseline -0.003 -16"><span class='ocrx_word' id='word_1_16' title='bbox 122 416 428 484; x_wconf 83' lang='lat' dir='ltr'><strong>Exspectanda</strong></span> <span class='ocrx_word' id='word_1_17' title='bbox 452 416 546 466; x_wconf 87' lang='lat' dir='ltr'><strong>dies</strong></span> <span class='ocrx_word' id='word_1_18' title='bbox 568 417 767 476; x_wconf 87' lang='lat' dir='ltr'><strong>homini;</strong></span> <span class='ocrx_word' id='word_1_19' title='bbox 788 417 963 484; x_wconf 85' lang='lat' dir='ltr'><strong>dicique</strong></span> <span class='ocrx_word' id='word_1_20' title='bbox 987 417 1144 465; x_wconf 90' lang='lat' dir='ltr'><strong>beatus</strong></span> 
     </span>
    </p>

    <p class='ocr_par' dir='ltr' id='par_1_5' title="bbox 121 493 1260 562">
     <span class='ocr_line' id='line_1_5' title="bbox 121 493 1260 562; baseline -0.002 -18"><span class='ocrx_word' id='word_1_21' title='bbox 121 495 240 544; x_wconf 81' lang='lat' dir='ltr'><strong>Ante</strong></span> <span class='ocrx_word' id='word_1_22' title='bbox 266 494 439 543; x_wconf 84' lang='lat' dir='ltr'><strong>obitum</strong></span> <span class='ocrx_word' id='word_1_23' title='bbox 463 513 596 544; x_wconf 92' lang='lat' dir='ltr'><strong>nemo</strong></span> <span class='ocrx_word' id='word_1_24' title='bbox 622 514 915 562; x_wconf 90' lang='lat' dir='ltr'><strong>supremaque</strong></span> <span class='ocrx_word' id='word_1_25' title='bbox 935 494 1091 544; x_wconf 86' lang='lat' dir='ltr'><strong>funera</strong></span> <span class='ocrx_word' id='word_1_26' title='bbox 1114 493 1260 543; x_wconf 88' lang='lat' dir='ltr'><strong>debet.</strong></span> 
     </span>
    </p>

    <p class='ocr_par' dir='ltr' id='par_1_6' title="bbox 122 571 1336 640">
     <span class='ocr_line' id='line_1_6' title="bbox 122 571 1336 640; baseline -0.002 -18"><span class='ocrx_word' id='word_1_27' title='bbox 122 571 272 622; x_wconf 87' lang='lat' dir='ltr'><strong>Prima</strong></span> <span class='ocrx_word' id='word_1_28' title='bbox 290 591 432 640; x_wconf 90' lang='lat' dir='ltr'><strong>nepos</strong></span> <span class='ocrx_word' id='word_1_29' title='bbox 454 572 571 626; x_wconf 85' lang='lat' dir='ltr'><strong>inter</strong></span> <span class='ocrx_word' id='word_1_30' title='bbox 589 585 658 622; x_wconf 89' lang='lat' dir='ltr'><strong>tot</strong></span> <span class='ocrx_word' id='word_1_31' title='bbox 675 593 745 623; x_wconf 90' lang='lat' dir='ltr'><strong>res</strong></span> <span class='ocrx_word' id='word_1_32' title='bbox 766 574 849 622; x_wconf 88' lang='lat' dir='ltr'><strong>tibi</strong></span> <span class='ocrx_word' id='word_1_33' title='bbox 865 611 878 633; x_wconf 88' lang='lat'>‚</span> <span class='ocrx_word' id='word_1_34' title='bbox 905 573 1070 623; x_wconf 88' lang='lat' dir='ltr'><strong>Cadme</strong></span> <span class='ocrx_word' id='word_1_35' title='bbox 1083 610 1094 631; x_wconf 92' lang='lat'>‚</span> <span class='ocrx_word' id='word_1_36' title='bbox 1122 573 1336 621; x_wconf 85' lang='lat' dir='ltr'><strong>secundas</strong></span> 
     </span>
    </p>

    <p class='ocr_par' dir='ltr' id='par_1_7' title="bbox 125 649 1175 719">
     <span class='ocr_line' id='line_1_7' title="bbox 125 649 1175 719; baseline 0.001 -22"><span class='ocrx_word' id='word_1_37' title='bbox 125 649 268 698; x_wconf 87' lang='lat' dir='ltr'><strong>Causa</strong></span> <span class='ocrx_word' id='word_1_38' title='bbox 289 649 376 698; x_wconf 84' lang='lat' dir='ltr'><strong>fuit</strong></span> <span class='ocrx_word' id='word_1_39' title='bbox 394 650 564 710; x_wconf 79' lang='lat' dir='ltr'><strong>luetus3</strong></span> <span class='ocrx_word' id='word_1_40' title='bbox 590 651 820 719; x_wconf 85' lang='lat' dir='ltr'><strong>alienaque</strong></span> <span class='ocrx_word' id='word_1_41' title='bbox 846 671 1012 702; x_wconf 87' lang='lat' dir='ltr'><strong>cornua</strong></span> <span class='ocrx_word' id='word_1_42' title='bbox 1034 650 1175 700; x_wconf 89' lang='lat' dir='ltr'><strong>fronti</strong></span> 
     </span>
    </p>

    <p class='ocr_par' dir='ltr' id='par_1_8' title="bbox 122 725 1550 796">
     <span class='ocr_line' id='line_1_8' title="bbox 122 725 1550 796; baseline -0.001 -20"><span class='ocrx_word' id='word_1_43' title='bbox 122 725 315 787; x_wconf 78' lang='lat' dir='ltr'><strong>Addita,</strong></span> <span class='ocrx_word' id='word_1_44' title='bbox 339 747 508 796; x_wconf 84' lang='lat' dir='ltr'><strong>vosque</strong></span> <span class='ocrx_word' id='word_1_45' title='bbox 533 749 663 780; x_wconf 88' lang='lat' dir='ltr'><strong>canes</strong></span> <span class='ocrx_word' id='word_1_46' title='bbox 687 731 852 780; x_wconf 79' lang='lat' dir='ltr'><strong>satiatae</strong></span> <span class='ocrx_word' id='word_1_47' title='bbox 876 730 1090 794; x_wconf 88' lang='lat' dir='ltr'><strong>sanguine</strong></span> <span class='ocrx_word' id='word_1_48' title='bbox 1113 727 1257 778; x_wconf 89' lang='lat' dir='ltr'><strong>herili.</strong></span> <span class='ocrx_word' id='word_1_49' title='bbox 1489 742 1550 786; x_wconf 71' lang='lat'><strong>140</strong></span> 
     </span>
    </p>

    <p class='ocr_par' dir='ltr' id='par_1_9' title="bbox 120 804 1224 874">
     <span class='ocr_line' id='line_1_9' title="bbox 120 804 1224 874; baseline 0 -21"><span class='ocrx_word' id='word_1_50' title='bbox 120 804 185 854; x_wconf 83' lang='lat' dir='ltr'><strong>At</strong></span> <span class='ocrx_word' id='word_1_51' title='bbox 205 804 318 854; x_wconf 85' lang='lat' dir='ltr'><strong>bene</strong></span> <span class='ocrx_word' id='word_1_52' title='bbox 342 807 380 855; x_wconf 92' lang='lat' dir='ltr'><strong>si</strong></span> <span class='ocrx_word' id='word_1_53' title='bbox 405 827 598 874; x_wconf 85' lang='lat' dir='ltr'><strong>quaeras;</strong></span> <span class='ocrx_word' id='word_1_54' title='bbox 622 810 834 857; x_wconf 80' lang='lat' dir='ltr'><strong>Fortunae</strong></span> <span class='ocrx_word' id='word_1_55' title='bbox 858 807 1025 856; x_wconf 87' lang='lat' dir='ltr'><strong>crimen</strong></span> <span class='ocrx_word' id='word_1_56' title='bbox 1047 807 1095 854; x_wconf 88' lang='lat' dir='ltr'><strong>in</strong></span> <span class='ocrx_word' id='word_1_57' title='bbox 1119 805 1224 863; x_wconf 87' lang='lat' dir='ltr'><strong>illo,</strong></span> 
     </span>
    </p>

    <p class='ocr_par' dir='ltr' id='par_1_10' title="bbox 119 875 1488 1021">
     <span class='ocr_line' id='line_1_10' title="bbox 119 875 1488 953; baseline -0.003 -18"><span class='ocrx_word' id='word_1_58' title='bbox 119 883 224 935; x_wconf 83' lang='lat' dir='ltr'><strong>Non</strong></span> <span class='ocrx_word' id='word_1_59' title='bbox 248 882 390 933; x_wconf 89' lang='lat' dir='ltr'><strong>scelus</strong></span> <span class='ocrx_word' id='word_1_60' title='bbox 414 875 634 944; x_wconf 86' lang='lat' dir='ltr'><strong>invenies;</strong></span> <span class='ocrx_word' id='word_1_61' title='bbox 662 886 784 953; x_wconf 88' lang='lat' dir='ltr'><strong>quod</strong></span> <span class='ocrx_word' id='word_1_62' title='bbox 810 886 927 935; x_wconf 86' lang='lat' dir='ltr'><strong>enim</strong></span> <span class='ocrx_word' id='word_1_63' title='bbox 952 885 1094 934; x_wconf 87' lang='lat' dir='ltr'><strong>scelus</strong></span> <span class='ocrx_word' id='word_1_64' title='bbox 1116 903 1240 933; x_wconf 87' lang='lat' dir='ltr'><strong>error</strong></span> <span class='ocrx_word' id='word_1_65' title='bbox 1261 882 1488 932; x_wconf 83' lang='lat' dir='ltr'><strong>habebat?</strong></span> 
     </span>
     <span class='ocr_line' id='line_1_11' title="bbox 188 960 1302 1021; baseline -0.001 -11"><span class='ocrx_word' id='word_1_66' title='bbox 188 960 329 1010; x_wconf 83' lang='lat' dir='ltr'><strong>Mons</strong></span> <span class='ocrx_word' id='word_1_67' title='bbox 348 973 462 1021; x_wconf 84' lang='lat' dir='ltr'><strong>erat,</strong></span> <span class='ocrx_word' id='word_1_68' title='bbox 485 962 675 1012; x_wconf 85' lang='lat' dir='ltr'><strong>infectus</strong></span> <span class='ocrx_word' id='word_1_69' title='bbox 698 963 919 1013; x_wconf 87' lang='lat' dir='ltr'><strong>variarum</strong></span> <span class='ocrx_word' id='word_1_70' title='bbox 941 963 1056 1012; x_wconf 89' lang='lat' dir='ltr'><strong>caede</strong></span> <span class='ocrx_word' id='word_1_71' title='bbox 1079 962 1271 1011; x_wconf 86' lang='lat' dir='ltr'><strong>ferarum</strong></span> <span class='ocrx_word' id='word_1_72' title='bbox 1290 981 1302 1009; x_wconf 90' lang='lat'><strong>:</strong></span> 
     </span>
    </p>
   </div>
   <div class='ocr_carea' id='block_1_4' title="bbox 111 1091 811 2823">
    <p class='ocr_par' dir='ltr' id='par_1_11' title="bbox 111 1091 811 2823">
     <span class='ocr_line' id='line_1_12' title="bbox 121 1091 801 1142; baseline 0.001 -12"><span class='ocrx_word' id='word_1_73' title='bbox 121 1091 261 1130; x_wconf 82' lang='lat' dir='ltr'><strong>Cadmo</strong></span> <span class='ocrx_word' id='word_1_74' title='bbox 286 1094 325 1130; x_wconf 89' lang='lat' dir='ltr'><strong>in</strong></span> <span class='ocrx_word' id='word_1_75' title='bbox 353 1095 513 1142; x_wconf 85' lang='lat' dir='ltr'><strong>imperio.</strong></span> <span class='ocrx_word' id='word_1_76' title='bbox 546 1097 658 1131; x_wconf 79' lang='lat' dir='ltr'><strong>Natus</strong></span> <span class='ocrx_word' id='word_1_77' title='bbox 682 1104 801 1132; x_wconf 88' lang='lat' dir='ltr'><strong>autem</strong></span> 
     </span>
     <span class='ocr_line' id='line_1_13' title="bbox 118 1146 802 1193; baseline 0.004 -12"><span class='ocrx_word' id='word_1_78' title='bbox 118 1146 241 1182; x_wconf 82' lang='lat' dir='ltr'><strong>habuit</strong></span> <span class='ocrx_word' id='word_1_79' title='bbox 257 1154 408 1193; x_wconf 87' lang='lat' dir='ltr'><strong>quatuor</strong></span> <span class='ocrx_word' id='word_1_80' title='bbox 418 1175 429 1192; x_wconf 96' lang='lat'>‚</span> <span class='ocrx_word' id='word_1_81' title='bbox 462 1148 656 1183; x_wconf 85' lang='lat' dir='ltr'><strong>Autonoen</strong></span> <span class='ocrx_word' id='word_1_82' title='bbox 672 1176 680 1189; x_wconf 89' lang='lat'>,</span> <span class='ocrx_word' id='word_1_83' title='bbox 711 1150 779 1184; x_wconf 93' lang='lat' dir='ltr'><strong>Ino</strong></span> <span class='ocrx_word' id='word_1_84' title='bbox 792 1175 802 1192; x_wconf 86' lang='lat'>,</span> 
     </span>
     <span class='ocr_line' id='line_1_14' title="bbox 121 1198 803 1246; baseline 0.003 -13"><span class='ocrx_word' id='word_1_85' title='bbox 121 1198 302 1244; x_wconf 82' lang='lat' dir='ltr'><strong>Semelen,</strong></span> <span class='ocrx_word' id='word_1_86' title='bbox 317 1199 472 1246; x_wconf 83' lang='lat' dir='ltr'><strong>Agaven.</strong></span> <span class='ocrx_word' id='word_1_87' title='bbox 489 1201 556 1235; x_wconf 88' lang='lat' dir='ltr'><strong>Ino</strong></span> <span class='ocrx_word' id='word_1_88' title='bbox 565 1200 684 1245; x_wconf 77' lang='lat' dir='ltr'><strong>nupsit</strong></span> <span class='ocrx_word' id='word_1_89' title='bbox 697 1200 803 1235; x_wconf 90' lang='lat' dir='ltr'><strong>Atha-</strong></span> 
     </span>
     <span class='ocr_line' id='line_1_15' title="bbox 122 1250 803 1298; baseline 0.004 -13"><span class='ocrx_word' id='word_1_90' title='bbox 122 1250 257 1295; x_wconf 83' lang='lat' dir='ltr'><strong>manti,</strong></span> <span class='ocrx_word' id='word_1_91' title='bbox 286 1251 453 1287; x_wconf 88' lang='lat' dir='ltr'><strong>Autonoe</strong></span> <span class='ocrx_word' id='word_1_92' title='bbox 486 1251 635 1287; x_wconf 77' lang='lat' dir='ltr'><strong>Aristaeo</strong></span> <span class='ocrx_word' id='word_1_93' title='bbox 648 1277 658 1295; x_wconf 90' lang='lat'>,</span> <span class='ocrx_word' id='word_1_94' title='bbox 684 1252 803 1298; x_wconf 86' lang='lat' dir='ltr'><strong>Agave</strong></span> 
     </span>
     <span class='ocr_line' id='line_1_16' title="bbox 123 1304 804 1347; baseline 0.001 -8"><span class='ocrx_word' id='word_1_95' title='bbox 123 1304 297 1347; x_wconf 79' lang='lat' dir='ltr'><strong>Echioni;</strong></span> <span class='ocrx_word' id='word_1_96' title='bbox 323 1305 463 1341; x_wconf 84' lang='lat' dir='ltr'><strong>Semele</strong></span> <span class='ocrx_word' id='word_1_97' title='bbox 480 1313 598 1341; x_wconf 88' lang='lat' dir='ltr'><strong>autem</strong></span> <span class='ocrx_word' id='word_1_98' title='bbox 613 1318 695 1341; x_wconf 90' lang='lat' dir='ltr'><strong>cum</strong></span> <span class='ocrx_word' id='word_1_99' title='bbox 713 1305 804 1340; x_wconf 84' lang='lat' dir='ltr'><strong>Jove</strong></span> 
     </span>
     <span class='ocr_line' id='line_1_17' title="bbox 123 1356 807 1404; baseline 0.003 -13"><span class='ocrx_word' id='word_1_100' title='bbox 123 1369 201 1391; x_wconf 88' lang='lat' dir='ltr'><strong>rem</strong></span> <span class='ocrx_word' id='word_1_101' title='bbox 216 1356 337 1392; x_wconf 86' lang='lat' dir='ltr'><strong>habuit</strong></span> <span class='ocrx_word' id='word_1_102' title='bbox 355 1371 364 1392; x_wconf 74' lang='grc' dir='ltr'>ε</span> <span class='ocrx_word' id='word_1_103' title='bbox 390 1357 459 1392; x_wconf 79' lang='lat' dir='ltr'><strong>vid.</strong></span> <span class='ocrx_word' id='word_1_104' title='bbox 477 1357 627 1393; x_wconf 88' lang='lat' dir='ltr'><strong>Pausan.</strong></span> <span class='ocrx_word' id='word_1_105' title='bbox 642 1365 678 1394; x_wconf 90' lang='lat' dir='ltr'><strong>et</strong></span> <span class='ocrx_word' id='word_1_106' title='bbox 695 1357 807 1404; x_wconf 86' lang='lat' dir='ltr'><strong>Apol-</strong></span> 
     </span>
     <span class='ocr_line' id='line_1_18' title="bbox 122 1407 806 1454; baseline 0.001 -10"><span class='ocrx_word' id='word_1_107' title='bbox 122 1407 194 1444; x_wconf 83' lang='lat' dir='ltr'><strong>lod.</strong></span> <span class='ocrx_word' id='word_1_108' title='bbox 217 1408 250 1444; x_wconf 86' lang='lat' dir='ltr'><strong>d.</strong></span> <span class='ocrx_word' id='word_1_109' title='bbox 268 1409 290 1444; x_wconf 91' lang='lat' dir='ltr'><strong>l.</strong></span> <span class='ocrx_word' id='word_1_110' title='bbox 316 1409 348 1444; x_wconf 92' lang='lat' dir='ltr'><strong>E</strong></span> <span class='ocrx_word' id='word_1_111' title='bbox 363 1412 539 1454; x_wconf 72' lang='lat' dir='ltr'><strong>nepotibus</strong></span> <span class='ocrx_word' id='word_1_112' title='bbox 560 1410 806 1446; x_wconf 83' lang='lat' dir='ltr'><strong>memorabiles</strong></span> 
     </span>
     <span class='ocr_line' id='line_1_19' title="bbox 123 1462 805 1507; baseline 0.003 -12"><span class='ocrx_word' id='word_1_113' title='bbox 123 1467 207 1496; x_wconf 81' lang='lat' dir='ltr'><strong>sunt</strong></span> <span class='ocrx_word' id='word_1_114' title='bbox 226 1473 298 1507; x_wconf 78' lang='lat' dir='ltr'><strong>prae</strong></span> <span class='ocrx_word' id='word_1_115' title='bbox 317 1463 450 1498; x_wconf 78' lang='lat' dir='ltr'><strong>caeteris</strong></span> <span class='ocrx_word' id='word_1_116' title='bbox 471 1462 655 1498; x_wconf 79' lang='lat' dir='ltr'><strong>Melicerta</strong></span> <span class='ocrx_word' id='word_1_117' title='bbox 672 1489 682 1507; x_wconf 89' lang='lat'><strong>,</strong></span> <span class='ocrx_word' id='word_1_118' title='bbox 706 1463 805 1497; x_wconf 84' lang='lat' dir='ltr'><strong>Bac·-</strong></span> 
     </span>
     <span class='ocr_line' id='line_1_20' title="bbox 123 1513 805 1561; baseline 0 -13"><span class='ocrx_word' id='word_1_119' title='bbox 123 1513 210 1548; x_wconf 83' lang='lat' dir='ltr'><strong>chus</strong></span> <span class='ocrx_word' id='word_1_120' title='bbox 222 1539 232 1557; x_wconf 85' lang='lat'><em>‚</em></span> <span class='ocrx_word' id='word_1_121' title='bbox 251 1513 433 1550; x_wconf 77' lang='lat' dir='ltr'><strong>Pentheus</strong></span> <span class='ocrx_word' id='word_1_122' title='bbox 442 1540 453 1558; x_wconf 89' lang='lat'>,</span> <span class='ocrx_word' id='word_1_123' title='bbox 476 1521 511 1549; x_wconf 89' lang='lat' dir='ltr'><strong>et</strong></span> <span class='ocrx_word' id='word_1_124' title='bbox 524 1514 580 1549; x_wconf 87' lang='lat' dir='ltr'><strong>hic</strong></span> <span class='ocrx_word' id='word_1_125' title='bbox 594 1515 665 1561; x_wconf 87' lang='lat' dir='ltr'><strong>ipse</strong></span> <span class='ocrx_word' id='word_1_126' title='bbox 678 1515 805 1550; x_wconf 84' lang='lat' dir='ltr'><strong>miser-</strong></span> 
     </span>
     <span class='ocr_line' id='line_1_21' title="bbox 121 1564 803 1612; baseline 0.003 -12"><span class='ocrx_word' id='word_1_127' title='bbox 121 1564 234 1601; x_wconf 80' lang='lat' dir='ltr'><strong>rimus</strong></span> <span class='ocrx_word' id='word_1_128' title='bbox 245 1565 402 1602; x_wconf 72' lang='lat' dir='ltr'><strong>Actaeon.</strong></span> <span class='ocrx_word' id='word_1_129' title='bbox 413 1566 581 1602; x_wconf 82' lang='lat' dir='ltr'><strong>solemne</strong></span> <span class='ocrx_word' id='word_1_130' title='bbox 597 1574 716 1603; x_wconf 87' lang='lat' dir='ltr'><strong>autem</strong></span> <span class='ocrx_word' id='word_1_131' title='bbox 731 1574 803 1612; x_wconf 81' lang='lat' dir='ltr'><strong>est,</strong></span> 
     </span>
     <span class='ocr_line' id='line_1_22' title="bbox 117 1617 803 1665; baseline 0.004 -12"><span class='ocrx_word' id='word_1_132' title='bbox 117 1617 247 1654; x_wconf 64' lang='lat' dir='ltr'><strong>liberos</strong></span> <span class='ocrx_word' id='word_1_133' title='bbox 261 1626 323 1656; x_wconf 80' lang='lat' dir='ltr'><strong>aut</strong></span> <span class='ocrx_word' id='word_1_134' title='bbox 335 1645 346 1662; x_wconf 84' lang='lat'>‚</span> <span class='ocrx_word' id='word_1_135' title='bbox 363 1625 403 1654; x_wconf 86' lang='lat' dir='ltr'><strong>ut</strong></span> <span class='ocrx_word' id='word_1_136' title='bbox 419 1618 453 1654; x_wconf 90' lang='lat' dir='ltr'><strong>h.</strong></span> <span class='ocrx_word' id='word_1_137' title='bbox 469 1619 492 1654; x_wconf 88' lang='grc' dir='ltr'><strong>Ι.</strong></span> <span class='ocrx_word' id='word_1_138' title='bbox 502 1646 512 1664; x_wconf 90' lang='grc'><strong>,</strong></span> <span class='ocrx_word' id='word_1_139' title='bbox 531 1625 668 1665; x_wconf 76' lang='lat' dir='ltr'><strong>nepotes</strong></span> <span class='ocrx_word' id='word_1_140' title='bbox 678 1633 803 1656; x_wconf 88' lang='lat' dir='ltr'><strong>vocare</strong></span> 
     </span>
     <span class='ocr_line' id='line_1_23' title="bbox 111 1670 804 1719; baseline 0.004 -14"><span class='ocrx_word' id='word_1_141' title='bbox 111 1673 258 1715; x_wconf 65' lang='lat' dir='ltr'><strong>pignora</strong></span> <span class='ocrx_word' id='word_1_142' title='bbox 278 1670 296 1717; x_wconf 92' lang='lat'><strong>(</strong></span> <span class='ocrx_word' id='word_1_143' title='bbox 313 1670 623 1718; x_wconf 75' lang='lat' dir='ltr'><strong>Liebespsaendcr)</strong></span> <span class='ocrx_word' id='word_1_144' title='bbox 641 1698 651 1717; x_wconf 87' lang='lat'><em>,</em></span> <span class='ocrx_word' id='word_1_145' title='bbox 678 1673 804 1719; x_wconf 91' lang='lat' dir='ltr'><strong>quibus</strong></span> 
     </span>
     <span class='ocr_line' id='line_1_24' title="bbox 118 1723 804 1769; baseline 0.006 -11"><span class='ocrx_word' id='word_1_146' title='bbox 118 1730 308 1769; x_wconf 82' lang='lat' dir='ltr'><strong>parentum</strong></span> <span class='ocrx_word' id='word_1_147' title='bbox 322 1731 360 1760; x_wconf 80' lang='lat' dir='ltr'><strong>et</strong></span> <span class='ocrx_word' id='word_1_148' title='bbox 374 1723 569 1760; x_wconf 80' lang='lat' dir='ltr'><strong>liberorum</strong></span> <span class='ocrx_word' id='word_1_149' title='bbox 595 1739 696 1763; x_wconf 86' lang='lat' dir='ltr'><strong>amor</strong></span> <span class='ocrx_word' id='word_1_150' title='bbox 719 1740 804 1762; x_wconf 86' lang='lat' dir='ltr'><strong>arc-</strong></span> 
     </span>
     <span class='ocr_line' id='line_1_25' title="bbox 116 1775 797 1823; baseline 0.006 -12"><span class='ocrx_word' id='word_1_151' title='bbox 116 1775 247 1812; x_wconf 70' lang='lat' dir='ltr'><strong>tissime</strong></span> <span class='ocrx_word' id='word_1_152' title='bbox 269 1777 531 1823; x_wconf 78' lang='lat' dir='ltr'><strong>constringitur.</strong></span> <span class='ocrx_word' id='word_1_153' title='bbox 557 1796 602 1806; x_wconf 90' lang='lat'><strong>—-</strong></span> <span class='ocrx_word' id='word_1_154' title='bbox 624 1781 772 1815; x_wconf 69' lang='lat' dir='ltr'><strong>Iuvenes</strong></span> <span class='ocrx_word' id='word_1_155' title='bbox 787 1807 797 1822; x_wconf 86' lang='lat'><em>,</em></span> 
     </span>
     <span class='ocr_line' id='line_1_26' title="bbox 118 1827 805 1877; baseline 0.006 -14"><span class='ocrx_word' id='word_1_156' title='bbox 118 1834 224 1875; x_wconf 77' lang='lat' dir='ltr'><strong>atque</strong></span> <span class='ocrx_word' id='word_1_157' title='bbox 238 1827 327 1864; x_wconf 86' lang='lat' dir='ltr'><strong>adeo</strong></span> <span class='ocrx_word' id='word_1_158' title='bbox 339 1829 411 1875; x_wconf 80' lang='lat' dir='ltr'><strong>jam</strong></span> <span class='ocrx_word' id='word_1_159' title='bbox 423 1838 586 1877; x_wconf 79' lang='lat' dir='ltr'><strong>spectatae</strong></span> <span class='ocrx_word' id='word_1_160' title='bbox 598 1832 747 1867; x_wconf 86' lang='lat' dir='ltr'><strong>virtutis.</strong></span> <span class='ocrx_word' id='word_1_161' title='bbox 758 1851 805 1859; x_wconf 94' lang='lat'><strong>—-</strong></span> 
     </span>
     <span class='ocr_line' id='line_1_27' title="bbox 118 1881 804 1930; baseline 0.004 -13"><span class='ocrx_word' id='word_1_162' title='bbox 118 1881 264 1917; x_wconf 79' lang='lat' dir='ltr'><strong>Scilicet.</strong></span> <span class='ocrx_word' id='word_1_163' title='bbox 284 1883 438 1919; x_wconf 78' lang='lat' dir='ltr'><strong>Ponitur</strong></span> <span class='ocrx_word' id='word_1_164' title='bbox 451 1911 462 1928; x_wconf 87' lang='lat'>,</span> <span class='ocrx_word' id='word_1_165' title='bbox 489 1897 601 1930; x_wconf 88' lang='lat' dir='ltr'><strong>quum</strong></span> <span class='ocrx_word' id='word_1_166' title='bbox 618 1885 804 1921; x_wconf 86' lang='lat' dir='ltr'><strong>sententiae</strong></span> 
     </span>
     <span class='ocr_line' id='line_1_28' title="bbox 120 1934 806 1981; baseline 0.006 -13"><span class='ocrx_word' id='word_1_167' title='bbox 120 1934 359 1979; x_wconf 79' lang='lat' dir='ltr'><strong>proferuntur.</strong></span> <span class='ocrx_word' id='word_1_168' title='bbox 370 1935 540 1981; x_wconf 85' lang='lat' dir='ltr'><strong>Sequitur</strong></span> <span class='ocrx_word' id='word_1_169' title='bbox 549 1937 725 1972; x_wconf 89' lang='lat' dir='ltr'><strong>sententia</strong></span> <span class='ocrx_word' id='word_1_170' title='bbox 738 1937 806 1971; x_wconf 84' lang='lat' dir='ltr'><strong>So·</strong></span> 
     </span>
     <span class='ocr_line' id='line_1_29' title="bbox 121 1985 804 2036; baseline 0.006 -16"><span class='ocrx_word' id='word_1_171' title='bbox 121 1985 212 2022; x_wconf 76' lang='lat' dir='ltr'><strong>lonis</strong></span> <span class='ocrx_word' id='word_1_172' title='bbox 227 1986 271 2022; x_wconf 83' lang='lat' dir='ltr'><strong>ad</strong></span> <span class='ocrx_word' id='word_1_173' title='bbox 288 1986 450 2023; x_wconf 73' lang='lat' dir='ltr'><strong>Croesum</strong></span> <span class='ocrx_word' id='word_1_174' title='bbox 464 1988 658 2036; x_wconf 79' lang='lat' dir='ltr'><strong>(Herodot.</strong></span> <span class='ocrx_word' id='word_1_175' title='bbox 675 1990 709 2029; x_wconf 89' lang='lat'><strong>1,</strong></span> <span class='ocrx_word' id='word_1_176' title='bbox 722 1988 784 2034; x_wconf 81' lang='lat'><strong>32)</strong></span> <span class='ocrx_word' id='word_1_177' title='bbox 794 2015 804 2032; x_wconf 88' lang='lat'><em>,</em></span> 
     </span>
     <span class='ocr_line' id='line_1_30' title="bbox 122 2042 804 2088; baseline 0.004 -14"><span class='ocrx_word' id='word_1_178' title='bbox 122 2051 228 2084; x_wconf 83' lang='lat' dir='ltr'><strong>quam</strong></span> <span class='ocrx_word' id='word_1_179' title='bbox 247 2049 492 2086; x_wconf 70' lang='lat' dir='ltr'><strong>expresserunt</strong></span> <span class='ocrx_word' id='word_1_180' title='bbox 512 2042 626 2077; x_wconf 85' lang='lat' dir='ltr'><strong>multi.</strong></span> <span class='ocrx_word' id='word_1_181' title='bbox 646 2042 804 2088; x_wconf 84' lang='lat' dir='ltr'><strong>Euripid.</strong></span> 
     </span>
     <span class='ocr_line' id='line_1_31' title="bbox 123 2090 806 2140; baseline 0.006 -15"><span class='ocrx_word' id='word_1_182' title='bbox 123 2090 255 2128; x_wconf 79' lang='lat' dir='ltr'><strong>Troad.</strong></span> <span class='ocrx_word' id='word_1_183' title='bbox 274 2105 362 2129; x_wconf 72' lang='lat' dir='ltr'><strong>vers.</strong></span> <span class='ocrx_word' id='word_1_184' title='bbox 380 2096 445 2130; x_wconf 84' lang='lat'><strong>510</strong></span> <span class='ocrx_word' id='word_1_185' title='bbox 461 2107 469 2130; x_wconf 89' lang='lat'>:</span> <span class='ocrx_word' id='word_1_186' title='bbox 483 2103 543 2131; x_wconf 75' lang='grc' dir='ltr'><strong>τῶν</strong></span> <span class='ocrx_word' id='word_1_187' title='bbox 565 2094 596 2131; x_wconf 69' lang='grc' dir='ltr'><strong>δ’</strong></span> <span class='ocrx_word' id='word_1_188' title='bbox 617 2098 806 2140; x_wconf 63' lang='grc' dir='ltr'><strong>εὐδαιμόνων</strong></span> 
     </span>
     <span class='ocr_line' id='line_1_32' title="bbox 123 2147 805 2199; baseline 0.004 -20"><span class='ocrx_word' id='word_1_189' title='bbox 123 2147 251 2185; x_wconf 70' lang='grc' dir='ltr'><strong>Μηδένα</strong></span> <span class='ocrx_word' id='word_1_190' title='bbox 264 2147 399 2192; x_wconf 71' lang='grc' dir='ltr'><strong>νομίζετ’</strong></span> <span class='ocrx_word' id='word_1_191' title='bbox 415 2151 565 2193; x_wconf 54' lang='lat' dir='ltr'><strong>«bruxele,</strong></span> <span class='ocrx_word' id='word_1_192' title='bbox 577 2153 644 2199; x_wconf 66' lang='grc' dir='ltr'><strong>πρὶν</strong></span> <span class='ocrx_word' id='word_1_193' title='bbox 659 2148 695 2183; x_wconf 75' lang='grc' dir='ltr'><strong>ἂν</strong></span> <span class='ocrx_word' id='word_1_194' title='bbox 709 2150 805 2196; x_wconf 62' lang='grc' dir='ltr'><strong><em>θάνῃ.</em></strong></span> 
     </span>
     <span class='ocr_line' id='line_1_33' title="bbox 127 2194 806 2246; baseline 0.004 -15"><span class='ocrx_word' id='word_1_195' title='bbox 127 2194 183 2231; x_wconf 89' lang='lat' dir='ltr'><strong>Cs.</strong></span> <span class='ocrx_word' id='word_1_196' title='bbox 209 2197 384 2234; x_wconf 86' lang='lat' dir='ltr'><strong>Androm.</strong></span> <span class='ocrx_word' id='word_1_197' title='bbox 411 2212 500 2235; x_wconf 80' lang='lat' dir='ltr'><strong>vers.</strong></span> <span class='ocrx_word' id='word_1_198' title='bbox 525 2212 617 2242; x_wconf 72' lang='lat'><strong>¹0⁰3</strong></span> <span class='ocrx_word' id='word_1_199' title='bbox 647 2200 806 2246; x_wconf 83' lang='lat' dir='ltr'><strong>Iphigen.</strong></span> 
     </span>
     <span class='ocr_line' id='line_1_34' title="bbox 124 2250 806 2291; baseline 0.004 -6"><span class='ocrx_word' id='word_1_200' title='bbox 124 2250 243 2286; x_wconf 80' lang='lat' dir='ltr'><strong>Aulid.</strong></span> <span class='ocrx_word' id='word_1_201' title='bbox 270 2265 358 2291; x_wconf 73' lang='lat' dir='ltr'><strong>vers.</strong></span> <span class='ocrx_word' id='word_1_202' title='bbox 387 2254 457 2289; x_wconf 77' lang='lat'><strong>161.</strong></span> <span class='ocrx_word' id='word_1_203' title='bbox 483 2253 620 2289; x_wconf 86' lang='lat' dir='ltr'><strong>Laudat</strong></span> <span class='ocrx_word' id='word_1_204' title='bbox 642 2261 806 2289; x_wconf 89' lang='lat' dir='ltr'><strong>nostrum</strong></span> 
     </span>
     <span class='ocr_line' id='line_1_35' title="bbox 121 2302 807 2349; baseline 0.004 -11"><span class='ocrx_word' id='word_1_205' title='bbox 121 2302 240 2339; x_wconf 84' lang='lat' dir='ltr'><strong>locum</strong></span> <span class='ocrx_word' id='word_1_206' title='bbox 262 2303 418 2341; x_wconf 79' lang='lat' dir='ltr'><strong>Lactant.</strong></span> <span class='ocrx_word' id='word_1_207' title='bbox 442 2306 498 2341; x_wconf 85' lang='lat' dir='ltr'><strong>Ira</strong></span> <span class='ocrx_word' id='word_1_208' title='bbox 514 2306 606 2349; x_wconf 82' lang='lat' dir='ltr'><strong>Dei,</strong></span> <span class='ocrx_word' id='word_1_209' title='bbox 627 2318 697 2348; x_wconf 82' lang='lat' dir='ltr'><strong>xx,</strong></span> <span class='ocrx_word' id='word_1_210' title='bbox 717 2322 746 2341; x_wconf 87' lang='lat'><strong>2.</strong></span> <span class='ocrx_word' id='word_1_211' title='bbox 762 2325 807 2333; x_wconf 90' lang='lat'>—</span> 
     </span>
     <span class='ocr_line' id='line_1_36' title="bbox 123 2355 806 2405; baseline 0.006 -15"><span class='ocrx_word' id='word_1_212' title='bbox 123 2355 210 2391; x_wconf 78' lang='lat' dir='ltr'><strong>Post</strong></span> <span class='ocrx_word' id='word_1_213' title='bbox 229 2369 352 2391; x_wconf 82' lang='lat' dir='ltr'><strong>vocem</strong></span> <span class='ocrx_word' id='word_1_214' title='bbox 378 2359 511 2392; x_wconf 78' lang='lat' dir='ltr'><strong>bomini</strong></span> <span class='ocrx_word' id='word_1_215' title='bbox 528 2358 651 2393; x_wconf 85' lang='lat' dir='ltr'><strong>Codex</strong></span> <span class='ocrx_word' id='word_1_216' title='bbox 678 2359 806 2405; x_wconf 78' lang='lat' dir='ltr'><strong>Regius</strong></span> 
     </span>
     <span class='ocr_line' id='line_1_37' title="bbox 122 2408 807 2456; baseline 0.003 -12"><span class='ocrx_word' id='word_1_217' title='bbox 122 2408 154 2444; x_wconf 89' lang='lat' dir='ltr'><strong>B</strong></span> <span class='ocrx_word' id='word_1_218' title='bbox 170 2408 295 2444; x_wconf 78' lang='lat' dir='ltr'><strong>inserit</strong></span> <span class='ocrx_word' id='word_1_219' title='bbox 317 2415 380 2445; x_wconf 78' lang='lat' dir='ltr'><strong>est.</strong></span> <span class='ocrx_word' id='word_1_220' title='bbox 402 2428 448 2437; x_wconf 92' lang='lat'>—</span> <span class='ocrx_word' id='word_1_221' title='bbox 465 2410 592 2456; x_wconf 89' lang='lat' dir='ltr'><strong>Quum</strong></span> <span class='ocrx_word' id='word_1_222' title='bbox 612 2411 723 2455; x_wconf 86' lang='lat' dir='ltr'><strong>funus</strong></span> <span class='ocrx_word' id='word_1_223' title='bbox 740 2425 807 2446; x_wconf 82' lang='lat' dir='ltr'><strong>su-</strong></span> 
     </span>
     <span class='ocr_line' id='line_1_38' title="bbox 117 2463 807 2508; baseline 0.006 -13"><span class='ocrx_word' id='word_1_224' title='bbox 117 2473 267 2505; x_wconf 80' lang='lat' dir='ltr'><strong>premum</strong></span> <span class='ocrx_word' id='word_1_225' title='bbox 280 2473 371 2508; x_wconf 75' lang='lat' dir='ltr'><strong>saepe</strong></span> <span class='ocrx_word' id='word_1_226' title='bbox 389 2470 550 2498; x_wconf 85' lang='lat' dir='ltr'><strong>occurrat</strong></span> <span class='ocrx_word' id='word_1_227' title='bbox 564 2490 573 2508; x_wconf 91' lang='lat'>,</span> <span class='ocrx_word' id='word_1_228' title='bbox 593 2463 671 2498; x_wconf 84' lang='lat' dir='ltr'><strong>vide</strong></span> <span class='ocrx_word' id='word_1_229' title='bbox 689 2464 807 2499; x_wconf 88' lang='lat' dir='ltr'><strong>Hein-</strong></span> 
     </span>
     <span class='ocr_line' id='line_1_39' title="bbox 122 2513 808 2562; baseline 0.004 -14"><span class='ocrx_word' id='word_1_230' title='bbox 122 2513 215 2548; x_wconf 76' lang='lat' dir='ltr'><strong>sium</strong></span> <span class='ocrx_word' id='word_1_231' title='bbox 231 2527 242 2555; x_wconf 75' lang='grc' dir='ltr'>ς</span> <span class='ocrx_word' id='word_1_232' title='bbox 274 2527 567 2560; x_wconf 78' lang='lat' dir='ltr'><strong>supervacaneam</strong></span> <span class='ocrx_word' id='word_1_233' title='bbox 596 2523 683 2562; x_wconf 86' lang='lat' dir='ltr'><strong>puto</strong></span> <span class='ocrx_word' id='word_1_234' title='bbox 712 2517 808 2552; x_wconf 89' lang='lat' dir='ltr'><strong>Lin-</strong></span> 
     </span>
     <span class='ocr_line' id='line_1_40' title="bbox 121 2564 808 2612; baseline 0.007 -13"><span class='ocrx_word' id='word_1_235' title='bbox 121 2564 248 2600; x_wconf 85' lang='lat' dir='ltr'><strong>denbr.</strong></span> <span class='ocrx_word' id='word_1_236' title='bbox 277 2565 518 2612; x_wconf 80' lang='lat' dir='ltr'><strong>conjecturam</strong></span> <span class='ocrx_word' id='word_1_237' title='bbox 547 2581 700 2612; x_wconf 80' lang='lat' dir='ltr'><strong>suprema</strong></span> <span class='ocrx_word' id='word_1_238' title='bbox 726 2583 808 2604; x_wconf 86' lang='lat' dir='ltr'><strong>mu·-</strong></span> 
     </span>
     <span class='ocr_line' id='line_1_41' title="bbox 123 2622 807 2664; baseline 0.007 -12"><span class='ocrx_word' id='word_1_239' title='bbox 123 2630 224 2658; x_wconf 81' lang='lat' dir='ltr'><strong>nem,</strong></span> <span class='ocrx_word' id='word_1_240' title='bbox 259 2631 461 2664; x_wconf 87' lang='lat' dir='ltr'><strong>quanquam</strong></span> <span class='ocrx_word' id='word_1_241' title='bbox 478 2633 556 2655; x_wconf 81' lang='lat' dir='ltr'><strong>eam</strong></span> <span class='ocrx_word' id='word_1_242' title='bbox 577 2628 613 2656; x_wconf 88' lang='lat' dir='ltr'><strong>et</strong></span> <span class='ocrx_word' id='word_1_243' title='bbox 629 2622 807 2658; x_wconf 77' lang='lat' dir='ltr'><strong>Brouckh.</strong></span> 
     </span>
     <span class='ocr_line' id='line_1_42' title="bbox 124 2669 764 2719; baseline 0.006 -15"><span class='ocrx_word' id='word_1_244' title='bbox 124 2669 170 2704; x_wconf 80' lang='lat' dir='ltr'><strong>ad</strong></span> <span class='ocrx_word' id='word_1_245' title='bbox 187 2670 350 2716; x_wconf 83' lang='lat' dir='ltr'><strong>Propert.</strong></span> <span class='ocrx_word' id='word_1_246' title='bbox 368 2671 384 2706; x_wconf 93' lang='lat' dir='ltr'>I</span> <span class='ocrx_word' id='word_1_247' title='bbox 399 2698 408 2716; x_wconf 85' lang='lat'><strong><em>,</em></strong></span> <span class='ocrx_word' id='word_1_248' title='bbox 427 2683 506 2707; x_wconf 80' lang='lat' dir='ltr'><strong>xvn</strong></span> <span class='ocrx_word' id='word_1_249' title='bbox 519 2699 529 2717; x_wconf 92' lang='lat'>,</span> <span class='ocrx_word' id='word_1_250' title='bbox 549 2673 590 2707; x_wconf 80' lang='lat'><strong>23</strong></span> <span class='ocrx_word' id='word_1_251' title='bbox 602 2699 612 2717; x_wconf 88' lang='lat'>,</span> <span class='ocrx_word' id='word_1_252' title='bbox 630 2675 764 2719; x_wconf 85' lang='lat' dir='ltr'><strong>probat.</strong></span> 
     </span>
     <span class='ocr_line' id='line_1_43' title="bbox 172 2723 808 2773; baseline 0.008 -15"><span class='ocrx_word' id='word_1_253' title='bbox 172 2723 245 2758; x_wconf 81' lang='lat'><strong>138.</strong></span> <span class='ocrx_word' id='word_1_254' title='bbox 270 2726 397 2759; x_wconf 85' lang='lat' dir='ltr'><strong>Prima.</strong></span> <span class='ocrx_word' id='word_1_255' title='bbox 418 2726 545 2761; x_wconf 79' lang='lat' dir='ltr'><strong>Postea</strong></span> <span class='ocrx_word' id='word_1_256' title='bbox 562 2726 678 2773; x_wconf 84' lang='lat' dir='ltr'><strong>plures</strong></span> <span class='ocrx_word' id='word_1_257' title='bbox 695 2740 808 2763; x_wconf 88' lang='lat' dir='ltr'><strong>acces-</strong></span> 
     </span>
     <span class='ocr_line' id='line_1_44' title="bbox 126 2774 811 2823; baseline 0.009 -14"><span class='ocrx_word' id='word_1_258' title='bbox 126 2786 222 2821; x_wconf 83' lang='lat' dir='ltr'><strong>sere,</strong></span> <span class='ocrx_word' id='word_1_259' title='bbox 246 2774 330 2812; x_wconf 87' lang='lat' dir='ltr'><strong>hinc</strong></span> <span class='ocrx_word' id='word_1_260' title='bbox 353 2778 422 2822; x_wconf 88' lang='lat' dir='ltr'><strong>lv,</strong></span> <span class='ocrx_word' id='word_1_261' title='bbox 449 2779 512 2814; x_wconf 69' lang='lat'><strong>563</strong></span> <span class='ocrx_word' id='word_1_262' title='bbox 526 2804 536 2823; x_wconf 87' lang='lat'>,</span> <span class='ocrx_word' id='word_1_263' title='bbox 569 2779 697 2815; x_wconf 87' lang='lat' dir='ltr'><strong>dicitur</strong></span> <span class='ocrx_word' id='word_1_264' title='bbox 717 2782 811 2815; x_wconf 73' lang='lat' dir='ltr'><strong>luctu</strong></span> 
     </span>
    </p>
   </div>
   <div class='ocr_carea' id='block_1_5' title="bbox 867 1095 1561 2826">
    <p class='ocr_par' dir='ltr' id='par_1_12' title="bbox 867 1095 1556 1822">
     <span class='ocr_line' id='line_1_45' title="bbox 867 1095 1546 1141; baseline -0.004 -10"><span class='ocrx_word' id='word_1_265' title='bbox 867 1099 1013 1141; x_wconf 59' lang='lat' dir='ltr'><strong>sertisque</strong></span> <span class='ocrx_word' id='word_1_266' title='bbox 1027 1098 1187 1131; x_wconf 83' lang='lat' dir='ltr'><strong>malorum</strong></span> <span class='ocrx_word' id='word_1_267' title='bbox 1201 1099 1324 1131; x_wconf 74' lang='lat' dir='ltr'><strong>victus.</strong></span> <span class='ocrx_word' id='word_1_268' title='bbox 1340 1114 1385 1121; x_wconf 91' lang='lat'><em>-</em></span> <span class='ocrx_word' id='word_1_269' title='bbox 1402 1095 1528 1129; x_wconf 83' lang='lat' dir='ltr'><strong>Aliena</strong></span> <span class='ocrx_word' id='word_1_270' title='bbox 1537 1122 1546 1133; x_wconf 79' lang='grc'>,</span> 
     </span>
     <span class='ocr_line' id='line_1_46' title="bbox 869 1147 1550 1192; baseline -0.003 -10"><span class='ocrx_word' id='word_1_271' title='bbox 869 1161 947 1192; x_wconf 85' lang='lat' dir='ltr'><strong>quae</strong></span> <span class='ocrx_word' id='word_1_272' title='bbox 963 1148 1154 1183; x_wconf 80' lang='lat' dir='ltr'><strong>abhorrent</strong></span> <span class='ocrx_word' id='word_1_273' title='bbox 1179 1161 1198 1182; x_wconf 88' lang='lat' dir='ltr'><strong>a</strong></span> <span class='ocrx_word' id='word_1_274' title='bbox 1223 1148 1338 1182; x_wconf 87' lang='lat' dir='ltr'><strong>sorma</strong></span> <span class='ocrx_word' id='word_1_275' title='bbox 1365 1147 1520 1181; x_wconf 88' lang='lat' dir='ltr'><strong>humana</strong></span> <span class='ocrx_word' id='word_1_276' title='bbox 1541 1160 1550 1187; x_wconf 85' lang='lat'>;</span> 
     </span>
     <span class='ocr_line' id='line_1_47' title="bbox 870 1198 1553 1246; baseline -0.003 -12"><span class='ocrx_word' id='word_1_277' title='bbox 870 1199 1043 1234; x_wconf 79' lang='lat' dir='ltr'><strong>Heroidd.</strong></span> <span class='ocrx_word' id='word_1_278' title='bbox 1062 1200 1165 1243; x_wconf 89' lang='lat' dir='ltr'>XIV,</span> <span class='ocrx_word' id='word_1_279' title='bbox 1178 1212 1222 1246; x_wconf 82' lang='lat'><strong>90</strong></span> <span class='ocrx_word' id='word_1_280' title='bbox 1233 1225 1242 1243; x_wconf 90' lang='lat'>,</span> <span class='ocrx_word' id='word_1_281' title='bbox 1255 1212 1329 1234; x_wconf 90' lang='lat' dir='ltr'><strong>non</strong></span> <span class='ocrx_word' id='word_1_282' title='bbox 1346 1199 1464 1235; x_wconf 79' lang='lat' dir='ltr'><strong>minus</strong></span> <span class='ocrx_word' id='word_1_283' title='bbox 1479 1198 1553 1233; x_wconf 89' lang='lat' dir='ltr'><strong>ele-</strong></span> 
     </span>
     <span class='ocr_line' id='line_1_48' title="bbox 870 1250 1553 1298; baseline -0.006 -11"><span class='ocrx_word' id='word_1_284' title='bbox 870 1259 1016 1298; x_wconf 86' lang='lat' dir='ltr'><strong>ganter,</strong></span> <span class='ocrx_word' id='word_1_285' title='bbox 1046 1265 1113 1287; x_wconf 81' lang='lat' dir='ltr'><strong>non</strong></span> <span class='ocrx_word' id='word_1_286' title='bbox 1134 1264 1198 1286; x_wconf 85' lang='lat' dir='ltr'><strong>sua</strong></span> <span class='ocrx_word' id='word_1_287' title='bbox 1222 1265 1363 1292; x_wconf 78' lang='lat' dir='ltr'><strong>cornua,</strong></span> <span class='ocrx_word' id='word_1_288' title='bbox 1393 1258 1432 1285; x_wconf 87' lang='lat' dir='ltr'><strong>ut</strong></span> <span class='ocrx_word' id='word_1_289' title='bbox 1461 1250 1553 1284; x_wconf 76' lang='lat' dir='ltr'><strong>infra</strong></span> 
     </span>
     <span class='ocr_line' id='line_1_49' title="bbox 870 1305 1553 1349; baseline -0.004 -10"><span class='ocrx_word' id='word_1_290' title='bbox 870 1318 958 1340; x_wconf 87' lang='lat' dir='ltr'><strong>vers.</strong></span> <span class='ocrx_word' id='word_1_291' title='bbox 977 1305 1040 1339; x_wconf 84' lang='lat'><strong>203</strong></span> <span class='ocrx_word' id='word_1_292' title='bbox 1056 1332 1065 1349; x_wconf 92' lang='lat'>,</span> <span class='ocrx_word' id='word_1_293' title='bbox 1090 1319 1150 1340; x_wconf 88' lang='lat' dir='ltr'><strong>ora</strong></span> <span class='ocrx_word' id='word_1_294' title='bbox 1173 1318 1240 1340; x_wconf 86' lang='lat' dir='ltr'><strong>non</strong></span> <span class='ocrx_word' id='word_1_295' title='bbox 1254 1318 1328 1339; x_wconf 86' lang='lat' dir='ltr'><strong>sua.</strong></span> <span class='ocrx_word' id='word_1_296' title='bbox 1346 1321 1390 1331; x_wconf 86' lang='lat'><strong>-·</strong></span> <span class='ocrx_word' id='word_1_297' title='bbox 1413 1305 1553 1338; x_wconf 81' lang='lat' dir='ltr'><strong>Salialoe</strong></span> 
     </span>
     <span class='ocr_line' id='line_1_50' title="bbox 871 1357 1552 1405; baseline -0.006 -11"><span class='ocrx_word' id='word_1_298' title='bbox 871 1373 912 1394; x_wconf 85' lang='lat' dir='ltr'><strong>ex</strong></span> <span class='ocrx_word' id='word_1_299' title='bbox 927 1359 1156 1405; x_wconf 87' lang='lat' dir='ltr'><strong>Neapolitano</strong></span> <span class='ocrx_word' id='word_1_300' title='bbox 1172 1359 1301 1405; x_wconf 76' lang='lat' dir='ltr'><strong>prima,</strong></span> <span class='ocrx_word' id='word_1_301' title='bbox 1314 1357 1474 1392; x_wconf 86' lang='lat' dir='ltr'><strong>Vatican.</strong></span> <span class='ocrx_word' id='word_1_302' title='bbox 1486 1369 1552 1391; x_wconf 88' lang='lat' dir='ltr'><strong>sec.</strong></span> 
     </span>
     <span class='ocr_line' id='line_1_51' title="bbox 871 1409 1554 1457; baseline -0.004 -11"><span class='ocrx_word' id='word_1_303' title='bbox 871 1411 1019 1447; x_wconf 88' lang='lat' dir='ltr'><strong>Palatin.</strong></span> <span class='ocrx_word' id='word_1_304' title='bbox 1041 1425 1109 1447; x_wconf 79' lang='lat' dir='ltr'><strong>sec.</strong></span> <span class='ocrx_word' id='word_1_305' title='bbox 1131 1411 1296 1447; x_wconf 87' lang='lat' dir='ltr'><strong>Mediceo</strong></span> <span class='ocrx_word' id='word_1_306' title='bbox 1312 1410 1430 1457; x_wconf 88' lang='lat' dir='ltr'><strong>priore</strong></span> <span class='ocrx_word' id='word_1_307' title='bbox 1445 1435 1455 1452; x_wconf 92' lang='lat'>,</span> <span class='ocrx_word' id='word_1_308' title='bbox 1483 1409 1554 1444; x_wconf 87' lang='lat' dir='ltr'><strong>Er-</strong></span> 
     </span>
     <span class='ocr_line' id='line_1_52' title="bbox 869 1462 1554 1505; baseline -0.004 -7"><span class='ocrx_word' id='word_1_309' title='bbox 869 1464 952 1499; x_wconf 87' lang='lat' dir='ltr'><strong>surt.</strong></span> <span class='ocrx_word' id='word_1_310' title='bbox 974 1470 1011 1498; x_wconf 88' lang='lat' dir='ltr'><strong>et</strong></span> <span class='ocrx_word' id='word_1_311' title='bbox 1032 1463 1143 1499; x_wconf 87' lang='lat' dir='ltr'><strong>tribus</strong></span> <span class='ocrx_word' id='word_1_312' title='bbox 1165 1463 1237 1501; x_wconf 82' lang='lat' dir='ltr'><strong>aliis</strong></span> <span class='ocrx_word' id='word_1_313' title='bbox 1253 1462 1350 1499; x_wconf 87' lang='lat' dir='ltr'><strong>dedit</strong></span> <span class='ocrx_word' id='word_1_314' title='bbox 1374 1462 1554 1505; x_wconf 83' lang='lat' dir='ltr'><strong>Heinsius.</strong></span> 
     </span>
     <span class='ocr_line' id='line_1_53' title="bbox 872 1515 1556 1559; baseline -0.004 -8"><span class='ocrx_word' id='word_1_315' title='bbox 872 1515 1002 1551; x_wconf 79' lang='lat' dir='ltr'><strong>Caeteri</strong></span> <span class='ocrx_word' id='word_1_316' title='bbox 1021 1542 1031 1559; x_wconf 89' lang='lat'>,</span> <span class='ocrx_word' id='word_1_317' title='bbox 1062 1519 1192 1551; x_wconf 77' lang='lat' dir='ltr'><strong>satiati.</strong></span> <span class='ocrx_word' id='word_1_318' title='bbox 1215 1534 1263 1542; x_wconf 93' lang='lat'>—</span> <span class='ocrx_word' id='word_1_319' title='bbox 1298 1515 1356 1550; x_wconf 85' lang='lat' dir='ltr'><strong>Sic</strong></span> <span class='ocrx_word' id='word_1_320' title='bbox 1381 1522 1417 1550; x_wconf 89' lang='lat' dir='ltr'><strong>et</strong></span> <span class='ocrx_word' id='word_1_321' title='bbox 1443 1515 1556 1549; x_wconf 84' lang='lat' dir='ltr'><strong>nostri</strong></span> 
     </span>
     <span class='ocr_line' id='line_1_54' title="bbox 871 1567 1554 1615; baseline -0.004 -11"><span class='ocrx_word' id='word_1_322' title='bbox 871 1569 983 1615; x_wconf 83' lang='lat' dir='ltr'><strong>Regii.</strong></span> <span class='ocrx_word' id='word_1_323' title='bbox 995 1587 1040 1595; x_wconf 91' lang='lat'><em>-</em></span> <span class='ocrx_word' id='word_1_324' title='bbox 1050 1570 1191 1604; x_wconf 80' lang='lat' dir='ltr'><strong>Saliatoe</strong></span> <span class='ocrx_word' id='word_1_325' title='bbox 1207 1571 1371 1613; x_wconf 74' lang='lat' dir='ltr'><strong>sanguine</strong></span> <span class='ocrx_word' id='word_1_326' title='bbox 1383 1595 1391 1608; x_wconf 90' lang='lat'>,</span> <span class='ocrx_word' id='word_1_327' title='bbox 1417 1567 1554 1613; x_wconf 86' lang='lat' dir='ltr'><strong>gravius</strong></span> 
     </span>
     <span class='ocr_line' id='line_1_55' title="bbox 870 1620 1551 1667; baseline -0.003 -11"><span class='ocrx_word' id='word_1_328' title='bbox 870 1635 977 1667; x_wconf 86' lang='lat' dir='ltr'><strong>quam</strong></span> <span class='ocrx_word' id='word_1_329' title='bbox 995 1648 1005 1666; x_wconf 89' lang='lat'><strong><em>,</em></strong></span> <span class='ocrx_word' id='word_1_330' title='bbox 1033 1634 1111 1667; x_wconf 84' lang='lat' dir='ltr'><strong>quae</strong></span> <span class='ocrx_word' id='word_1_331' title='bbox 1144 1621 1303 1657; x_wconf 86' lang='lat' dir='ltr'><strong>hausistis</strong></span> <span class='ocrx_word' id='word_1_332' title='bbox 1330 1620 1551 1666; x_wconf 84' lang='lat' dir='ltr'><strong>sanguinem.</strong></span> 
     </span>
     <span class='ocr_line' id='line_1_56' title="bbox 870 1672 1555 1720; baseline -0.006 -10"><span class='ocrx_word' id='word_1_333' title='bbox 870 1675 1099 1710; x_wconf 88' lang='lat' dir='ltr'><strong>Femininum</strong></span> <span class='ocrx_word' id='word_1_334' title='bbox 1116 1688 1206 1720; x_wconf 84' lang='lat' dir='ltr'><strong>saepe</strong></span> <span class='ocrx_word' id='word_1_335' title='bbox 1223 1675 1409 1720; x_wconf 79' lang='lat' dir='ltr'><strong>praefertur</strong></span> <span class='ocrx_word' id='word_1_336' title='bbox 1419 1686 1440 1707; x_wconf 87' lang='lat' dir='ltr'><strong>a</strong></span> <span class='ocrx_word' id='word_1_337' title='bbox 1451 1672 1555 1707; x_wconf 81' lang='lat' dir='ltr'><strong>Grae—</strong></span> 
     </span>
     <span class='ocr_line' id='line_1_57' title="bbox 869 1726 1554 1773; baseline -0.006 -9"><span class='ocrx_word' id='word_1_338' title='bbox 869 1729 916 1764; x_wconf 84' lang='lat' dir='ltr'><strong>cis</strong></span> <span class='ocrx_word' id='word_1_339' title='bbox 932 1736 968 1763; x_wconf 85' lang='lat' dir='ltr'><strong>et</strong></span> <span class='ocrx_word' id='word_1_340' title='bbox 985 1729 1156 1764; x_wconf 83' lang='lat' dir='ltr'><strong>Romanis</strong></span> <span class='ocrx_word' id='word_1_341' title='bbox 1179 1741 1292 1773; x_wconf 91' lang='lat' dir='ltr'><strong>quum</strong></span> <span class='ocrx_word' id='word_1_342' title='bbox 1313 1727 1357 1762; x_wconf 90' lang='lat' dir='ltr'><strong>de</strong></span> <span class='ocrx_word' id='word_1_343' title='bbox 1383 1726 1554 1762; x_wconf 90' lang='lat' dir='ltr'><strong>animan-</strong></span> 
     </span>
     <span class='ocr_line' id='line_1_58' title="bbox 869 1779 1510 1822; baseline -0.006 -6"><span class='ocrx_word' id='word_1_344' title='bbox 869 1781 961 1816; x_wconf 78' lang='lat' dir='ltr'><strong>tibus</strong></span> <span class='ocrx_word' id='word_1_345' title='bbox 979 1794 1096 1817; x_wconf 84' lang='lat' dir='ltr'><strong>sermo</strong></span> <span class='ocrx_word' id='word_1_346' title='bbox 1114 1788 1184 1822; x_wconf 89' lang='lat' dir='ltr'><strong>est;</strong></span> <span class='ocrx_word' id='word_1_347' title='bbox 1210 1780 1289 1815; x_wconf 84' lang='lat' dir='ltr'><strong>vide</strong></span> <span class='ocrx_word' id='word_1_348' title='bbox 1308 1779 1510 1815; x_wconf 88' lang='lat' dir='ltr'><strong>Heinsium.</strong></span> 
     </span>
    </p>

    <p class='ocr_par' dir='ltr' id='par_1_13' title="bbox 870 1831 1561 2498">
     <span class='ocr_line' id='line_1_59' title="bbox 917 1831 1554 1878; baseline -0.005 -11"><span class='ocrx_word' id='word_1_349' title='bbox 917 1836 989 1877; x_wconf 76' lang='lat'><strong>141.</strong></span> <span class='ocrx_word' id='word_1_350' title='bbox 1003 1835 1055 1868; x_wconf 85' lang='lat' dir='ltr'><strong>At</strong></span> <span class='ocrx_word' id='word_1_351' title='bbox 1069 1836 1149 1868; x_wconf 79' lang='lat' dir='ltr'><strong>benc</strong></span> <span class='ocrx_word' id='word_1_352' title='bbox 1166 1836 1348 1878; x_wconf 82' lang='lat' dir='ltr'><strong>siqua-ras.</strong></span> <span class='ocrx_word' id='word_1_353' title='bbox 1368 1831 1416 1866; x_wconf 83' lang='lat' dir='ltr'><strong>At</strong></span> <span class='ocrx_word' id='word_1_354' title='bbox 1432 1831 1458 1866; x_wconf 85' lang='lat' dir='ltr'><strong>si</strong></span> <span class='ocrx_word' id='word_1_355' title='bbox 1475 1843 1554 1865; x_wconf 88' lang='lat' dir='ltr'><strong>rem</strong></span> 
     </span>
     <span class='ocr_line' id='line_1_60' title="bbox 870 1884 1556 1931; baseline -0.006 -9"><span class='ocrx_word' id='word_1_356' title='bbox 870 1894 1028 1922; x_wconf 80' lang='lat' dir='ltr'><strong>accurate</strong></span> <span class='ocrx_word' id='word_1_357' title='bbox 1047 1913 1057 1931; x_wconf 87' lang='lat'>,</span> <span class='ocrx_word' id='word_1_358' title='bbox 1082 1894 1118 1921; x_wconf 92' lang='lat' dir='ltr'><strong>et</strong></span> <span class='ocrx_word' id='word_1_359' title='bbox 1134 1886 1211 1920; x_wconf 90' lang='lat' dir='ltr'><strong>sine</strong></span> <span class='ocrx_word' id='word_1_360' title='bbox 1230 1884 1461 1931; x_wconf 70' lang='lat' dir='ltr'><strong>praejudicatis</strong></span> <span class='ocrx_word' id='word_1_361' title='bbox 1477 1884 1556 1929; x_wconf 84' lang='lat' dir='ltr'><strong>opi-</strong></span> 
     </span>
     <span class='ocr_line' id='line_1_61' title="bbox 870 1938 1551 1977; baseline -0.004 -4"><span class='ocrx_word' id='word_1_362' title='bbox 870 1939 1034 1973; x_wconf 86' lang='lat' dir='ltr'><strong>nionibus</strong></span> <span class='ocrx_word' id='word_1_363' title='bbox 1045 1938 1245 1973; x_wconf 87' lang='lat' dir='ltr'><strong>examinare</strong></span> <span class='ocrx_word' id='word_1_364' title='bbox 1255 1938 1347 1972; x_wconf 76' lang='lat' dir='ltr'><strong>velis.</strong></span> <span class='ocrx_word' id='word_1_365' title='bbox 1356 1955 1401 1963; x_wconf 85' lang='lat'><strong>-</strong></span> <span class='ocrx_word' id='word_1_366' title='bbox 1410 1938 1551 1977; x_wconf 81' lang='lat' dir='ltr'><strong>Crimen,</strong></span> 
     </span>
     <span class='ocr_line' id='line_1_62' title="bbox 870 1988 1554 2035; baseline -0.006 -10"><span class='ocrx_word' id='word_1_367' title='bbox 870 1989 1182 2035; x_wconf 83' lang='lat' dir='ltr'><strong>culpa.Fortunam</strong></span> <span class='ocrx_word' id='word_1_368' title='bbox 1194 1989 1343 2023; x_wconf 76' lang='lat' dir='ltr'><strong>habebat</strong></span> <span class='ocrx_word' id='word_1_369' title='bbox 1353 1988 1554 2034; x_wconf 85' lang='lat' dir='ltr'><strong>malignam.</strong></span> 
     </span>
     <span class='ocr_line' id='line_1_63' title="bbox 873 2041 1554 2076; baseline -0.001 0"><span class='ocrx_word' id='word_1_370' title='bbox 873 2041 1073 2076; x_wconf 89' lang='lat' dir='ltr'><strong>Commode</strong></span> <span class='ocrx_word' id='word_1_371' title='bbox 1092 2055 1111 2076; x_wconf 92' lang='lat' dir='ltr'><strong>a</strong></span> <span class='ocrx_word' id='word_1_372' title='bbox 1127 2042 1338 2076; x_wconf 87' lang='lat' dir='ltr'><strong>Burmanno</strong></span> <span class='ocrx_word' id='word_1_373' title='bbox 1355 2042 1477 2076; x_wconf 78' lang='lat' dir='ltr'><strong>allatus</strong></span> <span class='ocrx_word' id='word_1_374' title='bbox 1502 2047 1554 2075; x_wconf 90' lang='lat' dir='ltr'><strong>est</strong></span> 
     </span>
     <span class='ocr_line' id='line_1_64' title="bbox 870 2093 1554 2139; baseline -0.001 -10"><span class='ocrx_word' id='word_1_375' title='bbox 870 2093 966 2129; x_wconf 87' lang='lat' dir='ltr'><strong>locus</strong></span> <span class='ocrx_word' id='word_1_376' title='bbox 986 2094 1221 2139; x_wconf 87' lang='lat' dir='ltr'><strong>Quinctiliani</strong></span> <span class='ocrx_word' id='word_1_377' title='bbox 1236 2121 1245 2139; x_wconf 91' lang='lat'>,</span> <span class='ocrx_word' id='word_1_378' title='bbox 1277 2094 1335 2128; x_wconf 90' lang='lat' dir='ltr'><strong>lib.</strong></span> <span class='ocrx_word' id='word_1_379' title='bbox 1359 2094 1436 2138; x_wconf 90' lang='lat' dir='ltr'><strong>VI,</strong></span> <span class='ocrx_word' id='word_1_380' title='bbox 1467 2095 1554 2129; x_wconf 88' lang='lat' dir='ltr'><strong>Inst.</strong></span> 
     </span>
     <span class='ocr_line' id='line_1_65' title="bbox 872 2145 1561 2192; baseline -0.001 -11"><span class='ocrx_word' id='word_1_381' title='bbox 872 2145 937 2182; x_wconf 82' lang='lat' dir='ltr'><strong>Or.</strong></span> <span class='ocrx_word' id='word_1_382' title='bbox 950 2146 1135 2192; x_wconf 84' lang='lat' dir='ltr'><strong>prooemio:</strong></span> <span class='ocrx_word' id='word_1_383' title='bbox 1144 2148 1283 2181; x_wconf 82' lang='lat' dir='ltr'><strong>Frustra</strong></span> <span class='ocrx_word' id='word_1_384' title='bbox 1290 2148 1382 2181; x_wconf 86' lang='lat' dir='ltr'><strong>mala</strong></span> <span class='ocrx_word' id='word_1_385' title='bbox 1390 2149 1504 2181; x_wconf 82' lang='lat' dir='ltr'><strong>omnia</strong></span> <span class='ocrx_word' id='word_1_386' title='bbox 1510 2147 1561 2180; x_wconf 83' lang='lat' dir='ltr'><strong>ad</strong></span> 
     </span>
     <span class='ocr_line' id='line_1_66' title="bbox 871 2198 1560 2244; baseline -0.003 -10"><span class='ocrx_word' id='word_1_387' title='bbox 871 2201 1024 2234; x_wconf 74' lang='lat' dir='ltr'><strong>Fortuna·</strong></span> <span class='ocrx_word' id='word_1_388' title='bbox 1051 2202 1176 2234; x_wconf 84' lang='lat' dir='ltr'><strong>crimen</strong></span> <span class='ocrx_word' id='word_1_389' title='bbox 1197 2202 1391 2244; x_wconf 70' lang='lat' dir='ltr'><strong>relegamus.</strong></span> <span class='ocrx_word' id='word_1_390' title='bbox 1418 2198 1560 2234; x_wconf 81' lang='lat' dir='ltr'><strong>Phaedr.</strong></span> 
     </span>
     <span class='ocr_line' id='line_1_67' title="bbox 871 2251 1554 2297; baseline -0.003 -11"><span class='ocrx_word' id='word_1_391' title='bbox 871 2251 908 2287; x_wconf 89' lang='lat'><strong>11</strong></span> <span class='ocrx_word' id='word_1_392' title='bbox 921 2277 931 2295; x_wconf 88' lang='lat'>,</span> <span class='ocrx_word' id='word_1_393' title='bbox 961 2251 1094 2297; x_wconf 81' lang='lat' dir='ltr'><strong>Epilog.</strong></span> <span class='ocrx_word' id='word_1_394' title='bbox 1122 2262 1185 2286; x_wconf 78' lang='lat' dir='ltr'><strong>X1x</strong></span> <span class='ocrx_word' id='word_1_395' title='bbox 1203 2264 1212 2286; x_wconf 75' lang='grc' dir='ltr'>ι</span> <span class='ocrx_word' id='word_1_396' title='bbox 1227 2254 1346 2286; x_wconf 82' lang='lat' dir='ltr'><strong>Donec</strong></span> <span class='ocrx_word' id='word_1_397' title='bbox 1373 2253 1554 2286; x_wconf 83' lang='lat' dir='ltr'><strong>Fortunam</strong></span> 
     </span>
     <span class='ocr_line' id='line_1_68' title="bbox 871 2305 1556 2348; baseline -0.003 -10"><span class='ocrx_word' id='word_1_398' title='bbox 871 2307 1022 2338; x_wconf 80' lang='lat' dir='ltr'><strong>criminis</strong></span> <span class='ocrx_word' id='word_1_399' title='bbox 1037 2305 1168 2348; x_wconf 79' lang='lat' dir='ltr'><strong>pudeat</strong></span> <span class='ocrx_word' id='word_1_400' title='bbox 1181 2307 1246 2339; x_wconf 82' lang='lat' dir='ltr'><strong>sui.</strong></span> <span class='ocrx_word' id='word_1_401' title='bbox 1270 2322 1315 2330; x_wconf 94' lang='lat'>—</span> <span class='ocrx_word' id='word_1_402' title='bbox 1334 2305 1440 2338; x_wconf 86' lang='lat' dir='ltr'><strong>Error</strong></span> <span class='ocrx_word' id='word_1_403' title='bbox 1451 2329 1460 2347; x_wconf 89' lang='lat'>,</span> <span class='ocrx_word' id='word_1_404' title='bbox 1485 2315 1556 2347; x_wconf 89' lang='lat' dir='ltr'><strong>quo</strong></span> 
     </span>
     <span class='ocr_line' id='line_1_69' title="bbox 871 2355 1553 2392; baseline 0 -1"><span class='ocrx_word' id='word_1_405' title='bbox 871 2355 1042 2392; x_wconf 79' lang='lat' dir='ltr'><strong>deductus</strong></span> <span class='ocrx_word' id='word_1_406' title='bbox 1056 2365 1133 2392; x_wconf 81' lang='lat' dir='ltr'><strong>erat</strong></span> <span class='ocrx_word' id='word_1_407' title='bbox 1149 2356 1193 2391; x_wconf 86' lang='lat' dir='ltr'><strong>ad</strong></span> <span class='ocrx_word' id='word_1_408' title='bbox 1214 2357 1340 2392; x_wconf 86' lang='lat' dir='ltr'><strong>Dianae</strong></span> <span class='ocrx_word' id='word_1_409' title='bbox 1365 2358 1553 2391; x_wconf 81' lang='lat' dir='ltr'><strong>lavacrum.</strong></span> 
     </span>
     <span class='ocr_line' id='line_1_70' title="bbox 872 2408 1558 2453; baseline -0.003 -9"><span class='ocrx_word' id='word_1_410' title='bbox 872 2410 943 2444; x_wconf 87' lang='lat' dir='ltr'><strong>Alii</strong></span> <span class='ocrx_word' id='word_1_411' title='bbox 953 2417 1073 2445; x_wconf 81' lang='lat' dir='ltr'><strong>tamen</strong></span> <span class='ocrx_word' id='word_1_412' title='bbox 1084 2422 1162 2444; x_wconf 89' lang='lat' dir='ltr'><strong>rem</strong></span> <span class='ocrx_word' id='word_1_413' title='bbox 1173 2409 1220 2444; x_wconf 88' lang='lat' dir='ltr'><strong>sic</strong></span> <span class='ocrx_word' id='word_1_414' title='bbox 1231 2416 1390 2452; x_wconf 85' lang='lat' dir='ltr'><strong>narrant,</strong></span> <span class='ocrx_word' id='word_1_415' title='bbox 1403 2415 1443 2442; x_wconf 89' lang='lat' dir='ltr'><strong>ut</strong></span> <span class='ocrx_word' id='word_1_416' title='bbox 1457 2408 1558 2453; x_wconf 82' lang='lat' dir='ltr'><strong>culpa</strong></span> 
     </span>
     <span class='ocr_line' id='line_1_71' title="bbox 872 2462 1440 2498; baseline -0.004 -1"><span class='ocrx_word' id='word_1_417' title='bbox 872 2475 945 2497; x_wconf 92' lang='lat' dir='ltr'><strong>non</strong></span> <span class='ocrx_word' id='word_1_418' title='bbox 961 2462 1133 2498; x_wconf 84' lang='lat' dir='ltr'><strong>vacaverit</strong></span> <span class='ocrx_word' id='word_1_419' title='bbox 1150 2462 1263 2496; x_wconf 87' lang='lat' dir='ltr'><strong>bonus</strong></span> <span class='ocrx_word' id='word_1_420' title='bbox 1283 2462 1440 2496; x_wconf 81' lang='lat' dir='ltr'><strong>Actaeon.</strong></span> 
     </span>
    </p>

    <p class='ocr_par' dir='ltr' id='par_1_14' title="bbox 873 2515 1561 2826">
     <span class='ocr_line' id='line_1_72' title="bbox 920 2515 1559 2560; baseline 0 -10"><span class='ocrx_word' id='word_1_421' title='bbox 920 2517 991 2559; x_wconf 81' lang='lat'><strong>143.</strong></span> <span class='ocrx_word' id='word_1_422' title='bbox 1008 2517 1110 2551; x_wconf 87' lang='lat' dir='ltr'><strong>Mons</strong></span> <span class='ocrx_word' id='word_1_423' title='bbox 1124 2520 1205 2550; x_wconf 81' lang='lat' dir='ltr'><strong>erat.</strong></span> <span class='ocrx_word' id='word_1_424' title='bbox 1226 2515 1438 2560; x_wconf 87' lang='lat' dir='ltr'><strong>Intelligitur</strong></span> <span class='ocrx_word' id='word_1_425' title='bbox 1454 2528 1559 2550; x_wconf 80' lang='lat' dir='ltr'><strong>mons</strong></span> 
     </span>
     <span class='ocr_line' id='line_1_73' title="bbox 874 2568 1554 2615; baseline -0.003 -11"><span class='ocrx_word' id='word_1_426' title='bbox 874 2568 1066 2604; x_wconf 84' lang='lat' dir='ltr'><strong>Cithaeron.</strong></span> <span class='ocrx_word' id='word_1_427' title='bbox 1086 2569 1208 2613; x_wconf 88' lang='lat' dir='ltr'><strong>Eurip.</strong></span> <span class='ocrx_word' id='word_1_428' title='bbox 1225 2568 1350 2604; x_wconf 85' lang='lat' dir='ltr'><strong>Bacch.</strong></span> <span class='ocrx_word' id='word_1_429' title='bbox 1376 2581 1424 2603; x_wconf 76' lang='lat' dir='ltr'><strong>vs.</strong></span> <span class='ocrx_word' id='word_1_430' title='bbox 1448 2581 1554 2615; x_wconf 63' lang='lat'>¹29⁰?</span> 
     </span>
     <span class='ocr_line' id='line_1_74' title="bbox 873 2620 1560 2667; baseline -0.001 -11"><span class='ocrx_word' id='word_1_431' title='bbox 873 2621 1036 2667; x_wconf 84' lang='lat' dir='ltr'><strong>Apollod.</strong></span> <span class='ocrx_word' id='word_1_432' title='bbox 1065 2621 1099 2655; x_wconf 87' lang='lat' dir='ltr'><strong>d.</strong></span> <span class='ocrx_word' id='word_1_433' title='bbox 1116 2621 1138 2655; x_wconf 86' lang='lat' dir='ltr'><strong>l.</strong></span> <span class='ocrx_word' id='word_1_434' title='bbox 1156 2620 1247 2656; x_wconf 86' lang='lat' dir='ltr'><strong>Rod.</strong></span> <span class='ocrx_word' id='word_1_435' title='bbox 1268 2633 1276 2655; x_wconf 89' lang='lat'><strong>:</strong></span> <span class='ocrx_word' id='word_1_436' title='bbox 1294 2622 1386 2656; x_wconf 78' lang='lat' dir='ltr'><em>Roth</em></span> <span class='ocrx_word' id='word_1_437' title='bbox 1408 2634 1473 2655; x_wconf 74' lang='lat' dir='ltr'><strong>war</strong></span> <span class='ocrx_word' id='word_1_438' title='bbox 1493 2623 1560 2656; x_wconf 85' lang='lat' dir='ltr'><strong>das</strong></span> 
     </span>
     <span class='ocr_line' id='line_1_75' title="bbox 878 2675 1556 2720; baseline 0 -10"><span class='ocrx_word' id='word_1_439' title='bbox 878 2677 1030 2720; x_wconf 74' lang='lat' dir='ltr'><strong>Gebirge.</strong></span> <span class='ocrx_word' id='word_1_440' title='bbox 1060 2676 1177 2710; x_wconf 90' lang='lat' dir='ltr'><strong>Immo</strong></span> <span class='ocrx_word' id='word_1_441' title='bbox 1205 2680 1281 2710; x_wconf 82' lang='lat' dir='ltr'><strong>erat</strong></span> <span class='ocrx_word' id='word_1_442' title='bbox 1294 2675 1438 2710; x_wconf 87' lang='lat' dir='ltr'><strong>involvit</strong></span> <span class='ocrx_word' id='word_1_443' title='bbox 1457 2688 1556 2720; x_wconf 82' lang='lat' dir='ltr'><strong>prae-</strong></span> 
     </span>
     <span class='ocr_line' id='line_1_76' title="bbox 874 2728 1561 2773; baseline -0.003 -10"><span class='ocrx_word' id='word_1_444' title='bbox 874 2728 1028 2763; x_wconf 82' lang='lat' dir='ltr'><strong>dicatum</strong></span> <span class='ocrx_word' id='word_1_445' title='bbox 1046 2742 1053 2764; x_wconf 92' lang='lat'><strong>:</strong></span> <span class='ocrx_word' id='word_1_446' title='bbox 1068 2731 1120 2763; x_wconf 87' lang='lat' dir='ltr'><strong>Es</strong></span> <span class='ocrx_word' id='word_1_447' title='bbox 1133 2731 1201 2773; x_wconf 74' lang='lat' dir='ltr'><strong>gab</strong></span> <span class='ocrx_word' id='word_1_448' title='bbox 1215 2732 1270 2763; x_wconf 82' lang='lat' dir='ltr'><strong>ein</strong></span> <span class='ocrx_word' id='word_1_449' title='bbox 1288 2731 1447 2772; x_wconf 72' lang='lat' dir='ltr'><strong>Gebirge‚</strong></span> <span class='ocrx_word' id='word_1_450' title='bbox 1468 2730 1561 2762; x_wconf 83' lang='lat' dir='ltr'><strong>diess</strong></span> 
     </span>
     <span class='ocr_line' id='line_1_77' title="bbox 873 2781 1560 2826; baseline -0.003 -10"><span class='ocrx_word' id='word_1_451' title='bbox 873 2795 940 2816; x_wconf 74' lang='lat' dir='ltr'><strong>war</strong></span> <span class='ocrx_word' id='word_1_452' title='bbox 952 2783 1036 2816; x_wconf 74' lang='lat' dir='ltr'><strong>roth.</strong></span> <span class='ocrx_word' id='word_1_453' title='bbox 1048 2781 1107 2817; x_wconf 92' lang='lat' dir='ltr'><strong>Sic</strong></span> <span class='ocrx_word' id='word_1_454' title='bbox 1124 2795 1211 2818; x_wconf 86' lang='lat' dir='ltr'><strong>vers.</strong></span> <span class='ocrx_word' id='word_1_455' title='bbox 1231 2783 1291 2817; x_wconf 83' lang='lat'><strong>155</strong></span> <span class='ocrx_word' id='word_1_456' title='bbox 1303 2807 1313 2826; x_wconf 87' lang='lat'>,</span> <span class='ocrx_word' id='word_1_457' title='bbox 1338 2783 1450 2816; x_wconf 79' lang='lat' dir='ltr'><strong>Vallis</strong></span> <span class='ocrx_word' id='word_1_458' title='bbox 1465 2785 1539 2815; x_wconf 82' lang='lat' dir='ltr'><strong>cra!</strong></span> <span class='ocrx_word' id='word_1_459' title='bbox 1547 2792 1560 2824; x_wconf 82' lang='lat'><em>;</em></span> 
     </span>
    </p>
   </div>
  </div>
 </body>
</html>
