1832 3100
358 223 1097 272 METAMORPHOSEON
1137 226 1271 271 LIB.
1311 228 1380 271 11.

164 345 188 365 »
212 319 532 387 Auxiliumque
557 317 662 367 tulit
682 338 693 366 :
715 317 951 367 tendebam
975 317 1160 367 brachia
1183 318 1314 378 caelo;

1499 241 1515 271 1
1523 226 1580 288 93

1523 334 1590 371 580

162 421 187 443 ι»
213 397 401 448 Brachia
423 406 656 463 coeperunt
674 393 848 444 levibus
870 395 1116 459 nigrescere
1142 396 1316 462 pennis.

163 498 188 522 ι»
214 475 412 542 Rejicere
437 493 491 524 ex
513 473 712 523 humeris
734 485 900 522 vestem
924 471 1139 531 molibar;
1165 484 1211 521 at
1232 471 1309 521 illa

166 577 190 599 ι)
218 553 376 603 Pluma
398 564 517 610 erat;
546 552 681 619 inque
707 564 852 600 cutem
875 550 1045 599 radices
1069 549 1219 599 ederat
1239 550 1362 599 imas.

166 655 192 678 >³
220 623 438 696 Plangere
460 630 581 680 nuda
603 631 714 679 meis
740 630 933 679 conabar
954 640 1136 696 pectora
1155 627 1315 695 palmis
1335 649 1346 677 ε

166 733 190 754 >2
220 709 308 759 Sed
331 728 476 776 neque
498 708 586 774 jam
608 706 797 775 palmas,
822 727 903 756 nec
926 718 1107 774 pectora
1128 707 1249 757 nuda
1274 709 1493 771 gerebam.
1529 724 1597 761 585

169 811 194 832 »
222 787 491 844 Curreham3
513 806 618 844 nec,
643 798 694 835 ut
714 798 814 835 ante
828 823 840 844 ‚
867 786 1004 853 pedes
1027 785 1249 835 retinebat
1271 805 1431 836 arena:

171 890 195 910 κ
222 866 312 916 Sed
335 884 504 915 summa
530 862 723 913 tollebar
746 864 882 912 humo
903 884 912 912 :
932 883 1037 912 mox
1065 876 1160 913 acta
1181 883 1262 931 per
1287 884 1415 914 auras

171 969 197 991 2»
223 945 426 1002 Evehor‚
454 955 498 992 et
519 943 619 992 data
643 962 739 991 sum
764 961 910 990 comes
931 941 1158 1009 inculpata
1181 943 1407 993 Minervae.

172 1046 197 1067 »
225 1021 350 1088 Quid
376 1033 522 1070 tamen
546 1020 634 1068 hoc
658 1019 871 1086 prodest,
898 1020 936 1068 si
961 1020 1059 1068 diro
1081 1020 1196 1069 facta
1218 1020 1411 1071 volucris

176 1123 200 1144 »
225 1099 422 1150 Crimine
449 1097 731 1164 Nyctimene,
756 1108 913 1145 nostro
940 1098 1153 1146 successit
1175 1098 1375 1148 honori?

1541 1116 1607 1165 590

176 1201 200 1222 »
227 1180 300 1226 An
315 1214 328 1236 ‚
356 1195 454 1243 quae
479 1195 560 1243 per
585 1187 722 1223 totam
747 1193 816 1223 res
836 1187 904 1224 est
926 1175 1160 1224 notissima
1184 1177 1366 1225 Lesbon
1381 1215 1393 1236 ‚

179 1279 202 1300 »
228 1258 336 1305 Non
359 1254 511 1304 audita
535 1253 621 1301 tibi
645 1265 738 1311 est,
771 1253 966 1320 patrium
989 1265 1222 1303 temerasse
1247 1254 1395 1305 cubile

180 1357 203 1378 ,ι
229 1333 553 1402 Nyctimenen?
571 1332 662 1380 avis
687 1330 764 1380 illa
789 1331 968 1398 quidem
989 1351 999 1390 ;
1023 1331 1101 1379 sed
1119 1331 1294 1381 conscia
1318 1332 1483 1400 culpae,

182 1435 206 1457 n
235 1413 539 1479 Conspectum
561 1409 794 1477 lucemque
816 1409 959 1472 fugit,
987 1409 1269 1476 tenebrisque
1293 1411 1513 1477 pudorem

184 1513 208 1534 >v
235 1489 362 1540 Celat
382 1510 392 1538 :
411 1500 457 1539 et
477 1509 502 1538 a
523 1488 695 1538 cunctis
718 1487 956 1554 expellitur
974 1487 1134 1536 aethere
1160 1499 1270 1536 toto.
1295 1511 1318 1531 »

1544 1507 1611 1554 595

178 1567 305 1619 Talia
329 1567 516 1627 dicenti,
546 1589 569 1610 «
589 1566 724 1624 Tibi,
750 1565 836 1625 ait,
862 1566 1160 1626 rwocamina,
1185 1586 1366 1626 corvus,

223 1707 301 1742 580.
318 1707 507 1742 Tendebam
519 1706 662 1740 brachia
673 1707 765 1740 coelo.
775 1704 861 1740 Sin-

177 1759 261 1806 gula
275 1758 438 1794 membra
454 1758 493 1793 iu
511 1764 589 1793 actu
611 1757 766 1803 quodam
781 1769 865 1792 mu—

181 1818 303 1847 tantur
319 1824 329 1847 :
348 1813 432 1847 celo
447 1822 545 1856 aeque
561 1816 655 1845 recte
674 1822 713 1845 ac
729 1811 780 1844 ad
791 1823 865 1844 ιιι·-

181 1867 261 1900 lum.
278 1859 432 1900 Bra'chm
451 1862 577 1897 melius
592 1862 630 1897 in
646 1861 714 1897 alas
730 1869 866 1897 mutata

184 1918 350 1954 finxisset.
365 1916 502 1953 Eadem
513 1923 632 1950 autem
646 1916 751 1950 verba
766 1917 827 1962 477
841 1929 868 1950 s.

229 1971 304 2006 581.
322 1971 525 2014 Nt'grescete.
548 1967 719 2003 Nonnulli
736 1966 870 2002 habeut

184 2023 385 2062 horrescere,
407 2020 502 2067 quod
519 2019 620 2054 fluxit
635 2033 654 2054 e
670 2032 773 2054 versu
793 2020 869 2066 478.

185 2093 231 2102 -
245 2073 365 2110 Nostri
384 2073 507 2118 Regii,
522 2075 716 2116 nigrescere.

234 2126 309 2162 582.
324 2124 480 2170 BejIcere
493 2124 531 2158 in
544 2130 683 2168 tergum
695 2149 704 2167 ,
721 2123 871 2157 verbum

189 2180 228 2214 in
245 2177 310 2213 hac
326 2190 365 2212 re
385 2176 586 2222 proprium;
604 2174 683 2210 vide
700 2174 871 2209 Burman.

189 2250 234 2258 —-
244 2231 412 2269 Maliba,
434 2228 610 2275 parabam.

235 2284 310 2327 584.
322 2280 632 2326 Plangere.Vitiose
645 2279 735 2314 cod.
746 2279 874 2316 Noster

191 2336 223 2372 B
231 2361 243 2381 ,
253 2336 429 2380 plaudere.

237 2389 313 2424 586.
332 2390 477 2428 Currere.
489 2387 585 2434 quasi
598 2386 758 2433 praelusio
771 2399 875 2432 quae-

194 2442 277 2478 dam
291 2441 446 2486 volatus,
464 2441 570 2476 etiam
585 2441 638 2476 XI
652 2466 662 2484 ,
687 2440 762 2475 336.
779 2440 875 2475 Tum

194 2495 337 2531 initium
349 2493 456 2528 verbo
471 2497 564 2535 tolli,
583 2493 736 2538 denique
748 2506 877 2528 succes-

195 2561 252 2583 sus
278 2545 393 2582 verbis
417 2550 498 2580 acta
521 2548 640 2581 evehor
661 2545 877 2592 exprimitur.

197 2599 305 2648 Apud
318 2598 441 2645 Virgii.
453 2598 595 2634 AEneid.
606 2600 659 2635 XI
670 2626 678 2641 ‚
697 2598 776 2642 136,
789 2612 879 2634 cres·

199 2666 283 2689 cens
300 2651 388 2687 adeo
405 2651 507 2697 pinus
523 2654 637 2696 agitur
645 2653 826 2686 adsidera.

243 2706 320 2752 590.
346 2703 491 2738 Crimine
512 2704 718 2749 Nyctimene.
747 2703 882 2738 Rursus

204 2755 269 2792 alia
284 2755 504 2802 adspergitur
519 2755 634 2790 sabula
645 2781 655 2799 ‚
678 2754 740 2791 sed
758 2754 882 2790 brevi-

381 2823 486 2869 III.

923 1709 1005 1749 'ter‚
1029 1693 1304 1753 vers-'591-595.
1328 1707 1526 1753 Nyctimene
1548 1709 1615 1745 suit

929 1756 984 1791 vel
1003 1756 1160 1802 Epopei,
1178 1757 1270 1803 regis
1292 1757 1516 1803 Lesbiorum,
1538 1761 1613 1802 vel,

930 1808 1127 1844 secundum
1137 1809 1220 1859 alios
1228 1836 1238 1854 ,
1250 1810 1375 1857 Nyctei
1387 1810 1468 1845 filia.
1478 1812 1525 1846 Vi
1536 1826 1614 1847 eam

932 1874 1169 1908 compressam
1193 1875 1213 1896 a
1238 1870 1335 1908 patre
1351 1890 1359 1906 ‚
1385 1876 1457 1909 prae
1480 1865 1617 1910 pudore

934 1915 1053 1950 abiisse
1071 1915 1108 1949 in
1130 1915 1229 1950 silvas
1241 1941 1252 1958 ,
1278 1916 1394 1961 ibique
1413 1930 1431 1952 a
1454 1918 1619 1954 Minerva

934 1974 1107 2002 mutatam
1123 1980 1195 2002 esse
1204 1965 1441 2014 iffnoctuani,
1460 1984 1537 2016 quae
1552 1985 1622 2018 pu-

936 2018 1032 2053 doris
1053 2032 1154 2053 causa
1173 2019 1329 2054 interdiu
1353 2021 1479 2067 lateat,
1502 2025 1622 2060 scribit

938 2071 1072 2119 Hygia.
1090 2071 1158 2106 sab.
1176 2072 1241 2115 ²⁰4
1257 2078 1294 2107 et
1310 2073 1385 2107 253.
1403 2073 1518 2110 Aliter
1535 2076 1623 2112 Ser-

936 2124 1013 2158 vius
1025 2123 1066 2158 ad
1080 2125 1097 2159 l
1106 2122 1236 2170 Georg.
1250 2125 1316 2173 409
1328 2151 1338 2169 ,
1355 2126 1416 2171 qui
1429 2126 1513 2163 dicit
1528 2128 1620 2165 hanc

939 2189 1010 2212 esse
1029 2176 1148 2211 avibus
1165 2175 1400 2212 admirationi.

984 2231 1059 2277 59²·
1082 2231 1273 2273 Tememre,
1292 2231 1428 2267 incestu
1444 2235 1624 2270 contami-

939 2294 1024 2317 nare
1039 2308 1048 2326 ‚
1067 2282 1223 2328 polluere
1235 2308 1245 2326 ,
1264 2290 1304 2319 ut
1321 2284 1410 2319 libro
1429 2286 1500 2320 XV
1513 2313 1523 2331 ,
1549 2290 1626 2323 501.

942 2334 1105 2371 Omnino
1121 2343 1174 2372 est
1189 2338 1378 2373 temeraria
1393 2339 1536 2375 audacia
1558 2354 1628 2386 ag—

943 2386 1042 2433 gredi
1065 2395 1101 2423 et
1118 2388 1248 2424 violare
1266 2403 1321 2425 res
1343 2403 1454 2426 sacras
1471 2399 1506 2426 et
1521 2392 1630 2427 illici·-

943 2446 1017 2484 tas,
1049 2439 1166 2485 VIII,
1193 2442 1278 2488 742;
1313 2443 1405 2486 XV,
1435 2445 1488 2490 75.
1512 2443 1630 2479 Tibul.

944 2491 1001 2526 III
1013 2519 1021 2532 ‚
1041 2503 1065 2526 v
1075 2518 1086 2536 ,
1107 2507 1124 2539 7
1140 2505 1149 2527 :
1163 2496 1357 2528 temeranda
1370 2507 1472 2529 sacra
1485 2499 1633 2531 nullivi-

944 2557 1052 2579 rorum
1066 2571 1074 2585 ‚
1097 2549 1238 2579 conscia
1256 2548 1361 2590 culpa·
1377 2553 1463 2590 etc.;
1489 2548 1568 2583 vide
1586 2549 1631 2584 ad

945 2609 1035 2631 vers.
1050 2596 1125 2642 377.
1143 2597 1282 2632 Noctua
1294 2598 1375 2633 ideo
1390 2598 1506 2635 lucem
1521 2601 1629 2647 sugit,

947 2648 1041 2694 quod
1051 2649 1219 2695 pupulam
1228 2648 1411 2686 oculorum
1421 2652 1509 2687 adeo
1518 2654 1631 2689 laxam

949 2701 1038 2747 gerit
1049 2708 1086 2736 et
1097 2709 1255 2748 apertam
1267 2729 1278 2748 ‚
1290 2710 1330 2739 ut
1340 2703 1457 2740 lucem
1466 2704 1632 2743 diurnam

948 2754 1041 2789 serre
1058 2762 1223 2800 nequeat.

1396 2826 1445 2869 13
