1832 3100
345 256 1032 304 METAMoRPHosssoN
1068 257 1183 302 Lm.
1217 233 1319 303 11‘1.

1456 251 1546 301 233¹

125 352 427 421 Exemploque
449 354 547 421 pari
569 352 679 402 furit
700 352 847 401 omnis
869 351 1025 408 turha;
1051 370 1220 418 suoque

125 433 271 481 Marte
294 430 458 480 cadunt
476 430 614 479 subiti
637 449 718 498 per
737 441 893 479 mutua
914 429 1095 478 vulnera
1119 430 1287 478 fratres.

123 510 310 577 Jamque
332 509 480 559 brevis
499 509 691 577 spatium
715 509 814 558 vitae
838 508 996 557 sortita
1015 508 1222 574 juventus

127 589 423 653 Sanguineam
449 588 623 655 trepido
648 587 922 655 plangebant
943 599 1121 655 pectore
1144 597 1349 643 matrem,

1485 598 1546 634 125

125 665 336 733 Quinque
359 666 703 733 superstitibus;
733 684 924 733 quorum
947 665 1033 714 fuit
1053 684 1170 714 unus
1192 663 1381 720 Echion.

123 744 170 792 Is
192 762 271 792 sua
289 743 394 809 jecit
416 743 569 802 humi,
594 743 770 792 monitu
793 742 1042 792 Tritonidis
1056 780 1068 800 ‚
1094 761 1238 800 arma3

121 821 583 890 Fraternaequefidem
602 820 724 888 pacis
746 821 987 888 petiitque,
1012 820 1236 887 deditque.

123 901 221 950 Hos
243 900 390 968 operis
415 900 598 950 comites
620 899 780 949 habuit
803 899 1013 948 Sidonius
1035 899 1223 966 hospes;

121 1052 268 1093 repente
281 1052 441 1082 eoactum
456 1058 531 1081 non
542 1044 634 1080 male
648 1057 731 1080 cum
743 1057 804 1080 su-

122 1098 192 1133 bita
204 1098 415 1145 Spartorum
428 1098 562 1144 origine
575 1104 763 1143 comparat.

170 1152 244 1185 125.
279 1152 420 1195 Trepido
438 1152 656 1196 plangebant.
681 1147 805 1183 Codex

125 1208 245 1237 noster
258 1202 389 1249 Regius
404 1203 435 1238 Β
449 1228 459 1247 ,
477 1204 586 1247 tepido
602 1204 786 1246 tangebant
790 1212 803 1243 ‚·

127 1253 251 1289 Codex
271 1254 303 1289 A
315 1279 325 1298 ,
344 1257 454 1298 tepido
464 1256 680 1298 plangebant.
709 1253 804 1288 Nihil

126 1305 275 1341 dubium
292 1306 378 1352 quin
403 1306 506 1342 lectio
528 1308 711 1351 tangebant
723 1319 805 1340 ma-

125 1364 207 1393 trem
230 1361 342 1403 tepido
351 1363 488 1403 pectore
503 1358 710 1394 concinnior
727 1357 807 1392 vul-

126 1417 205 1456 gata
230 1410 412 1454 videatur3
441 1411 510 1446 levi
537 1418 655 1446 tamen
678 1417 804 1445 muta-

126 1463 223 1499 tione
238 1463 416 1509 pulchrior
429 1470 518 1499 esset
529 1490 539 1508 ,
552 1463 680 1499 scilicet
694 1465 804 1508 tepido

123 1517 305 1560 lingebant.
332 1514 400 1550 Ed.
420 1533 465 1542 —
490 1517 653 1560 Trepido,
686 1516 803 1561 trepi-

125 1565 241 1603 dante.
271 1567 436 1602 Membra
458 1568 688 1602 morientium
705 1594 715 1612 ,
743 1574 804 1603 aut

122 1617 237 1655 decisa
253 1633 274 1654 a
288 1631 436 1666 corpore
451 1646 462 1664 ,
486 1622 659 1665 palpitare
678 1627 715 1656 et
733 1626 803 1656 tre-

113 1673 237 1716 pidare
246 1670 423 1706 dicuntur.
437 1671 505 1717 IV,
522 1686 594 1720 129.
603 1673 702 1719 Virg.
717 1673 801 1708 AEn.

121 1723 155 1768 Ι,
166 1737 245 1769 au,
255 1729 429 1761 trement&
442 1728 598 1767 membra,
612 1726 671 1761 ubi
682 1727 802 1775 Heyn.

121 1783 228 1822 negat
237 1802 248 1821 ,
263 1789 407 1813 suavem
421 1777 491 1814 hoc
505 1777 661 1825 epitheto
675 1779 802 1827 imagi-

120 1842 207 1866 ne·
221 1832 340 1867 sensui
355 1832 471 1879 objici.

167 1883 243 1920 126.
267 1886 420 1931 Quinque
432 1912 442 1928 ‚
483 1885 607 1931 quibus
638 1886 802 1922 nonnulli

121 1942 255 1971 sextum
273 1936 428 1981 addunt,
456 1936 624 1973 Creonta.
654 1938 802 1973 Illorum

122 1987 270 2024 nomina
290 2001 311 2023 a
331 1988 540 2037 Lysimacho
560 1997 596 2025 et
618 1989 802 2025 Hellanico

123 2047 258 2076 servata
271 2041 375 2077 multi
396 2041 626 2088 repetierunt.
652 2042 802 2078 Pausan.

124 2094 293 2140 quoniam
308 2094 397 2130 nihil
412 2094 538 2131 melius
555 2095 682 2130 habeat
695 2121 705 2138 ,
732 2095 803 2130 ad-

122 2147 246 2182 sentiri
263 2161 300 2183 se
318 2147 366 2183 ait
379 2148 504 2184 sabulae
521 2148 564 2183 de
581 2161 707 2183 eorum
723 2149 802 2183 ori-

125 2199 217 2245 gine.
234 2198 320 2235 Sine
342 2198 451 2234 dubio
468 2201 584 2245 Sparti
595 2200 803 2235 dicebantur

122 2249 259 2296 antiqui
274 2250 364 2286 illius
379 2252 531 2298 regionis
547 2251 679 2287 incolae.
703 2253 803 2288 Inter

121 2301 207 2347 hoa,
237 2301 376 2338 Cadmo
406 2303 616 2339 adveniente
628 2331 636 2344 ‚
669 2304 801 2340 bellum

120 2354 219 2390 civile
231 2362 371 2400 ortum,
389 2355 427 2390 in
441 2367 511 2401 quo
528 2355 669 2401 plurimi
686 2356 803 2401 perie-

118 2415 226 2452 rium
244 2413 385 2457 quinque
404 2416 523 2445 autem
545 2423 564 2445 e
590 2410 801 2455 primoribus

119 2463 321 2509 superstites
344 2464 488 2500 suerunt
506 2490 516 2509 ,
542 2477 695 2510 quorum
726 2477 800 2499 no-

118 2515 217 2550 mina
231 2515 358 2551 tradita
372 2523 455 2551 sunt
467 2542 478 2560 ,
494 2516 575 2562 quia
590 2517 700 2552 serius
718 2517 802 2552 toti-

119 2565 203 2601 dem
219 2567 357 2603 familiae
373 2567 553 2604 Thebana:
576 2569 734 2604 illustres.
756 2587 801 2596 --

118 2621 277 2656 Echt’ona
294 2621 369 2657 Cad
376 2634 453 2657 mus
465 2648 474 2666 ,
499 2625 539 2662 ὡς
554 2625 718 2674 προέχσντοι
733 2622 799 2659 κατ’

120 2674 338 2725 ἄνδραγαθὼεν,
350 2689 520 2723 generum
532 2677 799 2712 adsumsitPau-

121 2738 193 2763 san.
205 2727 240 2762 d.
255 2727 276 2763 l.
291 2729 373 2763 Jam
389 2741 500 2774 quum
514 2729 674 2765 Thebani
691 2730 801 2775 Spar-

121 2778 241 2814 torum
256 2792 390 2817 nomen
404 2794 445 2816 ex
459 2781 669 2829 etymologia
682 2781 800 2817 inter-

869 1050 1093 1090 pretarentur
1104 1070 1114 1087 ‚
1130 1043 1220 1078 sorte
1233 1048 1270 1078 et
1280 1048 1474 1085 constaret,
1491 1041 1547 1075 in-

871 1104 1013 1143 gentem
1045 1096 1235 1131 draconem
1266 1108 1338 1130 esse
1364 1108 1383 1129 a
1410 1093 1548 1129 Cadmo

870 1150 1095 1186 intersectum
1113 1164 1122 1193 ;
1154 1149 1236 1185 inde
1270 1149 1462 1196 composita
1497 1154 1549 1183 est

871 1202 944 1238 haec
959 1203 1084 1237 sabula.

918 1257 1202 1301 127.Jec1'tburn1‘.
1217 1253 1337 1288 Codex
1351 1253 1482 1299 Regius
1494 1252 1524 1287 A
1537 1278 1547 1295 ,

869 1310 977 1343 humo.
991 1327 1036 1333 —
1051 1309 1184 1343 Monitu
1201 1309 1234 1340 T
1229 1308 1393 1341 ritom'dzzc.
1416 1304 1458 1341 Id
1475 1311 1527 1339 est
1538 1331 1548 1346 ‚

870 1361 1076 1407 sapientius,
1089 1360 1279 1397 consultius
1290 1359 1386 1394 duxit
1399 1358 1548 1404 abjicere

870 1427 976 1450 arma.
1001 1413 1170 1449 Similiter
1185 1414 1333 1448 Homer.
1352 1411 1391 1447 Il.
1413 1416 1461 1455 A,
1488 1413 1550 1459 ¹94

868 1480 942 1512 sqq.
960 1467 1133 1501 Minervae
1150 1465 1288 1500 monitu
1305 1463 1456 1499 Achilles
1476 1462 1549 1509 gla-

869 1518 967 1553 dium
981 1518 1139 1554 strictum
1154 1516 1314 1553 recondit
1326 1516 1363 1551 in
1375 1515 1548 1561 vaginam.

869 1571 977 1606 Unde
994 1570 1107 1606 Pallas
1139 1571 1282 1606 Tritonis
1306 1575 1366 1604 aut
1395 1570 1550 1603 Tritonia

869 1623 959 1665 dicta
988 1623 1032 1659 sit
1046 1650 1055 1667 ,
1095 1623 1301 1669 disputatur.
1335 1621 1481 1669 Heynio
1504 1619 1549 1654 ad

868 1675 992 1722 Virgil.
1018 1675 1160 1711 AEneid.
1188 1676 1225 1710 11
1236 1702 1246 1720 ‚
1280 1688 1341 1722 ¹70
1357 1701 1366 1719 ,
1397 1674 1547 1709 maxime

867 1730 1045 1776 probabile
1070 1729 1210 1765 videtur
1225 1756 1234 1774 ,
1257 1743 1276 1764 a
1300 1733 1424 1780 Τριτὼ,
1452 1727 1546 1774 quod

867 1781 1029 1817 AEolibus
1037 1787 1140 1827 caput
1147 1789 1198 1817 est
1210 1809 1220 1826 ‚
1238 1794 1317 1818 eam
1334 1781 1463 1816 dictam
1474 1792 1547 1815 esse

866 1837 1096 1884 Τριτογένειαν,
1122 1847 1141 1869 e
1164 1835 1278 1880 'capite
1296 1834 1394 1868 Jovis
1416 1839 1547 1867 natam.

915 1889 988 1923 128.
1015 1890 1140 1922 Fidem.
1161 1886 1338 1922 Gebhard.
1362 1884 1467 1931 Crep.
1486 1884 1522 1919 II
1535 1910 1552 1929 ι

871 1956 902 1987 7,
921 1942 1028 1977 ductu
1042 1942 1183 1977 Codicis
1199 1941 1370 1985 Palatini,
1386 1940 1471 1986 legit
1472 1941 1549 1986 fide

870 1993 1032 2039 (antique
1049 2006 1114 2040 pro
1117 1992 1230 2040 fidei)
1241 2005 1370 2037 pacem.
1385 1991 1491 2026 Male.
1504 2010 1548 2019 --

868 2044 961 2080 Nam
959 2047 1035 2090 fide
1044 2058 1107 2091 pro
1103 2047 1211 2091 fidem
1219 2045 1256 2079 in
1268 2043 1455 2079 Codicibus
1465 2055 1548 2078 cum

867 2096 995 2132 lineola
1023 2097 1238 2143 superposita
1267 2096 1414 2143 reperiri
1448 2095 1546 2131 sacile

868 2158 920 2186 est
933 2150 1000 2186 hoc
1007 2151 1116 2186 modo
1117 2153 1204 2197 fide'.
1223 2151 1297 2187 Nec
1312 2157 1363 2185 est
1373 2163 1475 2185 causa
1485 2162 1548 2184 cur

867 2216 908 2238 ex
922 2203 1052 2238 Codice
1064 2203 1224 2239 Palatino
1223 2203 1469 2249 fidee'legatur.
1480 2204 1546 2237 Ed.

866 2272 912 2281 —
926 2257 1041 2290 Fl'dem
1055 2259 1156 2300 pacis
1176 2262 1240 2291 etc.
1257 2255 1449 2290 Postulavit
1466 2280 1476 2298 ,
1509 2260 1549 2288 ut

867 2307 992 2353 reliqui
1022 2307 1092 2342 fide
1122 2307 1203 2343 data
1232 2307 1481 2353 promitterent
1510 2319 1546 2340 se

868 2360 1067 2406 quieturos,
1090 2360 1257 2406 idemque
1277 2368 1311 2396 et
1330 2361 1400 2405 ipse
1416 2359 1549 2406 promi-

866 2414 919 2449 sit.
935 2433 981 2441 —-
996 2416 1118 2459 Operis
1132 2418 1280 2449 comites.
1303 2412 1524 2460 Pherecydes
1537 2425 1546 2447 t

868 2466 930 2502 hos
947 2467 1102 2512 quinque
1120 2468 1247 2511 Κάδμος
1268 2474 1400 2502 ποιεῖται
1425 2470 1548 2504 πολίτας

866 2526 1041 2559 κατοικίσας
1053 2523 1158 2559 αὐτοὺς
1169 2522 1197 2554 ἓν
1207 2523 1332 2559 effug.
1348 2518 1436 2554 Inde
1447 2518 1547 2554 The-

865 2572 947 2606 bani
978 2571 1059 2607 dicti
1087 2574 1341 2616 draconta'genoe.
1373 2569 1428 2605 Cs.
1454 2570 1547 2605 insra

868 2625 931 2669 543
946 2637 1021 2669 sqq.
1038 2643 1083 2650 —
1093 2626 1234 2658 Jussam
1250 2625 1405 2659 Phaebee‘s
1420 2630 1484 2658 etc.
1503 2623 1545 2658 In

869 2675 1023 2710 oraculo
1033 2675 1175 2720 jubetur
1185 2679 1266 2722 ἕχθῳ
1276 2676 1304 2709 ἓν
1317 2675 1471 2725 ἀκροτάτῳ
1478 2679 1547 2710 κτί-

868 2736 931 2771 ζειν
951 2731 1034 2765 πόλιν
1054 2729 1240 2773 εὐρυάγυιαν.
1264 2728 1325 2764 Ille
1342 2740 1424 2762 vero
1447 2726 1545 2761 Cad-

866 2795 984 2818 meam
1000 2788 1139 2818 tantum
1160 2781 1336 2827 acropolin
1359 2778 1515 2817 condidit
1533 2805 1542 2823 ,
