1832 3100
274 241 331 297 34
650 267 654 272 -
806 251 819 271 ·
856 242 1097 289 SERIES
1140 291 1141 294 ,

269 336 393 401 Argo
413 333 702 383 custodienda
727 348 842 385 esset
868 337 1048 395 tradita,
1074 337 1193 404 hunc
1212 338 1446 388 Mercurius
1463 379 1474 396 ,
1513 354 1687 392 narrata

267 416 390 482 prius
414 416 629 483 Nymphae
651 417 835 487 Syringis
857 418 904 465 in
926 417 1162 466 arundinem
1188 421 1594 481 transformatione,
1616 442 1688 471 oc—

267 497 395 556 cidit,
411 498 591 564 ejusque
607 498 763 546 deinde
781 499 891 546 oculi
905 518 929 547 a
943 501 972 547 J
976 518 1121 548 unone
1139 500 1185 547 in
1192 520 1389 567 pavonem
1406 503 1553 552 collati
1569 516 1686 552 sunt.

267 581 382 629 Tum
406 581 485 638 Io,
506 582 682 648 pristina
699 581 896 630 mulieris
901 582 1047 648 jonna
1068 596 1268 650 recepta,
1291 586 1517 651 Epaphum
1534 587 1662 652 parit.

333 687 434 734 LIB.
462 688 520 734 ΙΙ.
544 686 635 749 Qui
657 706 792 753 quum
812 685 1050 753 aliquando
1068 688 1324 737 Phaethonti
1334 690 1589 756 Apollinem
1605 729 1617 749 ,
1637 704 1689 740 ut

269 767 428 816 falsum
451 780 643 834 patrem,
677 768 939 834 objecisset,
977 769 1050 818 ille
1082 790 1234 819 currus
1267 771 1423 820 solaris
1455 773 1688 839 imperium

269 849 323 896 ad
342 849 456 897 diem
475 869 612 898 unum
633 869 656 897 a
671 862 815 915 patre,
836 850 879 897 in
899 851 1063 916 pignus
1085 871 1194 900 verae
1212 853 1363 919 stirpis
1376 891 1387 911 ,
1415 854 1556 919 petiit.
1579 855 1685 919 Quo

266 930 529 996 impetrato,
556 943 671 979 terra
701 931 755 978 ab
794 951 846 979 eo
884 943 978 979 tota
1008 933 1282 991 accenditur,
1316 947 1360 982 et
1388 935 1504 983 inter
1537 948 1689 985 caetera

266 1013 491 1077 nigrescunt
522 1011 768 1078 AEtltiopes.
807 1013 1133 1063 Phaethontem
1168 1015 1324 1064 deinde
1364 1016 1547 1066 fulmine
1585 1037 1689 1084 per-

266 1112 442 1142 cussum
467 1093 571 1141 dum
594 1093 750 1156 lugent
767 1112 945 1150 sorores,
986 1101 1031 1143 et
1048 1115 1137 1143 una
1156 1109 1372 1159 cognatus
1397 1097 1578 1168 Cycnus,
1603 1099 1688 1148 illae

264 1177 311 1224 in
333 1177 516 1233 arbores,
540 1177 612 1225 hic
631 1177 678 1224 in
702 1196 864 1247 cycnum
884 1190 1093 1226 mutatur.
1116 1180 1236 1228 Hinc
1251 1181 1447 1246 Jupiter,
1471 1181 1659 1231 lustrato
1673 1219 1686 1240 ,

266 1270 317 1306 ut
340 1279 439 1307 eum
456 1259 647 1325 pristino
670 1259 813 1321 vigori
829 1260 1101 1319 restitueret,
1130 1273 1343 1310 terrarum
1369 1263 1498 1322 orbe,
1517 1263 1565 1311 in
1587 1263 1690 1312 Cal-

261 1341 445 1388 listonem
470 1340 657 1399 incidit,
694 1359 876 1407 eamque
891 1378 903 1399 ,
931 1354 1075 1391 sumta
1094 1343 1247 1391 Dianae
1269 1343 1429 1403 forma,
1454 1346 1683 1412 stupravit.

261 1423 336 1470 Ob
361 1422 406 1469 id
430 1423 540 1470 irata
560 1424 680 1470 Juno
712 1422 1001 1472 Callistonem
1029 1425 1076 1473 in
1109 1444 1242 1473 ursam
1276 1427 1520 1486 convertit,
1555 1442 1685 1494 quam

262 1517 421 1572 postea
450 1508 593 1555 Arcas
623 1505 742 1554 filius
774 1507 1064 1555 transfixurus
1085 1520 1198 1566 erat,
1222 1509 1309 1556 nisi
1328 1522 1567 1577 utrumque
1602 1513 1686 1559 Ju-

261 1588 378 1654 piter
392 1588 508 1635 inter
524 1587 658 1635 sidem
672 1587 910 1637 retulisset.
930 1589 1033 1652 Qua
1049 1589 1103 1638 de
1114 1609 1159 1637 re
1177 1610 1312 1656 quum
1325 1592 1443 1657 apud
1459 1593 1686 1641 Oceanum

257 1681 503 1736 conquesta
525 1681 640 1717 esset
656 1671 802 1727 Juno,
827 1670 874 1717 in
901 1669 1211 1719 caelum’relata
1239 1684 1307 1720 est
1333 1672 1534 1721 humeris
1554 1688 1691 1740 pavo--

258 1771 353 1799 num
372 1790 384 1807 ,
418 1751 495 1817 qui
519 1770 663 1817 nuper
683 1752 885 1817 vun'egati
901 1752 1099 1811 fu·erant;
1118 1754 1235 1802 sicut
1253 1766 1297 1802 et
1317 1773 1455 1804 corvus
1470 1774 1615 1822 nuper
1631 1774 1684 1804 ex

259 1834 355 1882 albo
376 1833 490 1899 nigrer
505 1844 599 1880 erat
612 1832 824 1891 redditus,
842 1853 978 1899 quum
1000 1834 1183 1883 Cornicis
1197 1836 1392 1894 monitis,
1404 1830 1502 1903 quae
1513 1837 1577 1885 illi
1590 1848 1684 1885 tum

259 1934 385 1963 suam
403 1915 451 1962 in
469 1914 708 1972 cornicem,
730 1926 824 1963 tum
851 1912 1106 1984 Nyctimenes
1125 1916 1172 1963 in
1194 1927 1378 1965 noctuam
1395 1918 1687 1968 mutationem

260 1996 523 2063 explicarat,
549 2016 643 2044 non
667 1996 1046 2062 obtemperasset,
1082 2015 1234 2045 verum
1269 1997 1485 2046 Coronidis
1513 1998 1684 2048 adulte—

260 2079 378 2126 rium
395 2078 451 2126 ad
465 2074 722 2144 Apollinem
743 2077 985 2127 detulisset.
1002 2077 1112 2143 Ejus
1125 2078 1281 2128 deinde
1295 2077 1680 2148 filiossffisculapio,

258 2180 280 2209 e
301 2159 524 2209 Coronide
541 2171 731 2216 exsecto,
750 2160 850 2207 etin
863 2160 1074 2209 Chironis
1093 2158 1267 2210 antrum
1283 2161 1445 2221 delato,
1458 2161 1680 2232 Otymltoe,
1728 2197 1732 2213 s

260 2242 471 2290 Chironis
491 2240 583 2289 filia
599 2241 779 2289 fatidica
793 2278 805 2298 ,
831 2240 936 2288 dum
953 2241 1102 2291 futura
1121 2243 1341 2309 praedicit,
1361 2238 1408 2291 in
1424 2236 1680 2310 equornw'rer-

257 2323 380 2371 titur.
401 2325 518 2371 Tum
537 2323 727 2381 Chiron,
749 2335 894 2390 pater,
914 2325 1130 2389 Apollinis
1147 2324 1358 2372 auxilium
1374 2325 1538 2373 frustra
1554 2324 1680 2372 invo—

258 2406 396 2464 cavit,
424 2405 546 2471 quod
569 2404 643 2453 ille
669 2405 757 2470 jam
779 2405 827 2452 in
849 2404 977 2453 Elide
1002 2418 1158 2472 pastor
1179 2407 1321 2454 factus
1349 2404 1469 2454 aliud
1504 2418 1652 2469 ageret
1667 2443 1679 2464 ,

252 2487 466 2549 neglectis
487 2487 619 2535 etiam
639 2487 807 2534 bubus.
840 2486 893 2534 Id
914 2488 1036 2552 quod
1061 2488 1284 2536 Mercurio
1308 2488 1490 2536 furandi·
1508 2507 1581 2536 eas
1601 2506 1681 2536 oc—

258 2569 480 2617 casionem
513 2568 658 2626 dedit,
697 2569 773 2634 qui
798 2568 955 2617 deinde
979 2570 1156 2616 Battum
1180 2569 1240 2638 ob
1264 2570 1432 2618 furtum
1453 2569 1681 2636 proditum

258 2650 307 2697 in
323 2649 494 2697 indicem
509 2649 702 2716 lapidem
720 2650 919 2698 mutavit.
945 2650 1054 2699 Inde
1074 2638 1252 2699 avolans
1269 2652 1445 2708 Hersen,
1470 2650 1684 2716 Cecropis

253 2731 388 2781 filiam
405 2769 417 2790 ,
440 2743 637 2798 spectat,
661 2750 798 2797 eaque
818 2732 1002 2797 potitur.
1031 2733 1115 2781 Cui
1138 2733 1243 2781 dum
1274 2734 1444 2781 invidet
1465 2732 1680 2798 Aglauros
