1832 3100
650 279 702 321 P.
745 276 982 322 OVIDII
1016 275 1310 319 NASONIS

277 371 462 420 Fumida
480 370 737 437 jamdudum
761 370 935 418 latitant
955 388 1034 436 per
1057 381 1169 419 tecta
1192 389 1389 429 sorores;

280 449 558 515 Diversaeque
584 447 694 496 locis
718 448 840 511 ignes
855 484 867 505 ,
892 466 939 495 ac
963 446 1130 495 lumina
1150 448 1320 496 vitant:

276 527 480 592 Dumque
496 536 659 591 petunt
682 525 894 580 latebras,
915 542 1074 590 parvos
1097 524 1349 574 membrana
1368 543 1448 592 per
1470 538 1589 575 artus

279 282 363 322 322

1621 384 1686 431 405

275 602 523 664 Porrigitur
538 638 550 659 ,
572 600 782 672 >tenuique
807 599 978 648 inducit
999 600 1178 649 brachia
1199 620 1368 667 penna:

272 678 364 728 Nec
377 717 388 739 ,
417 699 502 746 qua
523 678 796 745 perdiderint
816 689 1002 725 veterem
1023 678 1194 726 ratione
1213 677 1395 742 figuram
1410 716 1422 736 ,

274 759 394 807 Scire
419 757 572 805 sinunt
595 756 785 804 tenebrae
807 774 816 802 :
837 773 929 801 non
952 753 1049 802 illas
1071 753 1222 820 pluma
1243 753 1427 812 levavit;

1615 769 1680 813 410

276 835 531 883 Sustinuere
557 845 700 881 tamen
720 850 765 880 se
787 831 1116 898 perlucentibus
1139 831 1218 879 alis
1237 851 1247 888 3

275 913 539 978 Conataeque
562 909 708 975 loqui,
735 909 959 957 minimam
981 927 1063 974 pro
1087 926 1271 974 corpore
1294 927 1445 956 vocem

273 990 518 1046 Emittunt,
543 998 847 1054 peraguntque
871 986 955 1034 levi
980 985 1167 1035 stridore
1193 984 1416 1051 querelas;

271 1072 492 1136 Tectaque
508 1106 519 1126 ‚
541 1087 634 1116 non
653 1067 783 1116 silvas
796 1105 808 1126 ,
833 1066 1082 1124 celebrant3
1105 1066 1334 1132 lucemque
1353 1083 1520 1132 perosae

274 1153 415 1199 Nocte
437 1150 588 1198 volant
606 1169 616 1208 ;
641 1168 827 1215 seroque
852 1144 1036 1197 trahunt
1058 1166 1083 1195 a
1103 1166 1280 1213 vespere
1303 1165 1476 1205 nomen.

1616 1160 1681 1204 4¹5

335 1234 394 1281 II.
416 1234 533 1281 Tum
554 1251 657 1280 vero
683 1232 790 1279 totis
811 1230 976 1278 Bacchi
999 1228 1281 1278 memorabile
1300 1228 1468 1276 Thebis

311 1380 385 1421 405.
411 1380 478 1412 Per
498 1382 586 1411 tecta
601 1402 609 1417 ‚
635 1376 672 1409 in
697 1374 798 1409 variis
815 1373 943 1408 aedium

267 1429 430 1475 partibus.
451 1446 495 1454 —-
509 1429 713 1462 Jamdudum
726 1452 736 1470 ,
762 1426 943 1461 continuo.

267 1482 318 1516 XI
331 1507 341 1525 ,
360 1481 673 1524 482.—-Inducerc‚·
691 1478 737 1513 sic
750 1477 839 1523 apud
853 1478 942 1512 Hor.

267 1533 308 1567 A.
331 1533 372 1566 Ρ.
393 1546 411 1565 2
429 1557 438 1574 ,
455 1533 606 1564 inducere
623 1532 759 1574 plumas
781 1532 942 1563 membris.

268 1582 452 1628 Quoniam
466 1580 751 1626 vespertilionum
762 1581 875 1614 forma
891 1580 943 1613 ni-

262 1633 316 1669 hil
333 1633 450 1679 gratiae
466 1631 569 1666 habet
582 1657 591 1675 ,
610 1633 794 1676 propterea
810 1630 943 1664 Auctor

267 1699 346 1721 eam
367 1685 483 1732 paucis
500 1684 637 1729 attingit
652 1710 662 1728 ,
689 1690 724 1718 et
741 1684 836 1728 quasi
851 1683 942 1717 velat

265 1751 343 1774 rem
354 1766 363 1780 ‚
381 1740 453 1772 Nec
464 1764 472 1778 ,
491 1750 556 1782 qua
565 1739 770 1781 perdiderint
782 1742 845 1770 etc.

309 1791 348 1834 41
357 1803 383 1825 1.
398 1791 564 1823 Sustz'nere
575 1801 613 1822 se
623 1788 666 1822 de
686 1788 808 1823 avibus·
818 1788 940 1822 volan-

266 1843 356 1877 tibus
373 1842 481 1876 etiam
496 1840 589 1879 VIII
602 1866 612 1884 ,
634 1841 718 1883 148;
737 1840 792 1884 X,
813 1840 943 1884 34¹1.—

272 1897 411 1938 Querela
435 1893 583 1927 omnino
603 1892 647 1927 de
670 1905 754 1927 voce
778 1899 813 1926 et
837 1898 942 1926 cantu

267 1948 394 1982 avium.
414 1945 564 1980 Horatio
577 1971 587 1988 ,
611 1948 786 1990 queruntur
799 1947 834 1978 in
849 1946 943 1977 sumt:

266 2000 509 2040 aves.,—Lem·s,
523 1997 581 2043 qui
593 2009 666 2031 non
675 1996 828 2030 multum
839 2007 944 2029 exau-

267 2051 371 2085 ditur.
388 2050 447 2085 Sic
461 2052 576 2083 leviter
588 2050 706 2083 dicere.
724 2047 853 2082 BURM.

309 2102 476 2145 416—561.
495 2102 665 2135 Athamas
681 2103 716 2133 el
735 2101 807 2133 Ino.
825 2098 943 2132 Atha—

267 2166 340 2187 mas
352 2153 494 2197 ejusque
505 2146 592 2186 uxor
599 2153 666 2186 Ino
674 2150 698 2185 J
701 2150 826 2185 unonis
837 2162 942 2195 opera

266 2204 399 2239 insania
415 2202 652 2248 corripiuntur
670 2216 677 2236 :
697 2215 767 2247 quo
782 2203 872 2236 sacto
885 2201 940 2235 ille

267 2255 463 2290 Learchum
480 2254 627 2288 filiolum
654 2253 819 2287 interficit
833 2279 841 2296 ,
869 2253 942 2287 haec

267 2319 347 2342 cum
359 2306 558 2348 Melicerta,
573 2304 645 2338 filio
656 2304 763 2337 altero
775 2328 784 2346 ,
797 2303 834 2336 in
844 2315 940 2337 mare

265 2374 301 2396 se
319 2359 531 2406 praecipitat;
557 2357 618 2392 sed
634 2382 643 2399 ,
664 2356 804 2390 Venere
823 2356 941 2390 inter-

266 2411 413 2446 cedente
425 2436 437 2454 ,
455 2410 641 2454 Neptunus
659 2419 718 2442 eos
733 2407 769 2440 in
788 2407 941 2440 marinos

266 2464 363 2498 Deos
377 2469 508 2505 mutat,
534 2460 757 2496 Leucotheen
776 2467 811 2493 et
829 2460 940 2493 Palae-

268 2527 384 2550 mona.
401 2514 557 2549 Comites
569 2513 643 2557 ejus
656 2512 781 2557 partim
793 2510 830 2544 in
846 2523 938 2551 saxa,

268 2565 395 2610 partim
423 2565 461 2599 in
483 2577 561 2599 aves
588 2570 780 2598 transeunt.
810 2562 942 2596 Auctor

267 2617 333 2651 sab.
353 2615 591 2663 Pherecydes,
609 2605 809 2660 quanquam
833 2614 940 2647 Hom.

268 2667 341 2711 jam
350 2666 420 2701 Od.
430 2667 473 2710 E,
484 2667 548 2701 333
555 2679 628 2711 sqq.
636 2677 713 2700 eam
725 2664 941 2709 attigit-Tum

268 2718 300 2751 T
302 2718 406 2763 ragici
435 2717 595 2752 eamdem
623 2716 782 2751 certatim
810 2722 942 2749 tracta-

269 2777 351 2806 runt
365 2797 374 2814 ,
388 2770 569 2816 AEschylus
581 2770 616 2804 in
626 2769 764 2804 Semele
779 2794 788 2810 ,
804 2767 943 2811 Sopho-

1007 1373 1075 1408 cles
1092 1373 1129 1407 in
1147 1373 1213 1408 Ino
1229 1379 1264 1407 et
1280 1372 1317 1406 in
1336 1370 1475 1407 Atham.
1494 1370 1677 1418 Euripides

1006 1426 1043 1460 in
1061 1426 1128 1460 Ino
1139 1451 1149 1468 ,
1166 1425 1264 1470 cujus
1279 1425 1472 1470 fragmenta
1486 1431 1626 1459 restant.
1647 1424 1677 1459 E

1006 1476 1167 1524 mythicis
1195 1488 1274 1511 eam
1299 1476 1516 1521 repetierunt
1547 1475 1677 1522 Hygin.

1006 1528 1095 1563 sabb.
1119 1542 1155 1569 1,
1184 1542 1227 1571 2,
1246 1530 1286 1571 4;
1311 1527 1470 1573 Apollod.
1493 1528 1532 1571 I,
1553 1538 1613 1570 lx,
1635 1541 1676 1569 ας

1007 1579 1064 1615 111
1078 1604 1087 1622 ,
1106 1589 1166 1621 1v,
1184 1579 1214 1613 3.
1228 1579 1293 1613 His
1304 1578 1392 1613 adde
1408 1580 1556 1614 Pausan.
1573 1578 1677 1613 Attic.

1006 1642 1039 1674 p.
1060 1631 1142 1672 108,
1166 1630 1226 1674 qui
1253 1629 1465 1664 Athamanta
1490 1636 1610 1664 narrat
1626 1629 1679 1663 vel

1006 1682 1058 1715 ira
1071 1681 1253 1715 incensum
1267 1707 1276 1724 ,
1289 1681 1343 1715 vel
1352 1682 1470 1715 surore
1478 1686 1679 1725 correptum

1005 1734 1043 1768 in
1051 1733 1482 1768 suossaevisse.Memorant
1488 1744 1566 1766 eam
1574 1731 1679 1766 etiam

1006 1785 1204 1821 Scholiastae
1223 1785 1368 1820 Pindari
1389 1785 1535 1830 Argum.
1557 1784 1677 1819 Isthm.

1006 1838 1196 1884 Apollonii,
1208 1838 1276 1881 ΙΙΙ,
1293 1837 1394 1885 12393
1413 1835 1585 1884 Lycophr.
1602 1850 1676 1884 229.

1008 1889 1077 1925 Sed
1091 1890 1125 1923 in
1139 1888 1257 1923 multis
1266 1889 1341 1934 ejus
1353 1888 1506 1934 partibus
1522 1894 1679 1923 auctores

1007 1942 1152 1977 variant.
1181 1942 1310 1977 Noster
1336 1941 1373 1975 in
1403 1940 1470 1975 hoc
1496 1939 1678 1976 tractando

1007 1993 1131 2041 mytho
1141 1993 1323 2038 ingenium
1333 1998 1368 2027 et
1377 1992 1619 2026 inventionem
1627 2003 1678 2026 sa-

1007 2045 1050 2079 tis
1064 2044 1163 2079 nobis
1180 2043 1391 2089 approbavit.
1402 2042 1519 2078 Finxit
1526 2042 1550 2076 J
1553 2041 1678 2076 unonis
1693 2052 1695 2054 ·

1007 2095 1226 2140 soliloquium
1237 2121 1246 2139 ‚
1257 2096 1424 2139 420-431.
1433 2095 1529 2129 Tum
1540 2093 1678 2129 descen-

1006 2160 1085 2182 sum
1099 2145 1231 2192 ejus'ad
1244 2147 1373 2183 inferos
1381 2153 1416 2181 et
1425 2147 1516 2191 iussa
1528 2174 1537 2189 ,
1555 2146 1677 2191 quibus

1007 2199 1224 2244 Tisiphonen
1233 2198 1315 2233 inde
1324 2198 1458 2242 excitat,
1470 2204 1587 2232 narrat
1597 2197 1679 2242 432-

1006 2254 1079 2297 477.
1104 2251 1199 2286 Hinc
1213 2252 1370 2296 sequitur
1384 2251 1452 2285 iter
1467 2250 1581 2294 Furiae
1597 2261 1677 2284 cum

1006 2302 1184 2337 horrendo
1211 2303 1380 2337 comitatu
1401 2308 1436 2336 et
1456 2313 1594 2335 veneno
1607 2326 1616 2344 ‚
1643 2307 1678 2334 et

1007 2354 1152 2398 modus,
1182 2366 1252 2398 quo
1276 2354 1393 2387 surore
1419 2352 1541 2398 implet
1559 2351 1678 2386 Atha-

1007 2412 1125 2440 manta
1138 2412 1172 2439 et
1183 2404 1369 2448 conjugem
1381 2429 1391 2446 ,
1409 2404 1570 2447 478-510.
1581 2402 1681 2436 Tan-

1008 2458 1089 2492 dem
1114 2457 1227 2492 sabula
1248 2457 1319 2501 ipsa
1353 2463 1388 2490 et
1412 2455 1679 2490 transformatio.

1008 2509 1181 2544 Eamdem
1200 2509 1347 2552 Noster,
1364 2514 1399 2542 et
1413 2508 1503 2542 Fast.
1522 2506 1576 2541 vl
1588 2532 1597 2550 ,
1617 2507 1679 2550 485

1006 2574 1100 2606 sqq.;
1117 2559 1177 2594 sed
1195 2572 1236 2594 ex
1258 2566 1354 2604 parte
1372 2558 1470 2593 aliter
1491 2557 1619 2592 retulit.
1637 2574 1679 2581 -—

1007 2613 1239 2650 Memorabile,
1261 2610 1407 2644 celebre.
1429 2607 1677 2643 celebrabatur

1007 2663 1162 2697 Bacchus
1195 2660 1412 2696 sermonibus
1440 2658 1609 2693 omnium.
1636 2675 1680 2682 --

1008 2716 1103 2749 Novi.
1127 2713 1217 2748 Vide
1235 2713 1277 2747 ad
1295 2713 1351 2747 111
1363 2737 1373 2755 ,
1401 2713 1477 2746 520.⁴
1491 2728 1535 2736 --
1548 2710 1677 2743 Mater-

1007 2771 1096 2806 tera,
1116 2767 1181 2800 Ino
1194 2790 1204 2808 ,
1222 2764 1375 2799 Semeles
1387 2775 1486 2797 soror
1501 2768 1535 2796 et
1551 2760 1676 2805 conjux
