1832 3100
307 231 999 280 METAMORPHOSEON
1032 236 1161 279 LIB.
1196 236 1323 280 VII.

1440 233 1523 295 491

107 351 131 373 n
157 329 316 396 Tuque
338 328 500 395 triceps
512 327 684 376 Hecate
699 364 711 385 ‚
737 346 834 394 quae
859 328 1016 394 coeptis
1041 329 1216 378 conscia
1237 329 1431 386 nostris,

109 431 131 451 »
159 405 455 472 Adjutrixque
473 404 597 453 venis
611 442 624 462 ‚
650 417 895 471 cantusque
918 416 1124 470 artesque
1146 423 1372 468 magarum
1387 442 1399 463 ‚

1471 421 1533 466 195

109 508 132 528 »
159 485 358 550 Quaeque
382 501 556 546 magas,
579 481 757 541 Tellus,
779 481 1059 550 pollentibus
1081 482 1267 531 instruis
1289 482 1466 541 herbis,

107 588 132 610 »
159 566 380 632 Auraeque
395 601 407 623 ‚
431 577 475 613 et
498 564 641 623 venti,
664 576 928 631 montesque
942 602 955 623 ‚
979 583 1243 631 amnesque.
1265 563 1493 630 lacusque,

107 671 131 692 »
157 649 307 716 Dique
330 667 482 697 omnes
503 667 735 697 nemorum
752 686 763 705 ‚
787 649 936 716 Dique
962 667 1116 698 omnes
1139 648 1287 697 noctis
1312 648 1459 698 adeste
1478 668 1487 695 :

108 754 130 775 »
159 732 367 798 Quorum
393 725 504 799 ope,
526 751 665 799 quum
687 730 836 791 volui,
862 732 974 799 ripis
993 731 1261 781 mirantibus
1275 769 1288 790 ‚
1311 749 1478 780 amnesf

107 837 131 858 »
157 816 213 863 In
233 813 382 863 fontes
401 813 572 863 rediere
594 832 701 863 suos
713 813 728 874 '3
754 832 1058 882 concussaque
1080 814 1215 873 sisto,

1475 836 1539 860 200

105 920 132 941 ³»
160 897 332 947 Stantia
354 897 562 965 concutio
587 909 720 946 cantu
739 897 879 956 freta·‚
902 897 1058 946 nubila
1079 896 1199 964 pello
1215 934 1227 956 ,

106 1002 130 1024 »
157 979 412 1047 Nubilaque
433 979 623 1039 induco;
644 992 802 1029 ventos
826 980 1050 1048 abigoque
1066 1018 1077 1039 ,
1101 998 1303 1047 vocoque
1323 1000 1333 1038 ;

111 1085 135 1106 »
161 1062 375 1130 Vipereas
396 1081 561 1130 rumpo
580 1063 730 1112 verbis
756 1074 800 1112 et
823 1063 1014 1113 carmine
1034 1063 1181 1112 fauces
1202 1082 1213 1121 ;

111 1169 134 1189 »
162 1147 363 1214 Vivaque
387 1165 489 1196 saxa
503 1185 516 1206 ‚
540 1167 620 1197 sua
642 1147 941 1215 convulsaque
963 1148 1129 1198 robora
1155 1159 1268 1196 terra
1282 1186 1292 1205 ‚

113 1251 136 1271 »ι
162 1229 223 1277 Et
246 1228 377 1278 silvas
397 1248 554 1279 moveo
572 1250 583 1289 ;
602 1230 828 1297 jubeoque
854 1231 1102 1279 tremiscere
1126 1242 1332 1288 montes;

1477 1245 1542 1278 205

112 1333 136 1353 »
163 1312 224 1359 Et
244 1311 417 1376 mugire
440 1311 588 1361 solum
603 1350 615 1371 ‚
635 1332 874 1380 manesque
896 1313 1014 1361 exire
1037 1312 1253 1379 sepulcris
1271 1333 1282 1361 :

108 1456 229 1491 Diana
251 1454 300 1490 sic
314 1455 516 1501 junguntur
532 1467 551 1489 a
566 1454 716 1502 Virgilio
730 1482 740 1500 ‚
757 1463 794 1491 et

110 1508 273 1544 Horatio.
285 1526 330 1535 --
347 1508 483 1552 Tn’ceps
494 1535 503 1550 ,
522 1510 696 1558 τρικέφαλος
710 1535 719 1552 ,
736 1509 793 1544 cui

109 1568 213 1607 caput
226 1559 389 1595 dextrum
404 1561 595 1606 equinum,
609 1561 792 1596 sinistrum

109 1613 278 1650 caninum
288 1639 299 1659 ‚
319 1612 479 1649 medium
494 1613 694 1648 humanum
709 1640 718 1658 ,
737 1614 792 1649 vel

108 1665 290 1702 suillinnm
316 1678 326 1701 ι
350 1665 430 1701 vide
448 1665 583 1701 Floridi
599 1665 768 1701 subsiciva
779 1691 789 1710 ‚

107 1718 167 1754 lib.
180 1718 237 1755 ΠΙ
248 1744 260 1763 ,
272 1731 348 1764 cap.
359 1731 388 1752 2.
404 1719 472 1753 Ed.
481 1737 528 1747 --
539 1719 730 1764 cantusque
740 1732 794 1753 ar-

109 1774 246 1816 tesqae‚·
267 1769 351 1806 hinc
366 1770 576 1806 incantatrix
599 1769 691 1816 apud
714 1770 792 1806 So·-

98 1822 273 1869 ›phoelem
289 1849 300 1867 ,
332 1821 460 1858 'ru-ach.
488 1835 574 1871 ¹⁰⁰9
591 1836 600 1857 ε
621 1823 724 1861 ἀοιδὸς
741 1828 794 1858 καὶ

110 1877 319 1925 χειροτίχνης.
327 1893 372 1901 ·-
380 1876 600 1910 pollentibus.
619 1874 711 1909 Vide
723 1875 791 1919 lv,

111 1929 174 1973 49,
192 1932 228 1962 et
244 1932 319 1960 not.
334 1925 378 1960 ad
395 1925 412 1960 I
426 1951 436 1969 ‚
451 1928 526 1961 521.
545 1925 597 1960 Ut
619 1930 743 1960 cantus
758 1933 794 1961 et

112 1983 204 2014 aries
214 2006 223 2020 ‚
240 1978 289 2014 sic
300 1990 382 2012 mox
396 1982 542 2019 montes,
565 1978 646 2023 qui,
663 1985 704 2013 ut
718 1992 795 2013 am-

112 2037 204 2068 nium
224 2033 311 2079 ripae
323 2059 333 2076 ‚
358 2031 484 2067 herbas
495 2032 767 2078 suppeditabant
781 2059 792 2077 ‚

113 2085 266 2130 224-231
280 2111 292 2129 ‚
309 2085 458 2120 invocat.

161 2150 234 2186 ¹99·
243 2138 466 2179 meantibuu
479 2136 554 2172 sine
564 2150 666 2172 causa
678 2137 794 2173 Fran-

114 2191 188 2227 cius
208 2191 361 2226 malebat
385 2193 567 2226 arentibus.
590 2208 636 2217 —-
659 2191 797 2227 Eadem

116 2242 208 2290 apud
229 2242 420 2279 Horatium
434 2269 444 2286 ,
471 2243 536 2289 Ep.
554 2254 578 2276 v
591 2268 601 2286 ,
633 2244 674 2286 45
693 2255 766 2288 sqq.
786 2256 796 2284 ;

117 2294 261 2331 AEneid.
284 2295 360 2339 lv,
384 2296 460 2341 487.
484 2295 651 2340 Inprimis
669 2295 799 2330 Noster

117 2347 234 2384 Tibul.
246 2354 416 2394 sequutus
427 2354 479 2383 est
497 2349 618 2383 :Hanc
633 2347 798 2395 (sagam)

117 2413 178 2445 ego
203 2403 245 2435 do
268 2403 351 2436 calo
374 2402 547 2436 ducentem
575 2403 689 2436 sidera
716 2403 798 2436 vidi.

117 2456 283 2490 Mun-1211&
307 2456 378 2490 hnc
400 2457 517 2500 rapidi
531 2458 678 2490 carmine
702 2459 804 2491 verli!

118 2510 191 2541 lter.
199 2509 284 2543 Hoc
293 2510 566 2554 cantufinrlilqae
577 2512 685 2544 solam
693 2537 701 2551 ,
717 2511 802 2545 Ma-

118 2571 242 2605 nesque
255 2563 417 2605 sepulcn‘s
427 2561 552 2603 Elicit,
573 2567 608 2596 e!
617 2564 729 2607 teptilo
741 2565 802 2597 de-

120 2616 222 2646 vocat
248 2624 330 2646 ossa
353 2626 441 2657 rogo.
476 2614 584 2656 Quam
609 2616 710 2655 libel,
733 2616 804 2649 leaec

121 2666 216 2698 tristi
225 2665 364 2708 depellit
376 2666 494 2699 nubila
512 2668 594 2700 coelo
609 2672 675 2700 etc.
701 2664 804 2699 Con-

122 2715 186 2750 fer.
202 2716 409 2762 Propertius
425 2743 435 2760 ,
467 2717 533 2761 lv,
550 2729 573 2752 v
584 2744 594 2761 ‚
616 2732 627 2752 1
638 2731 651 2753 1
671 2731 745 2764 sqq.
761 2736 805 2747 ·--

125 2769 320 2812 concussa,
351 2778 529 2806 commota
543 2797 552 2814 ,
577 2778 616 2806 ut
634 2771 686 2806 Vl
699 2798 708 2815 ‚
728 2772 804 2819 691.

860 1455 1007 1492 Confer.
1023 1456 1174 1491 Heroid.
1186 1457 1239 1492 VI
1255 1483 1265 1500 ‚
1282 1457 1335 1491 83.
1355 1475 1396 1484 —
1408 1457 1543 1492 Slanlia

848 1507 969 1553 frela‚·
980 1508 1089 1542 maria
1102 1508 1232 1553 quieta,
1243 1519 1431 1553 nunquam
1443 1507 1541 1542 enim

828 1591 832 1595 .
858 1567 926 1595 stat
941 1572 1050 1594 mare.
1067 1561 1134 1594 Ed.

902 1612 978 1647 203.
991 1614 1134 1656 Rumpo,
1149 1611 1342 1658 disrumpo.
1356 1610 1479 1647 Amor.
1492 1611 1543 1655 Π,

858 1675 873 1698 1
883 1691 892 1708 ,
911 1666 953 1698 25
966 1690 976 1708 ,
998 1666 1153 1699 Carmine
1168 1666 1345 1699 dissiliunt
1359 1691 1367 1704 ,
1392 1667 1545 1708 abruptis

848 1717 1033 1762 faucibus,
1051 1729 1201 1762 anguem
1219 1716 1318 1763 Virg.
1337 1717 1411 1752 Ecl.
1429 1717 1542 1760 VIII,

860 1783 877 1816 7
885 1783 898 1804 ι
916 1795 925 1813 ,
941 1771 1098 1814 Frigidus
1107 1773 1143 1804 ln
1151 1773 1264 1814 pratis
1274 1770 1444 1804 cantando
1460 1782 1544 1803 mm—

852 1827 951 1867 pitur
962 1827 1086 1868 anguis
1093 1835 1106 1867 ,·
1116 1823 1176 1857 ubi
1187 1822 1256 1857 vid.
1269 1822 1440 1871 Heynius.
1451 1822 1544 1857 Ges—

858 1888 966 1911 nerus
985 1889 1134 1921 rumpere
1157 1875 1194 1910 in
1216 1875 1270 1910 his
1292 1875 1374 1910 locis
1393 1875 1543 1920 explica-

859 1928 931 1972 bat,
945 1942 963 1963 a
977 1927 1139 1963 nocendo
1151 1927 1314 1964 cohibere
1329 1941 1338 1969 3
1351 1927 1447 1972 quod
1458 1939 1542 1962 sane

859 1983 953 2029 magi
976 1983 1089 2018 facere
1105 1982 1220 2019 solent
1242 1982 1351 2018 etiam
1373 1982 1478 2018 hodie
1502 1982 1540 2016 in

860 2035 1017 2083 AEgypto
1032 2061 1041 2078 ,
1067 2041 1108 2069 ut
1125 2035 1273 2070 memini
1288 2048 1347 2070 me
1362 2035 1478 2081 legere
1503 2035 1542 2070 in

859 2088 985 2123 Nordii
998 2088 1194 2123 Itinerario.
1213 2088 1330 2134 Atque
1348 2087 1396 2122 ita
1412 2088 1518 2123 Silius
1533 2115 1541 2132 ,

861 2142 917 2177 III
932 2168 941 2186 ,
962 2142 1024 2176 301
1042 2154 1051 2177 ε
1066 2142 1131 2178 Ad
1134 2154 1269 2188 quorum
1280 2146 1402 2176 canlus
1409 2155 1543 2186 serpens

861 2197 968 2229 oblita
977 2197 1117 2235 veneni,
1133 2194 1198 2229 Ad
1203 2207 1338 2240 quorum
1349 2199 1474 2229 tactum
1486 2197 1545 2228 mi-

862 2247 1057 2292 !esjacuem
1074 2251 1222 2282 ceraste.
1241 2247 1316 2292 Qui
1338 2247 1372 2281 id
1393 2247 1544 2290 faciunt,

863 2311 922 2334 eos
935 2299 1049 2334 Graeci
1071 2300 1277 2350 ἂσπιδοέἦρας
1292 2306 1328 2335 et
1347 2301 1546 2345 ὄφιοδιώκτας

863 2351 1142 2398 appellabant.—
1150 2354 1291 2394 Verbis,·
1307 2352 1378 2386 duo
1389 2379 1398 2395 ,
1414 2354 1545 2386 herbis:

864 2404 925 2440 sed
935 2404 1014 2440 vide
1026 2405 1068 2439 ad
1080 2417 1221 2440 versum
1232 2405 1308 2440 330.
1321 2405 1423 2452 Regii
1436 2405 1546 2439 nostri

865 2456 998 2491 habent
1009 2459 1128 2491 verbis.

910 2511 986 2553 204.
1007 2512 1109 2550 Viva,
1122 2509 1181 2543 illo
1191 2509 1265 2560 ipso
1275 2509 1352 2544 loco
1361 2517 1464 2554 nata,
1482 2522 1548 2546 nec

868 2577 1026 2610 unquam
1041 2564 1117 2599 loco
1132 2571 1230 2598 mota
1248 2563 1409 2599 manibus
1424 2563 1550 2599 homi-

867 2629 968 2650 num.
995 2616 1053 2651 Sic
1070 2623 1105 2650 et
1127 2628 1192 2650 sua
1209 2621 1318 2658 terra,
1346 2616 1383 2650 in
1401 2629 1469 2662 qua
1488 2630 1550 2651 ro—

868 2672 950 2704 bora
961 2695 969 2710 ‚
996 2682 1145 2714 quercus
1158 2695 1168 2713 ,
1189 2676 1282 2704 nata.
1296 2688 1342 2696 —
1356 2670 1478 2704 Manes
1491 2683 1551 2704 ex—

868 2721 1022 2755 citabant
1036 2747 1046 2764 ,
1065 2728 1105 2756 ut
1120 2733 1287 2767 responsa
1303 2721 1439 2756 darent.
1464 2723 1551 2756 Ho-

870 2772 998 2817 ratius,
1018 2773 1054 2818 l,
1073 2772 1233 2809 Sat-vm
1245 2800 1255 2818 ‚
1274 2781 1309 2809 et
1328 2773 1441 2819 Epod.
1462 2783 1551 2807 xvn.
