1832 3100
304 231 1006 279 METAMORPHOSEON
1037 235 1172 278 LIB.
1205 235 1265 280 V.

1417 236 1508 298 379

80 348 103 371 «
128 327 318 394 Quaque
340 325 410 374 via
432 336 500 374 est
518 323 671 381 vobis,
698 323 782 372 erit
805 335 851 383 et
872 324 1006 383 mihi,
1033 325 1174 385 dixit,
1200 327 1373 388 eadem3
1394 351 1417 372 »
1440 354 1507 391 290

74 405 219 471 Seque
238 403 343 470 jacit
362 421 515 452 vecors
539 420 562 451 e
585 420 767 450 summae
789 400 981 450 culmine
1005 403 1168 461 turris;

73 484 135 532 Et
154 481 271 531 cadit
292 481 340 529 in
356 479 529 538 vultus,
556 479 836 546 discussique
860 479 1041 529 ossibus
1066 481 1158 529 oris
1396 537 1402 543 ι

70 559 243 609 Tundit
260 558 447 607 humum
464 557 659 606 moriens
682 556 896 607 scelerato
920 559 1137 622 sanguine
1163 559 1360 609 tinctam.
1481 584 1504 605 »

135 637 269 686 Musa
290 634 562 702 loquebatur
581 655 592 684 :
611 654 768 702 pennae
793 655 983 685 sonuere
1006 655 1088 704 per
1111 656 1268 697 auras;

69 715 259 781 Voxque
283 712 556 763 salutantum
577 714 712 763 ramis
731 714 936 763 veniebat
959 714 1014 764 ab
1040 714 1155 764 altis.

1445 729 1510 778 295

69 790 292 858 Suspicit;
313 803 359 840 et
378 791 542 856 linguae
567 792 726 859 quaerit
739 829 751 851 ‚
775 803 865 840 tam
884 803 1003 841 certa
1025 790 1261 859 loquentes
1280 830 1293 852 ‚

67 869 197 919 Unde
218 881 406 930 sonent3
427 870 746 937 hominemque
769 882 902 938 putat
921 872 1036 920 Jove
1059 882 1164 920 nata
1186 870 1456 939 loquutum:

63 947 171 998 Ales
193 960 314 1007 erat;
333 967 611 1017 numeroque
632 969 794 999 novem
808 987 820 1008 ‚
846 968 925 998 sua
952 948 1041 998 fata
1065 962 1302 1017 querentes
1318 988 1332 1011 ,

65 1026 327 1076 Institerant
349 1027 484 1077 ramis
507 1027 733 1078 imitantes
756 1028 908 1077 omnia
933 1028 1058 1095 picae.

67 1104 255 1154 Miranti
273 1105 336 1155 sic
362 1125 464 1156 orsa
483 1107 596 1169 Deae·
612 1107 708 1156 Dea
727 1127 738 1156 :
764 1129 787 1150 «
807 1108 965 1174 Nuper
990 1118 1036 1156 et
1055 1106 1152 1156 istae

66 1238 259 1283 penetralia
283 1245 531 1286 corruptorum
553 1246 590 1275 et
605 1246 751 1275 vetera-

67 1297 186 1325 torum
203 1292 316 1327 Musis
331 1293 382 1328 sas
396 1299 456 1328 aut
471 1292 588 1339 pudor
601 1293 749 1328 introire

66 1354 139 1377 non
157 1344 340 1389 permittit.
356 1347 424 1380 Ed.

109 1410 186 1445 ²9¹·
208 1399 347 1441 Vccors,
360 1398 491 1443 injecta
506 1398 539 1434 ei
551 1398 697 1433 insania.
707 1415 751 1425 -—·

69 1448 205 1492 Turris,
229 1450 335 1497 regia.

110 1515 187 1550 ²9²·
210 1504 394 1545 D115cussi,
422 1516 488 1550 pro
504 1506 689 1545 discussis,
708 1516 750 1538 ex

64 1555 200 1600 optimo
219 1555 430 1592 Florentino
450 1556 548 1592 dedit
568 1556 748 1592 Heinsius.

65 1609 185 1644 Nostri
211 1610 313 1656 Regii
341 1611 474 1646 habent
498 1613 677 1646 discussit.
704 1629 749 1636 —

67 1662 197 1696 Tundit
211 1664 345 1698 hamam
360 1670 425 1699 etc.
443 1663 584 1699 Fabulae
604 1676 748 1699 sensum

60 1713 331 1761 deprehendisse
344 1717 410 1752 sibi
429 1716 571 1752 videtur
590 1717 747 1752 Safftius.

61 1767 169 1803 Putat
179 1769 276 1803 enim
285 1795 295 1813 ‚
309 1769 442 1818 Pyren.
451 1770 549 1806 hunc
558 1770 663 1806 fuisse
674 1783 748 1805 ma-

59 1818 135 1854 lum
151 1828 293 1866 poetam
306 1848 316 1866 ‚
334 1821 416 1868 qui,
434 1822 571 1858 etiamsi
589 1823 650 1857 alis
664 1822 700 1857 h.
715 1836 746 1858 e.

59 1871 204 1919 ingenio
232 1875 371 1921 poetico
398 1875 586 1912 destitutus
610 1876 719 1911 suerit
736 1902 746 1920 ,

58 1931 180 1962 tamen
201 1927 319 1963 volare
337 1922 513 1972 voluerit,
540 1936 597 1972 et,
619 1941 747 1974 parum

59 1978 275 2024 procedente
289 1992 410 2026 opera,
423 1981 520 2026 quasi
529 1981 602 2015 vim
614 1981 748 2016 inferre

59 2030 192 2076 Musis,
212 2032 275 2067 sed
292 2033 352 2078 qui
363 2033 491 2068 frustra
502 2032 745 2078 desudaverit,

59 2085 120 2119 der
139 2086 215 2119 sich
241 2087 305 2120 dea
335 2086 436 2132 Kopf
445 2088 633 2132 vergebhkb
663 2100 747 2122 zer-

58 2139 202 2172 bruchen
216 2139 314 2173 habe.

102 2189 271 2236 294—678.
287 2191 459 2225 Certamen
475 2191 653 2225 Musarum
670 2204 746 2225 cam

57 2240 260 2275 szridibus.
276 2241 427 2277 Pausan.
453 2243 566 2278 Boeot.
590 2256 623 2288 p.
653 2243 715 2288 765
734 2269 744 2287 ,

59 2299 184 2328 auctor
191 2300 244 2329 est
256 2295 389 2329 Parum
399 2293 637 2330 Macedonem
645 2297 679 2330 T
674 2298 747 2330 hes—

52 2347 134 2389 pias
153 2346 288 2382 venisse
304 2373 314 2391 ,
340 2347 458 2393 ibique
474 2347 663 2383 instituisse
679 2376 688 2393 ‚
707 2356 746 2384 ut

58 2410 100 2432 ex
106 2397 287 2434 Thracum
297 2399 477 2446 disciplina
487 2413 618 2436 novem
630 2402 746 2438 Musae

58 2449 99 2485 iis
109 2451 313 2488 nominibus
325 2479 335 2497 ,
354 2454 479 2500 quibus
495 2454 610 2490 adhuc
625 2456 746 2501 appel-

57 2503 198 2548 lantur,
215 2505 427 2543 colerentur.
447 2508 500 2543 Ex
513 2509 663 2544 aliorum
680 2523 745 2545 au-

58 2562 134 2592 tem
143 2558 312 2603 opinione
321 2559 602 2605 ipsumhahuisse
613 2575 744 2599 novem

57 2607 157 2654 filias,
169 2623 254 2655 quas
267 2610 456 2646 Musarum
469 2614 674 2651 nominibus
690 2615 747 2651 in·-

56 2661 227 2708 siguierit.
265 2664 346 2699 Hoc
376 2678 499 2700 earum
524 2672 692 2703 certamen
725 2683 744 2704 e

58 2713 239 2751 Nicandro
256 2719 365 2753 resert
391 2719 499 2754 etiam
518 2720 651 2757 Anton.
667 2722 743 2758 Lib.

58 2765 124 2802 lx.
135 2767 191 2803 Eo
202 2776 343 2806 auctore
356 2770 543 2807 Musarum
555 2781 662 2809 cantu
673 2780 746 2810 tota

1443 1123 1510 1157 300

814 1253 936 1274 rerum
949 1247 1075 1275 natura
1086 1239 1232 1275 delinita
1248 1245 1312 1283 est,
1324 1238 1511 1275 Pieridum

813 1299 938 1327 contra
973 1293 1121 1339 strepitu
1152 1292 1308 1327 tenebris
1340 1292 1510 1328 involuta.

817 1345 932 1381 Victae
960 1345 1119 1380 Pierides
1143 1345 1182 1379 in
1206 1357 1339 1380 novem
1357 1344 1511 1380 diversas

816 1411 896 1434 aves
918 1405 1115 1433 mutantur.
1134 1417 1178 1425 --
1203 1400 1327 1432 Penaae
1349 1410 1507 1441 sonuere,

814 1451 954 1486 auditus
972 1457 1023 1486 est
1037 1451 1182 1496 clangor
1198 1451 1344 1487 alarum.
1371 1469 1418 1477 -
1433 1451 1508 1485 Sa-

814 1507 994 1541 luiantum.
1013 1506 1152 1551 Nempe
1169 1517 1249 1540 aves
1263 1505 1329 1540 illae
1342 1517 1362 1540 a
1375 1505 1509 1540 Graecis

815 1564 851 1591 et
868 1557 1041 1592 Romanis
1065 1556 1285 1592 docebantur
1301 1557 1453 1592 reddere
1470 1557 1511 1592 in

814 1608 937 1654 primis
949 1621 1074 1644 vocem
1086 1616 1187 1659 χαῖρε.
1200 1609 1354 1653 Persius,
1367 1609 1463 1644 Prol.
1477 1609 1510 1643 8.

812 1679 857 1687 ·-
879 1663 964 1696 Tam
987 1666 1081 1696 certa
1102 1665 1282 1707 loquentes.
1308 1661 1427 1696 Sonus
1450 1661 1508 1697 ille

811 1726 888 1748 non
905 1720 1098 1760 utcumque
1109 1714 1296 1749 simulabat
1307 1727 1432 1749 vocem
1444 1713 1507 1748 hu-

811 1779 970 1811 manam,
977 1766 1038 1802 sed
1050 1780 1158 1812 quam
1165 1767 1363 1802 simillimus
1373 1767 1406 1802 ei
1413 1773 1503 1811 erat,

812 1818 900 1854 adeo
923 1826 963 1854 ut
987 1819 1141 1861 hominis
1166 1831 1232 1853 vox
1253 1819 1351 1854 credi
1374 1826 1502 1865 posset.

812 1871 967 1906 Martial.
980 1871 1082 1915 XIV,
1102 1871 1142 1917 76
1156 1884 1164 1906 :
1179 1874 1266 1907 Pt'ca
1276 1875 1401 1917 loquax
1412 1875 1504 1906 certa

811 1926 981 1958 dominum
1000 1928 1034 1958 le
1050 1937 1132 1959 voce
1150 1926 1290 1968 salulo‚·
1315 1925 1359 1958 Si
1371 1937 1424 1959 me
1436 1938 1504 1959 non

811 1976 950 2017 videas,
976 1988 1050 2010 esse
1067 1978 1208 2021 negabis
1226 1989 1330 2011 avem.
1360 1975 1502 2010 Eodem

810 2041 935 2072 sensu,
953 2041 1058 2074 supra
1069 2028 1106 2063 II
1117 2055 1127 2072 ,
1144 2028 1211 2064 668
1223 2054 1232 2072 ,
1250 2030 1502 2064 cerliht'nm'tus.

813 2078 951 2116 Contra
980 2079 1133 2126 Quintil.
1159 2081 1274 2116 Instit.
1296 2080 1333 2115 ΙΙ
1346 2107 1357 2125 ,
1376 2092 1412 2126 1,
1432 2095 1472 2115 αι
1489 2107 1499 2126 ,

809 2131 855 2167 de
881 2133 1018 2168 infante
1034 2159 1045 2179 ,
1079 2135 1174 2179 loqui
1195 2137 1339 2177 primum
1371 2137 1502 2168 incerta

809 2198 893 2220 voce
909 2187 1358 2231 tanturm—Hominemque
1375 2188 1501 2234 loqau-

809 2242 890 2272 lam.
902 2238 1071 2274 Heinsius
1080 2239 1181 2274 malit
1197 2241 1429 2285 homz'numqae
1444 2242 1500 2274 lo-

808 2295 972 2336 quentum.
988 2291 1072 2328 Non
1090 2292 1226 2338 ingrata
1243 2299 1337 2327 certe
1357 2292 1501 2328 Heinsii

809 2342 1013 2379 emendatio
1028 2370 1038 2388 ,
1068 2344 1129 2379 sed
1149 2344 1248 2379 nullo
1271 2343 1404 2380 Codice
1429 2344 1500 2379 fir-

809 2402 939 2431 matur.
956 2397 1023 2431 Ed.
1043 2415 1088 2424 ·—·
1108 2398 1202 2432 Pt'czlr
1223 2404 1343 2432 autem
1360 2410 1503 2443 expres-

807 2448 879 2484 sior
891 2448 979 2484 adeo
990 2449 1180 2495 loquacitas
1191 2477 1201 2495 ,
1216 2463 1324 2496 quam
1338 2450 1502 2496 psittacis.

809 2503 901 2539 Plin.
919 2504 974 2548 X,
994 2506 1035 2548 4²
1052 2518 1078 2540 s.
1098 2507 1152 2551 59.
1300 2518 1306 2526 ¹

852 2555 930 2590 300.
952 2557 1043 2590 Orsa
1058 2557 1142 2591 Deae
1167 2558 1257 2592 Dea.
1285 2554 1408 2591 Codex
1424 2556 1502 2591 Re-

812 2609 888 2656 gius
906 2610 939 2645 A
956 2610 1081 2646 inserit
1097 2616 1167 2652 esl,
1196 2611 1263 2646 hoc
1274 2610 1383 2646 modo
1397 2638 1406 2656 ‚
1417 2625 1503 2646 ·orsa

808 2665 890 2698 Deoe
915 2668 969 2698 est
996 2665 1086 2698 Dea.
1110 2681 1155 2690 —-
1178 2665 1365 2699 Volucrem.
1396 2664 1500 2710 Regii

808 2716 919 2752 nostri
929 2742 939 2760 ‚
948 2719 1174 2752 volucrum.-·
1181 2719 1301 2753 Viclas
1317 2721 1501 2753 certamine

811 2768 970 2806 Pieridas
983 2783 1055 2806 esse
1065 2783 1083 2805 a
1094 2769 1220 2816 Musis,
1232 2778 1331 2807 vetus
1344 2776 1418 2806 erat
1431 2777 1503 2806 tra-
