<?xml version="1.0" encoding="UTF-8"?>
<!DOCTYPE html PUBLIC "-//W3C//DTD XHTML 1.0 Transitional//EN"
    "http://www.w3.org/TR/xhtml1/DTD/xhtml1-transitional.dtd">
<html xmlns="http://www.w3.org/1999/xhtml" xml:lang="en" lang="en">
 <head>
  <title>
</title>
<meta http-equiv="Content-Type" content="text/html;charset=utf-8" />
  <meta name='ocr-system' content='tesseract 3.04.00' />
  <meta name='ocr-capabilities' content='ocr_page ocr_carea ocr_par ocr_line ocrx_word'/>
</head>
<body>
  <div class='ocr_page' id='page_1' title='image "./quaeextantomniao03oviduoft_0528.png"; bbox 0 0 1832 3100; ppageno 0'>
   <div class='ocr_carea' id='block_1_1' title="bbox 293 203 382 263">
    <p class='ocr_par' dir='ltr' id='par_1_1' title="bbox 293 203 382 263">
     <span class='ocr_line' id='line_1_1' title="bbox 293 203 382 263; baseline 0.056 -5"><span class='ocrx_word' id='word_1_1' title='bbox 293 203 382 263; x_wconf 76' lang='grc'><strong>496</strong></span> 
     </span>
    </p>
   </div>
   <div class='ocr_carea' id='block_1_2' title="bbox 658 204 1343 252">
    <p class='ocr_par' dir='ltr' id='par_1_2' title="bbox 658 204 1343 252">
     <span class='ocr_line' id='line_1_2' title="bbox 658 204 1343 252; baseline 0.007 -5"><span class='ocrx_word' id='word_1_2' title='bbox 658 204 709 248; x_wconf 90' lang='grc' dir='ltr'><strong>Ρ.</strong></span> <span class='ocrx_word' id='word_1_3' title='bbox 754 205 997 251; x_wconf 91' lang='lat' dir='ltr'><strong>OVIDII</strong></span> <span class='ocrx_word' id='word_1_4' title='bbox 1033 204 1343 252; x_wconf 87' lang='lat' dir='ltr'><strong>NASONIS</strong></span> 
     </span>
    </p>
   </div>
   <div class='ocr_carea' id='block_1_3' title="bbox 289 295 1343 440">
    <p class='ocr_par' dir='ltr' id='par_1_3' title="bbox 289 295 1343 440">
     <span class='ocr_line' id='line_1_3' title="bbox 289 295 1275 362; baseline 0.007 -19"><span class='ocrx_word' id='word_1_5' title='bbox 289 295 589 344; x_wconf 86' lang='lat' dir='ltr'><strong>Bacchantum</strong></span> <span class='ocrx_word' id='word_1_6' title='bbox 608 296 699 345; x_wconf 89' lang='lat' dir='ltr'><strong>ritu</strong></span> <span class='ocrx_word' id='word_1_7' title='bbox 719 297 948 362; x_wconf 84' lang='lat' dir='ltr'><strong>flagrantes</strong></span> <span class='ocrx_word' id='word_1_8' title='bbox 973 299 1128 348; x_wconf 87' lang='lat' dir='ltr'>circuit</span> <span class='ocrx_word' id='word_1_9' title='bbox 1149 319 1244 349; x_wconf 85' lang='lat' dir='ltr'><strong>aras</strong></span> <span class='ocrx_word' id='word_1_10' title='bbox 1264 320 1275 359; x_wconf 90' lang='lat'>;</span> 
     </span>
     <span class='ocr_line' id='line_1_4' title="bbox 292 371 1343 440; baseline 0.003 -19"><span class='ocrx_word' id='word_1_11' title='bbox 292 371 632 440; x_wconf 86' lang='lat' dir='ltr'><strong>Multifidasque</strong></span> <span class='ocrx_word' id='word_1_12' title='bbox 656 374 770 423; x_wconf 91' lang='lat' dir='ltr'><strong>faces</strong></span> <span class='ocrx_word' id='word_1_13' title='bbox 791 375 837 423; x_wconf 89' lang='lat' dir='ltr'><strong>in</strong></span> <span class='ocrx_word' id='word_1_14' title='bbox 861 375 979 424; x_wconf 90' lang='lat' dir='ltr'><strong>fossa</strong></span> <span class='ocrx_word' id='word_1_15' title='bbox 1005 377 1230 438; x_wconf 81' lang='lat' dir='ltr'>sanguinis</span> <span class='ocrx_word' id='word_1_16' title='bbox 1250 388 1343 425; x_wconf 87' lang='lat' dir='ltr'><strong>atra</strong></span> 
     </span>
    </p>
   </div>
   <div class='ocr_carea' id='block_1_4' title="bbox 290 449 1426 515">
    <p class='ocr_par' dir='ltr' id='par_1_4' title="bbox 290 449 1426 515">
     <span class='ocr_line' id='line_1_5' title="bbox 290 449 1426 515; baseline 0.004 -19"><span class='ocrx_word' id='word_1_17' title='bbox 290 449 502 513; x_wconf 84' lang='lat' dir='ltr'><strong>Tinguit;</strong></span> <span class='ocrx_word' id='word_1_18' title='bbox 525 463 569 499; x_wconf 93' lang='lat' dir='ltr'><strong>et</strong></span> <span class='ocrx_word' id='word_1_19' title='bbox 590 451 797 500; x_wconf 89' lang='lat' dir='ltr'><strong>intinctas</strong></span> <span class='ocrx_word' id='word_1_20' title='bbox 820 452 1004 515; x_wconf 84' lang='lat' dir='ltr'><strong>geminis</strong></span> <span class='ocrx_word' id='word_1_21' title='bbox 1027 453 1226 500; x_wconf 83' lang='lat' dir='ltr'><strong>accendit</strong></span> <span class='ocrx_word' id='word_1_22' title='bbox 1248 453 1296 500; x_wconf 89' lang='lat' dir='ltr'><strong>in</strong></span> <span class='ocrx_word' id='word_1_23' title='bbox 1316 453 1426 510; x_wconf 81' lang='lat' dir='ltr'><strong>aris3</strong></span> 
     </span>
    </p>
   </div>
   <div class='ocr_carea' id='block_1_5' title="bbox 1646 469 1712 503">
    <p class='ocr_par' dir='ltr' id='par_1_5' title="bbox 1646 469 1712 503">
     <span class='ocr_line' id='line_1_6' title="bbox 1646 469 1712 503; baseline -0.03 0"><span class='ocrx_word' id='word_1_24' title='bbox 1646 469 1712 503; x_wconf 75' lang='lat'><strong>260</strong></span> 
     </span>
    </p>
   </div>
   <div class='ocr_carea' id='block_1_6' title="bbox 290 526 1570 671">
    <p class='ocr_par' dir='ltr' id='par_1_6' title="bbox 290 526 1570 671">
     <span class='ocr_line' id='line_1_7' title="bbox 290 526 1570 594; baseline 0.004 -22"><span class='ocrx_word' id='word_1_25' title='bbox 290 526 464 592; x_wconf 89' lang='lat' dir='ltr'><strong>Terque</strong></span> <span class='ocrx_word' id='word_1_26' title='bbox 488 544 635 575; x_wconf 91' lang='lat' dir='ltr'><strong>senem</strong></span> <span class='ocrx_word' id='word_1_27' title='bbox 657 527 828 576; x_wconf 84' lang='lat' dir='ltr'><strong>flamma</strong></span> <span class='ocrx_word' id='word_1_28' title='bbox 844 565 854 585; x_wconf 93' lang='lat'>‚</span> <span class='ocrx_word' id='word_1_29' title='bbox 879 539 946 576; x_wconf 91' lang='lat' dir='ltr'><strong>ter</strong></span> <span class='ocrx_word' id='word_1_30' title='bbox 966 547 1079 594; x_wconf 87' lang='lat' dir='ltr'><strong>aqua</strong></span> <span class='ocrx_word' id='word_1_31' title='bbox 1094 565 1106 585; x_wconf 85' lang='lat'><strong>‚</strong></span> <span class='ocrx_word' id='word_1_32' title='bbox 1126 540 1193 576; x_wconf 90' lang='lat' dir='ltr'><strong>ter</strong></span> <span class='ocrx_word' id='word_1_33' title='bbox 1215 527 1382 576; x_wconf 88' lang='lat' dir='ltr'><strong>sulfure</strong></span> <span class='ocrx_word' id='word_1_34' title='bbox 1398 528 1570 578; x_wconf 86' lang='lat' dir='ltr'><strong>lustrat.</strong></span> 
     </span>
     <span class='ocr_line' id='line_1_8' title="bbox 356 603 1371 671; baseline 0.004 -21"><span class='ocrx_word' id='word_1_35' title='bbox 356 604 528 651; x_wconf 86' lang='lat' dir='ltr'><strong>Interea</strong></span> <span class='ocrx_word' id='word_1_36' title='bbox 547 603 740 653; x_wconf 87' lang='lat' dir='ltr'><strong>validum</strong></span> <span class='ocrx_word' id='word_1_37' title='bbox 764 605 913 671; x_wconf 88' lang='lat' dir='ltr'><strong>posito</strong></span> <span class='ocrx_word' id='word_1_38' title='bbox 937 605 1207 653; x_wconf 82' lang='lat' dir='ltr'><strong>medicamen</strong></span> <span class='ocrx_word' id='word_1_39' title='bbox 1230 604 1371 654; x_wconf 87' lang='lat' dir='ltr'><strong>aheno</strong></span> 
     </span>
    </p>
   </div>
   <div class='ocr_carea' id='block_1_7' title="bbox 292 680 1506 817">
    <p class='ocr_par' dir='ltr' id='par_1_7' title="bbox 292 680 1506 817">
     <span class='ocr_line' id='line_1_9' title="bbox 292 680 1506 747; baseline 0.004 -20"><span class='ocrx_word' id='word_1_40' title='bbox 292 681 470 738; x_wconf 83' lang='lat' dir='ltr'><strong>Fervet,</strong></span> <span class='ocrx_word' id='word_1_41' title='bbox 492 693 536 729; x_wconf 89' lang='lat' dir='ltr'><strong>et</strong></span> <span class='ocrx_word' id='word_1_42' title='bbox 559 680 771 738; x_wconf 84' lang='lat' dir='ltr'><strong>exsultat,</strong></span> <span class='ocrx_word' id='word_1_43' title='bbox 794 681 1050 747; x_wconf 84' lang='lat' dir='ltr'><strong>spumisque</strong></span> <span class='ocrx_word' id='word_1_44' title='bbox 1077 682 1350 731; x_wconf 87' lang='lat' dir='ltr'><strong>tumentibus</strong></span> <span class='ocrx_word' id='word_1_45' title='bbox 1374 681 1506 732; x_wconf 87' lang='lat' dir='ltr'><strong>albet.</strong></span> 
     </span>
     <span class='ocr_line' id='line_1_10' title="bbox 293 756 1194 817; baseline 0.004 -13"><span class='ocrx_word' id='word_1_46' title='bbox 293 756 388 805; x_wconf 93' lang='lat' dir='ltr'><strong>Illic</strong></span> <span class='ocrx_word' id='word_1_47' title='bbox 411 758 638 806; x_wconf 81' lang='lat' dir='ltr'><strong>Haemonia</strong></span> <span class='ocrx_word' id='word_1_48' title='bbox 659 758 826 806; x_wconf 84' lang='lat' dir='ltr'><strong>radices</strong></span> <span class='ocrx_word' id='word_1_49' title='bbox 848 757 958 806; x_wconf 91' lang='lat' dir='ltr'><strong>valle</strong></span> <span class='ocrx_word' id='word_1_50' title='bbox 979 771 1166 808; x_wconf 89' lang='lat' dir='ltr'><strong>resectas</strong></span> <span class='ocrx_word' id='word_1_51' title='bbox 1181 797 1194 817; x_wconf 88' lang='lat'>‚</span> 
     </span>
    </p>
   </div>
   <div class='ocr_carea' id='block_1_8' title="bbox 295 834 1486 903">
    <p class='ocr_par' dir='ltr' id='par_1_8' title="bbox 295 834 1486 903">
     <span class='ocr_line' id='line_1_11' title="bbox 295 834 1486 903; baseline 0.003 -21"><span class='ocrx_word' id='word_1_52' title='bbox 295 834 558 901; x_wconf 86' lang='lat' dir='ltr'><strong>Seminaque</strong></span> <span class='ocrx_word' id='word_1_53' title='bbox 576 872 588 892; x_wconf 85' lang='lat'><strong><em>,</em></strong></span> <span class='ocrx_word' id='word_1_54' title='bbox 613 835 829 900; x_wconf 90' lang='lat' dir='ltr'><strong>floresque</strong></span> <span class='ocrx_word' id='word_1_55' title='bbox 843 873 854 892; x_wconf 91' lang='lat'>‚</span> <span class='ocrx_word' id='word_1_56' title='bbox 879 847 923 883; x_wconf 91' lang='lat' dir='ltr'><strong>et</strong></span> <span class='ocrx_word' id='word_1_57' title='bbox 944 855 1098 885; x_wconf 87' lang='lat' dir='ltr'><strong>succos</strong></span> <span class='ocrx_word' id='word_1_58' title='bbox 1119 837 1319 903; x_wconf 89' lang='lat' dir='ltr'><strong>incoquit</strong></span> <span class='ocrx_word' id='word_1_59' title='bbox 1342 857 1486 886; x_wconf 91' lang='lat' dir='ltr'><strong>acres:</strong></span> 
     </span>
    </p>
   </div>
   <div class='ocr_carea' id='block_1_9' title="bbox 1649 853 1713 888">
    <p class='ocr_par' dir='ltr' id='par_1_9' title="bbox 1649 853 1713 888">
     <span class='ocr_line' id='line_1_12' title="bbox 1649 853 1713 888; baseline 0 -1"><span class='ocrx_word' id='word_1_60' title='bbox 1649 853 1713 888; x_wconf 82' lang='lat'><strong>265</strong></span> 
     </span>
    </p>
   </div>
   <div class='ocr_carea' id='block_1_10' title="bbox 294 911 1407 1135">
    <p class='ocr_par' dir='ltr' id='par_1_10' title="bbox 294 911 1407 1135">
     <span class='ocr_line' id='line_1_13' title="bbox 294 911 1282 981; baseline 0.004 -22"><span class='ocrx_word' id='word_1_61' title='bbox 294 912 461 977; x_wconf 84' lang='lat' dir='ltr'><strong>Adjicit</strong></span> <span class='ocrx_word' id='word_1_62' title='bbox 483 924 676 960; x_wconf 85' lang='lat' dir='ltr'><strong>extremo</strong></span> <span class='ocrx_word' id='word_1_63' title='bbox 699 911 866 978; x_wconf 87' lang='lat' dir='ltr'><strong>lapides</strong></span> <span class='ocrx_word' id='word_1_64' title='bbox 890 913 1073 962; x_wconf 87' lang='lat' dir='ltr'><strong>Oriente</strong></span> <span class='ocrx_word' id='word_1_65' title='bbox 1093 915 1282 981; x_wconf 88' lang='lat' dir='ltr'><strong>petitos,</strong></span> 
     </span>
     <span class='ocr_line' id='line_1_14' title="bbox 295 989 1407 1055; baseline 0.003 -18"><span class='ocrx_word' id='word_1_66' title='bbox 295 990 378 1047; x_wconf 88' lang='lat' dir='ltr'><strong>Et,</strong></span> <span class='ocrx_word' id='word_1_67' title='bbox 406 1009 514 1055; x_wconf 90' lang='lat' dir='ltr'><strong>quas</strong></span> <span class='ocrx_word' id='word_1_68' title='bbox 539 990 705 1038; x_wconf 89' lang='lat' dir='ltr'><strong>Oceani</strong></span> <span class='ocrx_word' id='word_1_69' title='bbox 728 989 912 1038; x_wconf 91' lang='lat' dir='ltr'><strong>refluum</strong></span> <span class='ocrx_word' id='word_1_70' title='bbox 935 1010 1051 1039; x_wconf 86' lang='lat' dir='ltr'><strong>mare</strong></span> <span class='ocrx_word' id='word_1_71' title='bbox 1072 990 1177 1039; x_wconf 86' lang='lat' dir='ltr'><strong>lavit</strong></span> <span class='ocrx_word' id='word_1_72' title='bbox 1193 1029 1205 1049; x_wconf 90' lang='lat'>‚</span> <span class='ocrx_word' id='word_1_73' title='bbox 1225 1011 1376 1040; x_wconf 86' lang='lat' dir='ltr'><strong>arenas</strong></span> <span class='ocrx_word' id='word_1_74' title='bbox 1397 1012 1407 1040; x_wconf 90' lang='lat'>:</span> 
     </span>
     <span class='ocr_line' id='line_1_15' title="bbox 295 1069 1328 1135; baseline 0 -18"><span class='ocrx_word' id='word_1_75' title='bbox 295 1069 436 1117; x_wconf 81' lang='lat' dir='ltr'><strong>Addit</strong></span> <span class='ocrx_word' id='word_1_76' title='bbox 459 1081 503 1117; x_wconf 92' lang='lat' dir='ltr'><strong>et</strong></span> <span class='ocrx_word' id='word_1_77' title='bbox 526 1080 726 1135; x_wconf 82' lang='lat' dir='ltr'><strong>exceptas</strong></span> <span class='ocrx_word' id='word_1_78' title='bbox 745 1070 870 1116; x_wconf 86' lang='lat' dir='ltr'><strong>Luna</strong></span> <span class='ocrx_word' id='word_1_79' title='bbox 888 1081 1097 1135; x_wconf 86' lang='lat' dir='ltr'><strong>pernocte</strong></span> <span class='ocrx_word' id='word_1_80' title='bbox 1118 1070 1301 1135; x_wconf 85' lang='lat' dir='ltr'><strong>pruinas</strong></span> <span class='ocrx_word' id='word_1_81' title='bbox 1316 1107 1328 1128; x_wconf 91' lang='lat'>,</span> 
     </span>
    </p>
   </div>
   <div class='ocr_carea' id='block_1_11' title="bbox 298 1149 1411 1215">
    <p class='ocr_par' dir='ltr' id='par_1_11' title="bbox 298 1149 1411 1215">
     <span class='ocr_line' id='line_1_16' title="bbox 298 1149 1411 1215; baseline 0 -16"><span class='ocrx_word' id='word_1_82' title='bbox 298 1153 359 1199; x_wconf 89' lang='lat' dir='ltr'><strong>Et</strong></span> <span class='ocrx_word' id='word_1_83' title='bbox 379 1150 529 1213; x_wconf 82' lang='lat' dir='ltr'><strong>strigis</strong></span> <span class='ocrx_word' id='word_1_84' title='bbox 552 1149 735 1199; x_wconf 84' lang='lat' dir='ltr'><strong>infames</strong></span> <span class='ocrx_word' id='word_1_85' title='bbox 750 1187 761 1208; x_wconf 91' lang='lat'>‚</span> <span class='ocrx_word' id='word_1_86' title='bbox 787 1149 898 1215; x_wconf 86' lang='lat' dir='ltr'><strong>ipsis</strong></span> <span class='ocrx_word' id='word_1_87' title='bbox 921 1170 1020 1198; x_wconf 91' lang='lat' dir='ltr'><strong>cum</strong></span> <span class='ocrx_word' id='word_1_88' title='bbox 1043 1151 1248 1199; x_wconf 85' lang='lat' dir='ltr'><strong>carnibus</strong></span> <span class='ocrx_word' id='word_1_89' title='bbox 1263 1188 1276 1209; x_wconf 81' lang='lat'>‚</span> <span class='ocrx_word' id='word_1_90' title='bbox 1296 1150 1411 1209; x_wconf 88' lang='lat' dir='ltr'><strong>alas;</strong></span> 
     </span>
    </p>
   </div>
   <div class='ocr_carea' id='block_1_12' title="bbox 299 1231 1288 1299">
    <p class='ocr_par' dir='ltr' id='par_1_12' title="bbox 299 1231 1288 1299">
     <span class='ocr_line' id='line_1_17' title="bbox 299 1231 1288 1299; baseline 0.001 -19"><span class='ocrx_word' id='word_1_91' title='bbox 299 1234 440 1299; x_wconf 89' lang='lat' dir='ltr'><strong>Inque</strong></span> <span class='ocrx_word' id='word_1_92' title='bbox 462 1233 604 1280; x_wconf 89' lang='lat' dir='ltr'><strong>virum</strong></span> <span class='ocrx_word' id='word_1_93' title='bbox 629 1232 750 1281; x_wconf 90' lang='lat' dir='ltr'><strong>soliti</strong></span> <span class='ocrx_word' id='word_1_94' title='bbox 769 1231 916 1281; x_wconf 82' lang='lat' dir='ltr'><strong>vultus</strong></span> <span class='ocrx_word' id='word_1_95' title='bbox 937 1244 1104 1281; x_wconf 90' lang='lat' dir='ltr'><strong>mutare</strong></span> <span class='ocrx_word' id='word_1_96' title='bbox 1125 1233 1288 1281; x_wconf 86' lang='lat' dir='ltr'><strong>ferinos</strong></span> 
     </span>
    </p>
   </div>
   <div class='ocr_carea' id='block_1_13' title="bbox 1653 1258 1718 1294">
    <p class='ocr_par' dir='ltr' id='par_1_13' title="bbox 1653 1258 1718 1294">
     <span class='ocr_line' id='line_1_18' title="bbox 1653 1258 1718 1294; baseline -0.015 -12"><span class='ocrx_word' id='word_1_97' title='bbox 1653 1258 1718 1294; x_wconf 77' lang='lat'><strong>270</strong></span> 
     </span>
    </p>
   </div>
   <div class='ocr_carea' id='block_1_14' title="bbox 300 1312 1258 1380">
    <p class='ocr_par' dir='ltr' id='par_1_14' title="bbox 300 1312 1258 1380">
     <span class='ocr_line' id='line_1_19' title="bbox 300 1312 1258 1380; baseline 0 -19"><span class='ocrx_word' id='word_1_98' title='bbox 300 1313 514 1377; x_wconf 87' lang='lat' dir='ltr'><strong>Ambigui</strong></span> <span class='ocrx_word' id='word_1_99' title='bbox 535 1325 738 1380; x_wconf 89' lang='lat' dir='ltr'><strong>prosecta</strong></span> <span class='ocrx_word' id='word_1_100' title='bbox 757 1312 852 1379; x_wconf 88' lang='lat' dir='ltr'><strong>lupi</strong></span> <span class='ocrx_word' id='word_1_101' title='bbox 872 1333 883 1361; x_wconf 74' lang='grc' dir='ltr'>ε</span> <span class='ocrx_word' id='word_1_102' title='bbox 903 1333 984 1362; x_wconf 91' lang='lat' dir='ltr'><strong>nec</strong></span> <span class='ocrx_word' id='word_1_103' title='bbox 1006 1313 1146 1362; x_wconf 89' lang='lat' dir='ltr'><strong>defuit</strong></span> <span class='ocrx_word' id='word_1_104' title='bbox 1167 1313 1258 1361; x_wconf 86' lang='lat' dir='ltr'><strong>illic</strong></span> 
     </span>
    </p>
   </div>
   <div class='ocr_carea' id='block_1_15' title="bbox 305 1456 995 2753">
    <p class='ocr_par' dir='ltr' id='par_1_15' title="bbox 307 1456 983 1764">
     <span class='ocr_line' id='line_1_20' title="bbox 349 1456 981 1504; baseline 0 -14"><span class='ocrx_word' id='word_1_105' title='bbox 349 1461 423 1504; x_wconf 80' lang='lat'>259.</span> <span class='ocrx_word' id='word_1_106' title='bbox 431 1456 467 1490; x_wconf 91' lang='lat' dir='ltr'><em>A</em></span> <span class='ocrx_word' id='word_1_107' title='bbox 469 1460 531 1490; x_wconf 87' lang='lat' dir='ltr'><strong>lm.</strong></span> <span class='ocrx_word' id='word_1_108' title='bbox 543 1456 600 1490; x_wconf 87' lang='lat' dir='ltr'><strong>Ad</strong></span> <span class='ocrx_word' id='word_1_109' title='bbox 611 1457 734 1491; x_wconf 80' lang='lat' dir='ltr'><strong>fossam</strong></span> <span class='ocrx_word' id='word_1_110' title='bbox 745 1456 877 1500; x_wconf 88' lang='lat' dir='ltr'><strong>retulit,</strong></span> <span class='ocrx_word' id='word_1_111' title='bbox 886 1457 981 1502; x_wconf 87' lang='lat' dir='ltr'><strong>quod</strong></span> 
     </span>
     <span class='ocr_line' id='line_1_21' title="bbox 307 1507 982 1553; baseline 0 -12"><span class='ocrx_word' id='word_1_112' title='bbox 307 1514 381 1542; x_wconf 88' lang='lat' dir='ltr'><strong>erat</strong></span> <span class='ocrx_word' id='word_1_113' title='bbox 398 1507 441 1541; x_wconf 88' lang='lat' dir='ltr'><strong>ad</strong></span> <span class='ocrx_word' id='word_1_114' title='bbox 456 1508 662 1553; x_wconf 87' lang='lat' dir='ltr'><strong>sanguinem</strong></span> <span class='ocrx_word' id='word_1_115' title='bbox 678 1507 915 1542; x_wconf 87' lang='lat' dir='ltr'><strong>referendum.</strong></span> <span class='ocrx_word' id='word_1_116' title='bbox 935 1508 982 1542; x_wconf 86' lang='lat' dir='ltr'><strong>Et</strong></span> 
     </span>
     <span class='ocr_line' id='line_1_22' title="bbox 307 1560 979 1605; baseline 0 -12"><span class='ocrx_word' id='word_1_117' title='bbox 307 1560 410 1605; x_wconf 80' lang='lat' dir='ltr'><strong>vuigo</strong></span> <span class='ocrx_word' id='word_1_118' title='bbox 425 1585 434 1603; x_wconf 90' lang='lat'>,</span> <span class='ocrx_word' id='word_1_119' title='bbox 458 1563 529 1593; x_wconf 84' lang='lat' dir='ltr'><strong>atn·</strong></span> <span class='ocrx_word' id='word_1_120' title='bbox 547 1560 718 1594; x_wconf 84' lang='lat' dir='ltr'><strong>scribitur.</strong></span> <span class='ocrx_word' id='word_1_121' title='bbox 747 1578 790 1585; x_wconf 92' lang='lat'><strong>-—-</strong></span> <span class='ocrx_word' id='word_1_122' title='bbox 818 1561 979 1600; x_wconf 76' lang='lat' dir='ltr'><strong>Lustrat,</strong></span> 
     </span>
     <span class='ocr_line' id='line_1_23' title="bbox 307 1611 983 1646; baseline -0.003 0"><span class='ocrx_word' id='word_1_123' title='bbox 307 1611 467 1646; x_wconf 83' lang='lat' dir='ltr'><strong>circumit</strong></span> <span class='ocrx_word' id='word_1_124' title='bbox 482 1623 603 1645; x_wconf 90' lang='lat' dir='ltr'><strong>senem</strong></span> <span class='ocrx_word' id='word_1_125' title='bbox 616 1611 863 1645; x_wconf 87' lang='lat' dir='ltr'><strong>circumferens</strong></span> <span class='ocrx_word' id='word_1_126' title='bbox 879 1611 983 1645; x_wconf 86' lang='lat' dir='ltr'><strong>flam-</strong></span> 
     </span>
     <span class='ocr_line' id='line_1_24' title="bbox 308 1663 982 1707; baseline -0.003 -9"><span class='ocrx_word' id='word_1_127' title='bbox 308 1677 404 1698; x_wconf 85' lang='lat' dir='ltr'><strong>mam</strong></span> <span class='ocrx_word' id='word_1_128' title='bbox 416 1690 425 1706; x_wconf 94' lang='lat'>,</span> <span class='ocrx_word' id='word_1_129' title='bbox 443 1670 507 1698; x_wconf 85' lang='lat' dir='ltr'><strong>etc.</strong></span> <span class='ocrx_word' id='word_1_130' title='bbox 524 1663 584 1707; x_wconf 91' lang='lat' dir='ltr'><strong>qui</strong></span> <span class='ocrx_word' id='word_1_131' title='bbox 595 1675 671 1696; x_wconf 89' lang='lat' dir='ltr'><strong>mos</strong></span> <span class='ocrx_word' id='word_1_132' title='bbox 686 1663 849 1697; x_wconf 90' lang='lat' dir='ltr'><strong>solemnis</strong></span> <span class='ocrx_word' id='word_1_133' title='bbox 863 1664 898 1697; x_wconf 89' lang='lat' dir='ltr'><strong>in</strong></span> <span class='ocrx_word' id='word_1_134' title='bbox 916 1677 982 1697; x_wconf 88' lang='lat' dir='ltr'><strong>ex-</strong></span> 
     </span>
     <span class='ocr_line' id='line_1_25' title="bbox 309 1714 983 1764; baseline -0.004 -13"><span class='ocrx_word' id='word_1_135' title='bbox 309 1716 527 1762; x_wconf 77' lang='lat' dir='ltr'><strong>piationibus.</strong></span> <span class='ocrx_word' id='word_1_136' title='bbox 539 1714 628 1749; x_wconf 84' lang='lat' dir='ltr'><strong>Inde</strong></span> <span class='ocrx_word' id='word_1_137' title='bbox 635 1714 764 1749; x_wconf 78' lang='lat' dir='ltr'><strong>Graecis</strong></span> <span class='ocrx_word' id='word_1_138' title='bbox 775 1720 983 1764; x_wconf 71' lang='grc' dir='ltr'><strong>περιαγνίζειν.</strong></span> 
     </span>
    </p>

    <p class='ocr_par' dir='ltr' id='par_1_16' title="bbox 311 1767 985 2020">
     <span class='ocr_line' id='line_1_26' title="bbox 354 1767 983 1802; baseline -0.002 -1"><span class='ocrx_word' id='word_1_139' title='bbox 354 1768 427 1802; x_wconf 81' lang='lat'><strong>262.</strong></span> <span class='ocrx_word' id='word_1_140' title='bbox 452 1769 582 1801; x_wconf 78' lang='lat' dir='ltr'><strong>Interea</strong></span> <span class='ocrx_word' id='word_1_141' title='bbox 598 1768 745 1799; x_wconf 82' lang='lat' dir='ltr'><strong>validum</strong></span> <span class='ocrx_word' id='word_1_142' title='bbox 760 1773 823 1801; x_wconf 85' lang='lat' dir='ltr'><strong>etc.</strong></span> <span class='ocrx_word' id='word_1_143' title='bbox 842 1767 883 1801; x_wconf 88' lang='lat' dir='ltr'><strong>In</strong></span> <span class='ocrx_word' id='word_1_144' title='bbox 900 1779 983 1800; x_wconf 87' lang='lat' dir='ltr'><strong>car-</strong></span> 
     </span>
     <span class='ocr_line' id='line_1_27' title="bbox 311 1817 985 1867; baseline -0.004 -13"><span class='ocrx_word' id='word_1_145' title='bbox 311 1818 407 1854; x_wconf 78' lang='lat' dir='ltr'><strong>mine</strong></span> <span class='ocrx_word' id='word_1_146' title='bbox 429 1821 541 1855; x_wconf 62' lang='lat' dir='ltr'><strong>No&#39;sroe</strong></span> <span class='ocrx_word' id='word_1_147' title='bbox 566 1817 676 1851; x_wconf 86' lang='lat' dir='ltr'><strong>multa</strong></span> <span class='ocrx_word' id='word_1_148' title='bbox 700 1819 841 1867; x_wconf 61' lang='grc' dir='ltr'><strong>φάρμακα</strong></span> <span class='ocrx_word' id='word_1_149' title='bbox 868 1817 985 1862; x_wconf 79' lang='lat' dir='ltr'><strong>coquit</strong></span> 
     </span>
     <span class='ocr_line' id='line_1_28' title="bbox 312 1873 982 1921; baseline -0.004 -13"><span class='ocrx_word' id='word_1_150' title='bbox 312 1876 361 1908; x_wconf 77' lang='grc' dir='ltr'><strong>ἐπὶ</strong></span> <span class='ocrx_word' id='word_1_151' title='bbox 377 1875 533 1921; x_wconf 74' lang='grc' dir='ltr'><strong><em>χρυσέοισι</em></strong></span> <span class='ocrx_word' id='word_1_152' title='bbox 552 1873 844 1911; x_wconf 60' lang='lat' dir='ltr'><strong>Menum—Posito</strong></span> <span class='ocrx_word' id='word_1_153' title='bbox 859 1873 982 1912; x_wconf 78' lang='lat' dir='ltr'><strong>aheno,</strong></span> 
     </span>
     <span class='ocr_line' id='line_1_29' title="bbox 311 1925 985 1970; baseline -0.007 -8"><span class='ocrx_word' id='word_1_154' title='bbox 311 1928 349 1962; x_wconf 85' lang='lat' dir='ltr'><strong>in</strong></span> <span class='ocrx_word' id='word_1_155' title='bbox 367 1926 480 1961; x_wconf 83' lang='lat' dir='ltr'><strong>aheno</strong></span> <span class='ocrx_word' id='word_1_156' title='bbox 496 1925 567 1970; x_wconf 82' lang='lat' dir='ltr'><strong>igni</strong></span> <span class='ocrx_word' id='word_1_157' title='bbox 583 1925 747 1970; x_wconf 84' lang='lat' dir='ltr'><strong>apposito.</strong></span> <span class='ocrx_word' id='word_1_158' title='bbox 757 1943 801 1949; x_wconf 97' lang='lat'><strong>—</strong></span> <span class='ocrx_word' id='word_1_159' title='bbox 816 1926 985 1960; x_wconf 72' lang='lat' dir='ltr'><strong>Exsultat.</strong></span> 
     </span>
     <span class='ocr_line' id='line_1_30' title="bbox 314 1976 984 2020; baseline -0.001 -10"><span class='ocrx_word' id='word_1_160' title='bbox 314 1977 406 2012; x_wconf 86' lang='lat' dir='ltr'><strong>Vide</strong></span> <span class='ocrx_word' id='word_1_161' title='bbox 421 1976 464 2011; x_wconf 87' lang='lat' dir='ltr'><strong>ad</strong></span> <span class='ocrx_word' id='word_1_162' title='bbox 478 1978 532 2011; x_wconf 91' lang='lat' dir='ltr'><strong>VI</strong></span> <span class='ocrx_word' id='word_1_163' title='bbox 546 2002 555 2020; x_wconf 88' lang='lat'>,</span> <span class='ocrx_word' id='word_1_164' title='bbox 569 1976 644 2019; x_wconf 80' lang='lat'><strong>645.</strong></span> <span class='ocrx_word' id='word_1_165' title='bbox 665 1994 708 2002; x_wconf 93' lang='lat'><strong>—-</strong></span> <span class='ocrx_word' id='word_1_166' title='bbox 731 1978 836 2011; x_wconf 85' lang='lat' dir='ltr'><strong>Valle.</strong></span> <span class='ocrx_word' id='word_1_167' title='bbox 855 1976 958 2010; x_wconf 89' lang='lat' dir='ltr'><strong>Unus</strong></span> <span class='ocrx_word' id='word_1_168' title='bbox 975 2002 984 2019; x_wconf 95' lang='lat'>,</span> 
     </span>
    </p>

    <p class='ocr_par' dir='ltr' id='par_1_17' title="bbox 305 2029 990 2391">
     <span class='ocr_line' id='line_1_31' title="bbox 305 2029 986 2077; baseline -0.004 -11"><span class='ocrx_word' id='word_1_169' title='bbox 305 2031 422 2077; x_wconf 79' lang='lat' dir='ltr'><strong>falce,</strong></span> <span class='ocrx_word' id='word_1_170' title='bbox 436 2037 475 2064; x_wconf 90' lang='lat' dir='ltr'><strong>ut</strong></span> <span class='ocrx_word' id='word_1_171' title='bbox 483 2030 574 2064; x_wconf 83' lang='lat' dir='ltr'><strong>infra</strong></span> <span class='ocrx_word' id='word_1_172' title='bbox 584 2029 649 2073; x_wconf 76' lang='lat'><strong>314</strong></span> <span class='ocrx_word' id='word_1_173' title='bbox 659 2056 668 2073; x_wconf 91' lang='lat'>,</span> <span class='ocrx_word' id='word_1_174' title='bbox 683 2030 857 2064; x_wconf 74' lang='lat' dir='ltr'><strong>Ila-monio</strong></span> <span class='ocrx_word' id='word_1_175' title='bbox 871 2032 986 2063; x_wconf 79' lang='lat' dir='ltr'><strong>cultro.</strong></span> 
     </span>
     <span class='ocr_line' id='line_1_32' title="bbox 314 2084 987 2125; baseline -0.006 -7"><span class='ocrx_word' id='word_1_176' title='bbox 314 2101 358 2109; x_wconf 89' lang='lat'><strong>-—·</strong></span> <span class='ocrx_word' id='word_1_177' title='bbox 380 2084 504 2117; x_wconf 87' lang='lat' dir='ltr'><strong>Succos</strong></span> <span class='ocrx_word' id='word_1_178' title='bbox 528 2085 664 2116; x_wconf 56' lang='lat' dir='ltr'><strong>mais-cere</strong></span> <span class='ocrx_word' id='word_1_179' title='bbox 687 2088 746 2115; x_wconf 86' lang='lat' dir='ltr'><strong>aut</strong></span> <span class='ocrx_word' id='word_1_180' title='bbox 766 2094 901 2125; x_wconf 76' lang='lat' dir='ltr'><strong>coquere</strong></span> <span class='ocrx_word' id='word_1_181' title='bbox 923 2093 987 2115; x_wconf 87' lang='lat' dir='ltr'><strong>so-</strong></span> 
     </span>
     <span class='ocr_line' id='line_1_33' title="bbox 317 2132 990 2179; baseline -0.004 -9"><span class='ocrx_word' id='word_1_182' title='bbox 317 2136 434 2170; x_wconf 83' lang='lat' dir='ltr'><strong>lemne</strong></span> <span class='ocrx_word' id='word_1_183' title='bbox 451 2141 486 2169; x_wconf 90' lang='lat' dir='ltr'><strong>et</strong></span> <span class='ocrx_word' id='word_1_184' title='bbox 501 2134 615 2179; x_wconf 87' lang='lat' dir='ltr'><strong>ipsum</strong></span> <span class='ocrx_word' id='word_1_185' title='bbox 629 2132 672 2168; x_wconf 87' lang='lat' dir='ltr'><strong>de</strong></span> <span class='ocrx_word' id='word_1_186' title='bbox 689 2132 861 2168; x_wconf 74' lang='lat' dir='ltr'><strong>veneficis.</strong></span> <span class='ocrx_word' id='word_1_187' title='bbox 875 2133 990 2168; x_wconf 88' lang='lat' dir='ltr'><strong>Tibul.</strong></span> 
     </span>
     <span class='ocr_line' id='line_1_34' title="bbox 319 2186 990 2234; baseline -0.004 -11"><span class='ocrx_word' id='word_1_188' title='bbox 319 2189 376 2224; x_wconf 85' lang='grc' dir='ltr'><strong>ΙΙΙ</strong></span> <span class='ocrx_word' id='word_1_189' title='bbox 388 2215 397 2232; x_wconf 91' lang='grc'><strong>,</strong></span> <span class='ocrx_word' id='word_1_190' title='bbox 416 2199 453 2231; x_wconf 85' lang='lat' dir='ltr'><strong>v,</strong></span> <span class='ocrx_word' id='word_1_191' title='bbox 469 2200 501 2234; x_wconf 81' lang='lat'><strong>9.</strong></span> <span class='ocrx_word' id='word_1_192' title='bbox 513 2205 556 2213; x_wconf 87' lang='lat'>—</span> <span class='ocrx_word' id='word_1_193' title='bbox 575 2187 740 2229; x_wconf 83' lang='lat' dir='ltr'><strong>Lapidum</strong></span> <span class='ocrx_word' id='word_1_194' title='bbox 756 2186 990 2231; x_wconf 85' lang='lat' dir='ltr'><strong>quorumdam</strong></span> 
     </span>
     <span class='ocr_line' id='line_1_35' title="bbox 319 2238 990 2277; baseline -0.007 0"><span class='ocrx_word' id='word_1_195' title='bbox 319 2255 400 2277; x_wconf 88' lang='lat' dir='ltr'><strong>usus</strong></span> <span class='ocrx_word' id='word_1_196' title='bbox 411 2248 446 2275; x_wconf 84' lang='lat' dir='ltr'><strong>ct</strong></span> <span class='ocrx_word' id='word_1_197' title='bbox 464 2240 501 2275; x_wconf 87' lang='lat' dir='ltr'><strong>in</strong></span> <span class='ocrx_word' id='word_1_198' title='bbox 515 2238 698 2273; x_wconf 86' lang='lat' dir='ltr'><strong>medicina.</strong></span> <span class='ocrx_word' id='word_1_199' title='bbox 709 2238 799 2272; x_wconf 88' lang='lat' dir='ltr'><strong>Plin.</strong></span> <span class='ocrx_word' id='word_1_200' title='bbox 813 2238 902 2273; x_wconf 82' lang='lat' dir='ltr'><strong>Hist.</strong></span> <span class='ocrx_word' id='word_1_201' title='bbox 912 2239 990 2273; x_wconf 85' lang='lat' dir='ltr'><strong>Nat.</strong></span> 
     </span>
     <span class='ocr_line' id='line_1_36' title="bbox 319 2290 989 2338; baseline -0.007 -10"><span class='ocrx_word' id='word_1_202' title='bbox 319 2303 454 2336; x_wconf 82' lang='lat' dir='ltr'>xxxvl,</span> <span class='ocrx_word' id='word_1_203' title='bbox 475 2292 666 2338; x_wconf 81' lang='lat' dir='ltr'><strong>19.—Mare</strong></span> <span class='ocrx_word' id='word_1_204' title='bbox 681 2290 826 2331; x_wconf 82' lang='lat' dir='ltr'><strong>Oceani,</strong></span> <span class='ocrx_word' id='word_1_205' title='bbox 852 2297 911 2333; x_wconf 86' lang='lat' dir='ltr'><strong>ut,</strong></span> <span class='ocrx_word' id='word_1_206' title='bbox 931 2290 989 2333; x_wconf 90' lang='lat'><strong>11,</strong></span> 
     </span>
     <span class='ocr_line' id='line_1_37' title="bbox 321 2346 671 2391; baseline -0.011 -12"><span class='ocrx_word' id='word_1_207' title='bbox 321 2346 383 2391; x_wconf 80' lang='lat'><strong>872</strong></span> <span class='ocrx_word' id='word_1_208' title='bbox 396 2371 405 2388; x_wconf 91' lang='lat'>,</span> <span class='ocrx_word' id='word_1_209' title='bbox 423 2355 551 2389; x_wconf 77' lang='lat' dir='ltr'><strong>equora</strong></span> <span class='ocrx_word' id='word_1_210' title='bbox 564 2346 671 2386; x_wconf 79' lang='lat' dir='ltr'><strong>ponti.</strong></span> 
     </span>
    </p>

    <p class='ocr_par' dir='ltr' id='par_1_18' title="bbox 322 2393 995 2753">
     <span class='ocr_line' id='line_1_38' title="bbox 353 2393 994 2439; baseline -0.009 -8"><span class='ocrx_word' id='word_1_211' title='bbox 353 2397 426 2431; x_wconf 82' lang='lat'><strong>268.</strong></span> <span class='ocrx_word' id='word_1_212' title='bbox 442 2397 618 2434; x_wconf 83' lang='lat' dir='ltr'><strong>Pemocle‚</strong></span> <span class='ocrx_word' id='word_1_213' title='bbox 632 2405 695 2438; x_wconf 89' lang='lat' dir='ltr'><strong>pro</strong></span> <span class='ocrx_word' id='word_1_214' title='bbox 703 2393 838 2439; x_wconf 80' lang='lat' dir='ltr'><strong>vulgata</strong></span> <span class='ocrx_word' id='word_1_215' title='bbox 847 2394 888 2426; x_wconf 84' lang='lat' dir='ltr'><strong>de</strong></span> <span class='ocrx_word' id='word_1_216' title='bbox 899 2396 994 2426; x_wconf 79' lang='lat' dir='ltr'><strong>nocie</strong></span> 
     </span>
     <span class='ocr_line' id='line_1_39' title="bbox 322 2444 991 2494; baseline -0.009 -10"><span class='ocrx_word' id='word_1_217' title='bbox 322 2449 533 2494; x_wconf 86' lang='lat' dir='ltr'><strong>adscriptum</strong></span> <span class='ocrx_word' id='word_1_218' title='bbox 556 2446 761 2481; x_wconf 86' lang='lat' dir='ltr'><strong>Zulichemii</strong></span> <span class='ocrx_word' id='word_1_219' title='bbox 788 2444 911 2480; x_wconf 78' lang='lat' dir='ltr'><strong>Codici</strong></span> <span class='ocrx_word' id='word_1_220' title='bbox 932 2459 991 2479; x_wconf 90' lang='lat' dir='ltr'><strong>re-</strong></span> 
     </span>
     <span class='ocr_line' id='line_1_40' title="bbox 322 2497 993 2547; baseline -0.009 -10"><span class='ocrx_word' id='word_1_221' title='bbox 322 2502 413 2547; x_wconf 85' lang='lat' dir='ltr'><strong>cepit</strong></span> <span class='ocrx_word' id='word_1_222' title='bbox 443 2500 618 2535; x_wconf 87' lang='lat' dir='ltr'><strong>Heinsius.</strong></span> <span class='ocrx_word' id='word_1_223' title='bbox 651 2498 751 2543; x_wconf 81' lang='lat' dir='ltr'><strong>Regii</strong></span> <span class='ocrx_word' id='word_1_224' title='bbox 782 2497 892 2532; x_wconf 82' lang='lat' dir='ltr'><strong>nostri</strong></span> <span class='ocrx_word' id='word_1_225' title='bbox 923 2497 993 2532; x_wconf 86' lang='lat' dir='ltr'><strong>ha-</strong></span> 
     </span>
     <span class='ocr_line' id='line_1_41' title="bbox 323 2549 993 2591; baseline -0.009 -3"><span class='ocrx_word' id='word_1_226' title='bbox 323 2554 409 2588; x_wconf 88' lang='lat' dir='ltr'><strong>bent</strong></span> <span class='ocrx_word' id='word_1_227' title='bbox 424 2555 466 2587; x_wconf 85' lang='lat' dir='ltr'><strong>de</strong></span> <span class='ocrx_word' id='word_1_228' title='bbox 480 2556 583 2586; x_wconf 78' lang='lat' dir='ltr'><strong>nocte.</strong></span> <span class='ocrx_word' id='word_1_229' title='bbox 596 2569 642 2576; x_wconf 94' lang='lat'><em>-</em></span> <span class='ocrx_word' id='word_1_230' title='bbox 654 2552 746 2584; x_wconf 74' lang='lat' dir='ltr'><strong>Strix</strong></span> <span class='ocrx_word' id='word_1_231' title='bbox 758 2577 766 2591; x_wconf 87' lang='lat'><strong>,</strong></span> <span class='ocrx_word' id='word_1_232' title='bbox 796 2549 865 2584; x_wconf 86' lang='lat' dir='ltr'><strong>avis</strong></span> <span class='ocrx_word' id='word_1_233' title='bbox 886 2557 993 2583; x_wconf 88' lang='lat' dir='ltr'><strong>noctu</strong></span> 
     </span>
     <span class='ocr_line' id='line_1_42' title="bbox 323 2600 992 2645; baseline -0.004 -8"><span class='ocrx_word' id='word_1_234' title='bbox 323 2604 455 2645; x_wconf 82' lang='lat' dir='ltr'><strong>volans,</strong></span> <span class='ocrx_word' id='word_1_235' title='bbox 465 2610 498 2638; x_wconf 88' lang='lat' dir='ltr'><strong>et</strong></span> <span class='ocrx_word' id='word_1_236' title='bbox 509 2603 606 2637; x_wconf 86' lang='lat' dir='ltr'><strong>cunis</strong></span> <span class='ocrx_word' id='word_1_237' title='bbox 617 2601 803 2638; x_wconf 84' lang='lat' dir='ltr'><strong>infantium</strong></span> <span class='ocrx_word' id='word_1_238' title='bbox 814 2600 992 2643; x_wconf 85' lang='lat' dir='ltr'><strong>insidians,</strong></span> 
     </span>
     <span class='ocr_line' id='line_1_43' title="bbox 325 2652 994 2699; baseline -0.003 -12"><span class='ocrx_word' id='word_1_239' title='bbox 325 2666 477 2699; x_wconf 87' lang='lat' dir='ltr'><strong>quorum</strong></span> <span class='ocrx_word' id='word_1_240' title='bbox 492 2653 698 2698; x_wconf 84' lang='lat' dir='ltr'><strong>sanguinem</strong></span> <span class='ocrx_word' id='word_1_241' title='bbox 714 2658 893 2697; x_wconf 82' lang='lat' dir='ltr'><strong>exsugunt.</strong></span> <span class='ocrx_word' id='word_1_242' title='bbox 905 2652 994 2686; x_wconf 84' lang='lat' dir='ltr'><strong>Fast.</strong></span> 
     </span>
     <span class='ocr_line' id='line_1_44' title="bbox 326 2704 995 2753; baseline -0.004 -13"><span class='ocrx_word' id='word_1_243' title='bbox 326 2707 401 2750; x_wconf 87' lang='lat' dir='ltr'><strong>Vl,</strong></span> <span class='ocrx_word' id='word_1_244' title='bbox 424 2707 495 2753; x_wconf 80' lang='lat'>¹39·</span> <span class='ocrx_word' id='word_1_245' title='bbox 520 2724 562 2731; x_wconf 90' lang='lat'>—</span> <span class='ocrx_word' id='word_1_246' title='bbox 587 2705 746 2749; x_wconf 71' lang='lat' dir='ltr'><strong>Infantes.</strong></span> <span class='ocrx_word' id='word_1_247' title='bbox 769 2704 995 2738; x_wconf 84' lang='lat' dir='ltr'><strong>Burmannus</strong></span> 
     </span>
    </p>
   </div>
   <div class='ocr_carea' id='block_1_16' title="bbox 1037 1455 1730 2751">
    <p class='ocr_par' dir='ltr' id='par_1_19' title="bbox 1037 1455 1725 2128">
     <span class='ocr_line' id='line_1_45' title="bbox 1045 1455 1718 1502; baseline 0.003 -12"><span class='ocrx_word' id='word_1_248' title='bbox 1045 1455 1233 1491; x_wconf 82' lang='lat' dir='ltr'><strong>lectionem</strong></span> <span class='ocrx_word' id='word_1_249' title='bbox 1251 1455 1390 1492; x_wconf 80' lang='lat' dir='ltr'><strong>Codicis</strong></span> <span class='ocrx_word' id='word_1_250' title='bbox 1413 1456 1591 1492; x_wconf 86' lang='lat' dir='ltr'><strong>Leidensis</strong></span> <span class='ocrx_word' id='word_1_251' title='bbox 1610 1458 1718 1502; x_wconf 71' lang='lat' dir='ltr'><strong>infin-</strong></span> 
     </span>
     <span class='ocr_line' id='line_1_46' title="bbox 1045 1508 1721 1554; baseline 0.003 -12"><span class='ocrx_word' id='word_1_252' title='bbox 1045 1521 1133 1549; x_wconf 79' lang='lat' dir='ltr'><strong>mes,</strong></span> <span class='ocrx_word' id='word_1_253' title='bbox 1149 1508 1183 1542; x_wconf 90' lang='lat' dir='ltr'><strong>id</strong></span> <span class='ocrx_word' id='word_1_254' title='bbox 1196 1515 1267 1551; x_wconf 89' lang='lat' dir='ltr'><strong>est,</strong></span> <span class='ocrx_word' id='word_1_255' title='bbox 1285 1508 1406 1552; x_wconf 81' lang='lat' dir='ltr'><strong>saedas,</strong></span> <span class='ocrx_word' id='word_1_256' title='bbox 1423 1508 1608 1554; x_wconf 82' lang='lat' dir='ltr'><strong>implumes</strong></span> <span class='ocrx_word' id='word_1_257' title='bbox 1620 1535 1630 1552; x_wconf 89' lang='lat'><strong>,</strong></span> <span class='ocrx_word' id='word_1_258' title='bbox 1648 1509 1721 1544; x_wconf 87' lang='lat' dir='ltr'><strong>ele-</strong></span> 
     </span>
     <span class='ocr_line' id='line_1_47' title="bbox 1047 1560 1721 1607; baseline 0.001 -12"><span class='ocrx_word' id='word_1_259' title='bbox 1047 1561 1241 1606; x_wconf 84' lang='lat' dir='ltr'><strong>gantiorem</strong></span> <span class='ocrx_word' id='word_1_260' title='bbox 1253 1560 1392 1605; x_wconf 86' lang='lat' dir='ltr'><strong>judicat.</strong></span> <span class='ocrx_word' id='word_1_261' title='bbox 1406 1560 1507 1607; x_wconf 83' lang='lat' dir='ltr'><strong>Regii</strong></span> <span class='ocrx_word' id='word_1_262' title='bbox 1521 1562 1652 1606; x_wconf 89' lang='lat' dir='ltr'><strong>nostri,</strong></span> <span class='ocrx_word' id='word_1_263' title='bbox 1669 1565 1721 1596; x_wconf 83' lang='lat' dir='ltr'><strong>in-</strong></span> 
     </span>
     <span class='ocr_line' id='line_1_48' title="bbox 1037 1612 1723 1659; baseline 0.003 -14"><span class='ocrx_word' id='word_1_264' title='bbox 1037 1612 1164 1655; x_wconf 84' lang='lat' dir='ltr'><strong>fames.</strong></span> <span class='ocrx_word' id='word_1_265' title='bbox 1186 1613 1338 1647; x_wconf 84' lang='lat' dir='ltr'><strong>Insames</strong></span> <span class='ocrx_word' id='word_1_266' title='bbox 1359 1625 1432 1646; x_wconf 90' lang='lat' dir='ltr'><strong>non</strong></span> <span class='ocrx_word' id='word_1_267' title='bbox 1451 1614 1565 1647; x_wconf 83' lang='lat' dir='ltr'><strong>solnm</strong></span> <span class='ocrx_word' id='word_1_268' title='bbox 1579 1620 1723 1659; x_wconf 86' lang='lat' dir='ltr'><strong>propter</strong></span> 
     </span>
     <span class='ocr_line' id='line_1_49' title="bbox 1046 1663 1722 1710; baseline 0.004 -14"><span class='ocrx_word' id='word_1_269' title='bbox 1046 1663 1314 1708; x_wconf 82' lang='lat' dir='ltr'><strong>crudelitatem,</strong></span> <span class='ocrx_word' id='word_1_270' title='bbox 1348 1663 1408 1698; x_wconf 87' lang='lat' dir='ltr'><strong>sed</strong></span> <span class='ocrx_word' id='word_1_271' title='bbox 1432 1671 1467 1698; x_wconf 85' lang='lat' dir='ltr'><strong>et</strong></span> <span class='ocrx_word' id='word_1_272' title='bbox 1492 1664 1570 1699; x_wconf 84' lang='lat' dir='ltr'><strong>ideo</strong></span> <span class='ocrx_word' id='word_1_273' title='bbox 1587 1691 1597 1709; x_wconf 89' lang='lat'>‚</span> <span class='ocrx_word' id='word_1_274' title='bbox 1627 1665 1722 1710; x_wconf 84' lang='lat' dir='ltr'><strong>quod</strong></span> 
     </span>
     <span class='ocr_line' id='line_1_50' title="bbox 1048 1715 1723 1759; baseline 0.003 -11"><span class='ocrx_word' id='word_1_275' title='bbox 1048 1715 1122 1759; x_wconf 83' lang='lat' dir='ltr'><strong>ejus</strong></span> <span class='ocrx_word' id='word_1_276' title='bbox 1137 1715 1197 1749; x_wconf 86' lang='lat' dir='ltr'><strong>alae</strong></span> <span class='ocrx_word' id='word_1_277' title='bbox 1209 1741 1218 1758; x_wconf 89' lang='lat'>,</span> <span class='ocrx_word' id='word_1_278' title='bbox 1237 1727 1300 1748; x_wconf 88' lang='lat' dir='ltr'><strong>ova</strong></span> <span class='ocrx_word' id='word_1_279' title='bbox 1311 1721 1346 1749; x_wconf 86' lang='lat' dir='ltr'><strong>et</strong></span> <span class='ocrx_word' id='word_1_280' title='bbox 1361 1715 1490 1750; x_wconf 86' lang='lat' dir='ltr'><strong>viscera</strong></span> <span class='ocrx_word' id='word_1_281' title='bbox 1507 1715 1723 1750; x_wconf 80' lang='lat' dir='ltr'><strong>adhibeban—</strong></span> 
     </span>
     <span class='ocr_line' id='line_1_51' title="bbox 1048 1767 1722 1813; baseline 0.003 -13"><span class='ocrx_word' id='word_1_282' title='bbox 1048 1767 1150 1800; x_wconf 87' lang='lat' dir='ltr'><strong>turin</strong></span> <span class='ocrx_word' id='word_1_283' title='bbox 1162 1773 1234 1801; x_wconf 85' lang='lat' dir='ltr'><strong>arte</strong></span> <span class='ocrx_word' id='word_1_284' title='bbox 1243 1767 1392 1812; x_wconf 83' lang='lat' dir='ltr'><strong>magica:</strong></span> <span class='ocrx_word' id='word_1_285' title='bbox 1406 1767 1574 1802; x_wconf 85' lang='lat' dir='ltr'><strong>Horatius</strong></span> <span class='ocrx_word' id='word_1_286' title='bbox 1585 1794 1594 1811; x_wconf 92' lang='lat'>‚</span> <span class='ocrx_word' id='word_1_287' title='bbox 1609 1768 1722 1813; x_wconf 86' lang='lat' dir='ltr'><strong>Epod.</strong></span> 
     </span>
     <span class='ocr_line' id='line_1_52' title="bbox 1049 1819 1720 1868; baseline 0.003 -16"><span class='ocrx_word' id='word_1_288' title='bbox 1049 1831 1093 1862; x_wconf 89' lang='lat' dir='ltr'><strong>v,</strong></span> <span class='ocrx_word' id='word_1_289' title='bbox 1116 1833 1179 1861; x_wconf 84' lang='lat'><strong>20;</strong></span> <span class='ocrx_word' id='word_1_290' title='bbox 1207 1819 1410 1864; x_wconf 86' lang='lat' dir='ltr'><strong>Propertius</strong></span> <span class='ocrx_word' id='word_1_291' title='bbox 1424 1845 1434 1863; x_wconf 89' lang='lat'>,</span> <span class='ocrx_word' id='word_1_292' title='bbox 1458 1819 1537 1863; x_wconf 90' lang='lat'>111,</span> <span class='ocrx_word' id='word_1_293' title='bbox 1568 1831 1630 1863; x_wconf 83' lang='lat' dir='ltr'><strong>lv,</strong></span> <span class='ocrx_word' id='word_1_294' title='bbox 1652 1834 1720 1868; x_wconf 77' lang='lat'><strong>29;</strong></span> 
     </span>
     <span class='ocr_line' id='line_1_53' title="bbox 1051 1871 1723 1918; baseline 0.001 -12"><span class='ocrx_word' id='word_1_295' title='bbox 1051 1871 1183 1906; x_wconf 85' lang='lat' dir='ltr'><strong>Seneca</strong></span> <span class='ocrx_word' id='word_1_296' title='bbox 1198 1897 1208 1915; x_wconf 88' lang='lat'>,</span> <span class='ocrx_word' id='word_1_297' title='bbox 1235 1871 1333 1906; x_wconf 89' lang='lat' dir='ltr'><strong>Med.</strong></span> <span class='ocrx_word' id='word_1_298' title='bbox 1357 1872 1430 1916; x_wconf 83' lang='lat'>735.</span> <span class='ocrx_word' id='word_1_299' title='bbox 1458 1872 1580 1917; x_wconf 83' lang='lat' dir='ltr'><strong>Itaque</strong></span> <span class='ocrx_word' id='word_1_300' title='bbox 1601 1872 1723 1918; x_wconf 75' lang='lat' dir='ltr'><strong>striges</strong></span> 
     </span>
     <span class='ocr_line' id='line_1_54' title="bbox 1050 1925 1723 1971; baseline 0 -12"><span class='ocrx_word' id='word_1_301' title='bbox 1050 1925 1152 1971; x_wconf 86' lang='lat' dir='ltr'><strong>vulgo</strong></span> <span class='ocrx_word' id='word_1_302' title='bbox 1175 1925 1392 1959; x_wconf 78' lang='lat' dir='ltr'><strong>habebantur</strong></span> <span class='ocrx_word' id='word_1_303' title='bbox 1413 1937 1477 1971; x_wconf 87' lang='lat' dir='ltr'><strong>pro</strong></span> <span class='ocrx_word' id='word_1_304' title='bbox 1500 1925 1663 1960; x_wconf 77' lang='lat' dir='ltr'><strong>veneficis</strong></span> <span class='ocrx_word' id='word_1_305' title='bbox 1684 1925 1723 1959; x_wconf 88' lang='lat' dir='ltr'><strong>in</strong></span> 
     </span>
     <span class='ocr_line' id='line_1_55' title="bbox 1051 1976 1725 2021; baseline -0.001 -10"><span class='ocrx_word' id='word_1_306' title='bbox 1051 1977 1134 2011; x_wconf 80' lang='lat' dir='ltr'><strong>tales</strong></span> <span class='ocrx_word' id='word_1_307' title='bbox 1150 1989 1227 2011; x_wconf 84' lang='lat' dir='ltr'><strong>aves</strong></span> <span class='ocrx_word' id='word_1_308' title='bbox 1241 1977 1402 2021; x_wconf 81' lang='lat' dir='ltr'><strong>mutatis,</strong></span> <span class='ocrx_word' id='word_1_309' title='bbox 1423 1983 1593 2021; x_wconf 84' lang='lat' dir='ltr'><strong>erantque</strong></span> <span class='ocrx_word' id='word_1_310' title='bbox 1609 1976 1646 2010; x_wconf 90' lang='lat' dir='ltr'><strong>in</strong></span> <span class='ocrx_word' id='word_1_311' title='bbox 1664 1988 1725 2011; x_wconf 82' lang='lat' dir='ltr'><strong>ex·-</strong></span> 
     </span>
     <span class='ocr_line' id='line_1_56' title="bbox 1051 2029 1723 2075; baseline 0.001 -12"><span class='ocrx_word' id='word_1_312' title='bbox 1051 2029 1298 2064; x_wconf 84' lang='lat' dir='ltr'><strong>secrationibus</strong></span> <span class='ocrx_word' id='word_1_313' title='bbox 1327 2037 1363 2064; x_wconf 89' lang='lat' dir='ltr'><strong>et</strong></span> <span class='ocrx_word' id='word_1_314' title='bbox 1393 2029 1723 2075; x_wconf 74' lang='lat' dir='ltr'><strong>imprecationibus:</strong></span> 
     </span>
     <span class='ocr_line' id='line_1_57' title="bbox 1054 2081 1575 2128; baseline 0.008 -14"><span class='ocrx_word' id='word_1_315' title='bbox 1054 2081 1209 2125; x_wconf 88' lang='lat' dir='ltr'><strong>Plinius,</strong></span> <span class='ocrx_word' id='word_1_316' title='bbox 1234 2081 1310 2124; x_wconf 88' lang='lat' dir='ltr'><strong>XI,</strong></span> <span class='ocrx_word' id='word_1_317' title='bbox 1339 2081 1391 2128; x_wconf 82' lang='lat'><strong>39.</strong></span> <span class='ocrx_word' id='word_1_318' title='bbox 1572 2116 1575 2118; x_wconf 90' lang='lat'>.</span> 
     </span>
    </p>

    <p class='ocr_par' dir='ltr' id='par_1_20' title="bbox 1054 2131 1730 2751">
     <span class='ocr_line' id='line_1_58' title="bbox 1098 2131 1726 2177; baseline 0 -12"><span class='ocrx_word' id='word_1_319' title='bbox 1098 2146 1172 2176; x_wconf 80' lang='lat'><strong>27¹·</strong></span> <span class='ocrx_word' id='word_1_320' title='bbox 1189 2134 1365 2176; x_wconf 75' lang='lat' dir='ltr'><strong>Ambigui,</strong></span> <span class='ocrx_word' id='word_1_321' title='bbox 1383 2131 1507 2166; x_wconf 82' lang='lat' dir='ltr'><strong>faciem</strong></span> <span class='ocrx_word' id='word_1_322' title='bbox 1525 2144 1633 2177; x_wconf 90' lang='lat' dir='ltr'><strong>usque</strong></span> <span class='ocrx_word' id='word_1_323' title='bbox 1644 2144 1726 2165; x_wconf 89' lang='lat' dir='ltr'><strong>mu-</strong></span> 
     </span>
     <span class='ocr_line' id='line_1_59' title="bbox 1054 2185 1725 2231; baseline -0.001 -12"><span class='ocrx_word' id='word_1_324' title='bbox 1054 2186 1158 2219; x_wconf 80' lang='lat' dir='ltr'><strong>tantis</strong></span> <span class='ocrx_word' id='word_1_325' title='bbox 1169 2212 1178 2229; x_wconf 92' lang='lat'>,</span> <span class='ocrx_word' id='word_1_326' title='bbox 1198 2192 1237 2219; x_wconf 93' lang='lat' dir='ltr'><strong>ut</strong></span> <span class='ocrx_word' id='word_1_327' title='bbox 1254 2185 1308 2228; x_wconf 88' lang='lat'><strong>11,</strong></span> <span class='ocrx_word' id='word_1_328' title='bbox 1326 2198 1357 2231; x_wconf 80' lang='lat'><strong>9.</strong></span> <span class='ocrx_word' id='word_1_329' title='bbox 1371 2185 1519 2219; x_wconf 78' lang='lat' dir='ltr'><strong>Putabat</strong></span> <span class='ocrx_word' id='word_1_330' title='bbox 1528 2185 1725 2229; x_wconf 86' lang='lat' dir='ltr'><strong>superstitio</strong></span> 
     </span>
     <span class='ocr_line' id='line_1_60' title="bbox 1055 2236 1727 2280; baseline 0 -10"><span class='ocrx_word' id='word_1_331' title='bbox 1055 2236 1226 2271; x_wconf 87' lang='lat' dir='ltr'><strong>Veterum</strong></span> <span class='ocrx_word' id='word_1_332' title='bbox 1242 2263 1251 2280; x_wconf 91' lang='lat'>,</span> <span class='ocrx_word' id='word_1_333' title='bbox 1269 2236 1456 2271; x_wconf 84' lang='lat' dir='ltr'><strong>nonnullos</strong></span> <span class='ocrx_word' id='word_1_334' title='bbox 1470 2236 1614 2271; x_wconf 84' lang='lat' dir='ltr'><strong>vicissim</strong></span> <span class='ocrx_word' id='word_1_335' title='bbox 1631 2249 1727 2270; x_wconf 86' lang='lat' dir='ltr'><strong>nunc</strong></span> 
     </span>
     <span class='ocr_line' id='line_1_61' title="bbox 1054 2289 1727 2333; baseline -0.003 -9"><span class='ocrx_word' id='word_1_336' title='bbox 1054 2289 1214 2324; x_wconf 81' lang='lat' dir='ltr'><strong>homines</strong></span> <span class='ocrx_word' id='word_1_337' title='bbox 1226 2302 1296 2324; x_wconf 85' lang='lat' dir='ltr'><strong>esse</strong></span> <span class='ocrx_word' id='word_1_338' title='bbox 1306 2315 1315 2333; x_wconf 90' lang='lat'>,</span> <span class='ocrx_word' id='word_1_339' title='bbox 1327 2302 1422 2323; x_wconf 87' lang='lat' dir='ltr'><strong>nunc</strong></span> <span class='ocrx_word' id='word_1_340' title='bbox 1436 2289 1472 2323; x_wconf 88' lang='lat' dir='ltr'><strong>in</strong></span> <span class='ocrx_word' id='word_1_341' title='bbox 1485 2289 1648 2333; x_wconf 84' lang='lat' dir='ltr'><strong>luporum</strong></span> <span class='ocrx_word' id='word_1_342' title='bbox 1658 2289 1727 2323; x_wconf 87' lang='lat' dir='ltr'><strong>sor·</strong></span> 
     </span>
     <span class='ocr_line' id='line_1_62' title="bbox 1056 2338 1727 2382; baseline -0.001 -8"><span class='ocrx_word' id='word_1_343' title='bbox 1056 2353 1151 2375; x_wconf 86' lang='lat' dir='ltr'><strong>mam</strong></span> <span class='ocrx_word' id='word_1_344' title='bbox 1162 2341 1317 2375; x_wconf 84' lang='lat' dir='ltr'><strong>transire.</strong></span> <span class='ocrx_word' id='word_1_345' title='bbox 1327 2339 1406 2375; x_wconf 88' lang='lat' dir='ltr'><strong>Vid.</strong></span> <span class='ocrx_word' id='word_1_346' title='bbox 1417 2339 1653 2375; x_wconf 80' lang='lat' dir='ltr'><strong>Bruckhusius</strong></span> <span class='ocrx_word' id='word_1_347' title='bbox 1661 2365 1671 2382; x_wconf 91' lang='lat'>,</span> <span class='ocrx_word' id='word_1_348' title='bbox 1684 2338 1727 2373; x_wconf 87' lang='lat' dir='ltr'><strong>ad</strong></span> 
     </span>
     <span class='ocr_line' id='line_1_63' title="bbox 1057 2391 1730 2438; baseline -0.003 -11"><span class='ocrx_word' id='word_1_349' title='bbox 1057 2393 1281 2438; x_wconf 83' lang='lat' dir='ltr'><strong>Propertium</strong></span> <span class='ocrx_word' id='word_1_350' title='bbox 1290 2392 1378 2435; x_wconf 88' lang='lat' dir='ltr'>,-1V‚</span> <span class='ocrx_word' id='word_1_351' title='bbox 1391 2405 1412 2425; x_wconf 86' lang='lat' dir='ltr'>v</span> <span class='ocrx_word' id='word_1_352' title='bbox 1422 2418 1431 2435; x_wconf 96' lang='lat'>,</span> <span class='ocrx_word' id='word_1_353' title='bbox 1457 2393 1504 2435; x_wconf 74' lang='lat'><strong>¹4·</strong></span> <span class='ocrx_word' id='word_1_354' title='bbox 1517 2391 1640 2426; x_wconf 71' lang='lat' dir='ltr'><strong>Manet</strong></span> <span class='ocrx_word' id='word_1_355' title='bbox 1650 2391 1730 2436; x_wconf 85' lang='lat' dir='ltr'><strong>qui-</strong></span> 
     </span>
     <span class='ocr_line' id='line_1_64' title="bbox 1057 2445 1729 2488; baseline -0.003 -8"><span class='ocrx_word' id='word_1_356' title='bbox 1057 2446 1138 2480; x_wconf 88' lang='lat' dir='ltr'><strong>dem</strong></span> <span class='ocrx_word' id='word_1_357' title='bbox 1156 2446 1380 2480; x_wconf 90' lang='lat' dir='ltr'><strong>Burmannus</strong></span> <span class='ocrx_word' id='word_1_358' title='bbox 1395 2445 1597 2488; x_wconf 71' lang='lat' dir='ltr'><strong>Ambiguum</strong></span> <span class='ocrx_word' id='word_1_359' title='bbox 1608 2457 1648 2479; x_wconf 82' lang='lat' dir='ltr'><strong>ex</strong></span> <span class='ocrx_word' id='word_1_360' title='bbox 1659 2456 1729 2478; x_wconf 92' lang='lat' dir='ltr'><strong>uno</strong></span> 
     </span>
     <span class='ocr_line' id='line_1_65' title="bbox 1058 2495 1730 2540; baseline -0.003 -8"><span class='ocrx_word' id='word_1_361' title='bbox 1058 2497 1136 2532; x_wconf 90' lang='lat' dir='ltr'><strong>MS.</strong></span> <span class='ocrx_word' id='word_1_362' title='bbox 1156 2511 1200 2531; x_wconf 90' lang='lat' dir='ltr'><strong>ne</strong></span> <span class='ocrx_word' id='word_1_363' title='bbox 1219 2500 1294 2540; x_wconf 81' lang='lat' dir='ltr'><strong>lupi</strong></span> <span class='ocrx_word' id='word_1_364' title='bbox 1305 2503 1474 2531; x_wconf 85' lang='lat' dir='ltr'><strong>oneretur</strong></span> <span class='ocrx_word' id='word_1_365' title='bbox 1497 2495 1632 2530; x_wconf 88' lang='lat' dir='ltr'><strong>duobus</strong></span> <span class='ocrx_word' id='word_1_366' title='bbox 1648 2495 1730 2540; x_wconf 86' lang='lat' dir='ltr'><strong>epi-</strong></span> 
     </span>
     <span class='ocr_line' id='line_1_66' title="bbox 1057 2546 1729 2592; baseline -0.006 -9"><span class='ocrx_word' id='word_1_367' title='bbox 1057 2548 1181 2590; x_wconf 84' lang='lat' dir='ltr'><strong>thetis;</strong></span> <span class='ocrx_word' id='word_1_368' title='bbox 1209 2548 1270 2583; x_wconf 88' lang='lat' dir='ltr'><strong>sed</strong></span> <span class='ocrx_word' id='word_1_369' title='bbox 1294 2556 1329 2583; x_wconf 88' lang='lat' dir='ltr'><strong>et</strong></span> <span class='ocrx_word' id='word_1_370' title='bbox 1352 2561 1454 2583; x_wconf 87' lang='lat' dir='ltr'><strong>versu</strong></span> <span class='ocrx_word' id='word_1_371' title='bbox 1474 2547 1633 2592; x_wconf 89' lang='lat' dir='ltr'><strong>sequenti</strong></span> <span class='ocrx_word' id='word_1_372' title='bbox 1659 2546 1729 2580; x_wconf 92' lang='lat' dir='ltr'><strong>duo</strong></span> 
     </span>
     <span class='ocr_line' id='line_1_67' title="bbox 1058 2596 1729 2646; baseline -0.006 -12"><span class='ocrx_word' id='word_1_373' title='bbox 1058 2600 1208 2646; x_wconf 82' lang='lat' dir='ltr'><strong>epitheta</strong></span> <span class='ocrx_word' id='word_1_374' title='bbox 1217 2607 1299 2635; x_wconf 87' lang='lat' dir='ltr'><strong>sunt</strong></span> <span class='ocrx_word' id='word_1_375' title='bbox 1311 2626 1319 2643; x_wconf 92' lang='lat'>,</span> <span class='ocrx_word' id='word_1_376' title='bbox 1330 2613 1503 2644; x_wconf 81' lang='lat' dir='ltr'><strong>squamea,</strong></span> <span class='ocrx_word' id='word_1_377' title='bbox 1520 2602 1647 2641; x_wconf 42' lang='lat' dir='ltr'><strong>tanain·</strong></span> <span class='ocrx_word' id='word_1_378' title='bbox 1657 2596 1729 2631; x_wconf 85' lang='lat' dir='ltr'><strong>duo</strong></span> 
     </span>
     <span class='ocr_line' id='line_1_68' title="bbox 1059 2650 1726 2697; baseline -0.006 -11"><span class='ocrx_word' id='word_1_379' title='bbox 1059 2659 1176 2687; x_wconf 86' lang='lat' dir='ltr'><strong>autem</strong></span> <span class='ocrx_word' id='word_1_380' title='bbox 1188 2652 1339 2697; x_wconf 84' lang='lat' dir='ltr'><strong>epitheta</strong></span> <span class='ocrx_word' id='word_1_381' title='bbox 1353 2665 1442 2697; x_wconf 86' lang='lat' dir='ltr'><strong>saepe</strong></span> <span class='ocrx_word' id='word_1_382' title='bbox 1453 2652 1632 2696; x_wconf 80' lang='lat' dir='ltr'><strong>leguntur:</strong></span> <span class='ocrx_word' id='word_1_383' title='bbox 1644 2650 1726 2692; x_wconf 90' lang='lat' dir='ltr'><strong>XV,</strong></span> 
     </span>
     <span class='ocr_line' id='line_1_69' title="bbox 1060 2705 1729 2751; baseline -0.007 -14"><span class='ocrx_word' id='word_1_384' title='bbox 1060 2718 1077 2737; x_wconf 84' lang='lat'><em>2</em></span> <span class='ocrx_word' id='word_1_385' title='bbox 1083 2718 1123 2751; x_wconf 80' lang='lat'><strong>29</strong></span> <span class='ocrx_word' id='word_1_386' title='bbox 1135 2730 1143 2747; x_wconf 92' lang='lat'>‚</span> <span class='ocrx_word' id='word_1_387' title='bbox 1162 2708 1278 2739; x_wconf 78' lang='lat' dir='ltr'><strong>inanes</strong></span> <span class='ocrx_word' id='word_1_388' title='bbox 1279 2706 1408 2747; x_wconf 78' lang='lat' dir='ltr'><strong>flm&#39;dos</strong></span> <span class='ocrx_word' id='word_1_389' title='bbox 1413 2705 1554 2747; x_wconf 77' lang='lat' dir='ltr'><strong>pendere</strong></span> <span class='ocrx_word' id='word_1_390' title='bbox 1563 2705 1706 2736; x_wconf 75' lang='lat' dir='ltr'><strong>lacertos</strong></span> <span class='ocrx_word' id='word_1_391' title='bbox 1714 2712 1729 2744; x_wconf 77' lang='lat'><strong>,-</strong></span> 
     </span>
    </p>
   </div>
  </div>
 </body>
</html>
