1832 3100
368 241 1065 291 METAMORPHOSEON
1102 248 1226 292 LIB.
1267 250 1305 292 Ι.
1495 250 1546 292 51

131 341 244 406 Qua!
267 339 438 389 diversa
459 339 569 389 loeis
588 340 752 407 partim
777 340 1016 389 sorbentur
1039 340 1094 389 ab
1119 339 1239 407 ipsa,
1509 354 1555 404 40

129 418 183 466 ln
205 436 324 466 mare
344 418 609 485 perveniunt
629 418 792 485 partim
805 455 817 477 ‚
842 424 1086 484 campoque
1109 430 1285 486 recepta

128 494 373 546 Liberioris
395 514 540 565 aquae‚
566 515 650 563 pro
677 496 788 564 ripis
813 495 947 545 litora
968 495 1164 563 pulsant.

130 573 275 623 Iussit
297 586 342 623 et
362 574 539 623 extendi
562 593 762 641 campos,
790 573 1019 623 subsidere
1041 573 1198 633 valles,

131 650 307 700 Fronde
333 651 420 715 ‘tegi
445 651 596 711 silvas,
618 651 848 719 lapidosos
867 669 1046 715 surgere
1069 663 1258 699 montes.

132 730 284 796 thue
307 729 402 791 duae
426 730 579 779 dextra
599 729 777 788 caelum,
805 729 1080 796 totidemque
1106 729 1303 778 sinistra·
1518 745 1562 789 45

132 808 263 857 Parte
288 821 438 858 secant
458 811 611 866 Zonae,
638 809 794 875 quinta
816 818 885 857 est
905 807 1131 856 ardentior
1152 807 1241 856 illis
1262 828 1273 868 3

133 887 207 936 Sic
231 906 348 936 onus
370 885 590 935 inclusum
614 905 800 936 numero
827 883 1028 935 distinxit
1051 887 1207 936 eodem

136 965 255 1014 Cura
277 964 388 1024 Dei;
409 963 681 1031 totidemque
705 963 846 1032 plagae
871 964 1026 1013 tellure
1047 975 1333 1031 premuntur:

134 1100 230 1136 ribus
240 1099 404 1135 defluunt
415 1114 425 1144 ς
432 1113 559 1145 pronos
558 1102 686 1145 fluvios
697 1100 753 1134 alii
764 1099 820 1134 di-

135 1159 284 1187 cunt.·—
298 1153 452 1197 obliquis
464 1151 642 1197 eleganter
657 1151 820 1197 exprimit

135 1216 279 1239 cursum
315 1203 509 1238 fluviorum
541 1209 750 1238 tortuosum.
777 1221 822 1243 —e

141 1257 276 1296 Cama,
294 1254 445 1289 inclusit.

182 1310 238 1352 40.
254 1308 328 1344 Pro
338 1310 470 1342 diversa
480 1309 565 1342 locis
573 1334 581 1349 ,
603 1307 733 1354 Georg.
746 1307 800 1343 IV
809 1335 820 1353 ‚

141 1361 226 1408 367,
244 1361 282 1396 in
300 1359 451 1406 pedestri
468 1360 626 1395 oratione
643 1360 820 1405 usitatius,

140 1414 387 1454 dieerstltlocis.
403 1432 448 1452 -,-
462 1415 656 1454 sorbentur,
676 1420 716 1448 ut
733 1413 822 1448 Are-

142 1467 252 1510 thusa.
270 1466 430 1512 Quidam
445 1466 598 1501 subeunt
614 1473 723 1500 terras
734 1492 744 1510 ,
760 1465 822 1500 sed

141 1533 223 1557 mox
235 1520 456 1564 redduntur,
481 1526 520 1554 ut
536 1519 649 1567 Lycus
661 1519 696 1554 in
716 1519 799 1554 Asia
811 1545 822 1563 ‚

142 1567 311 1622 Erasinus
333 1571 370 1608 in
401 1570 565 1618 Argolica
589 1584 597 1606 :
624 1571 704 1606 vide
731 1571 823 1606 Plin.

141 1624 191 1664 H.
207 1625 252 1662 N.
269 1623 306 1660 II
319 1651 330 1669 ,
361 1623 434 1660 103.

183 1681 238 1724 41.
262 1679 472 1715 Petamne.
493 1677 716 1713 Francosurt.
734 1690 824 1711 con—

141 1732 295 1775 oemunt,
323 1729 443 1766 addita
467 1729 534 1765 hac
561 1729 691 1776 glossa,
715 1731 757 1764 id
774 1733 829 1763 est

138 1797 213 1818 cum
223 1784 519 1827 altisflumiuibus.
537 1781 671 1816 Probat
680 1779 827 1827 quidem

139 1838 371 1875 Burmannus
382 1864 391 1880 ,
420 1840 645 1878 comtem'unn
671 1836 733 1871 sed
760 1849 826 1882 ego

140 1890 229 1929 nihil
267 1888 485 1926 mutandum
519 1889 680 1924 arbitror.
729 1888 827 1924 Alios

141 1943 238 1980 enim
257 1942 382 1978 fluvios
398 1941 494 1977 velut
514 1941 693 1987 intercipit
709 1948 803 1976 terra
816 1968 827 1986 ‚

143 1998 200 2033 alii
235 2008 347 2044 usque
389 1995 434 2032 ad
467 1998 566 2031 mare
603 1996 827 2042 perveniunt.

146 2051 292 2095 Campus
307 2056 343 2085 et
357 2061 468 2095 aequor
479 2056 739 2094 quamcumque
757 2046 830 2092 pla—

144 2103 271 2138 nitiem
298 2102 493 2148 designant.
517 2102 614 2136 Hinc
638 2108 830 2146 utrumque

146 2154 264 2190 vocab.
280 2154 480 2200 promiscue
496 2158 579 2187 mox
602 2152 645 2187 de
663 2153 805 2198 planitie
818 2178 828 2194 ,

147 2206 238 2254 agris
248 2232 258 2250 ,
270 2218 353 2240 mox
363 2205 407 2240 de
418 2204 603 2251 superficie
618 2212 678 2239 aut
691 2204 735 2240 de
748 2206 831 2239 sun—

148 2261 195 2296 do
203 2260 309 2295 maris
317 2259 455 2295 dicitur.
463 2258 594 2293 Melius
605 2266 722 2293 tamen
735 2271 833 2294 nune

148 2313 369 2349 abstinuisset
393 2311 429 2346 h.
453 2324 549 2355 voc.,
571 2310 652 2357 quia
675 2310 832 2356 proxime

147 2367 306 2412 sequitur
322 2367 463 2400 extendi
473 2377 619 2410 campos.

194 2420 248 2463 42.
275 2418 470 2454 liberioris.
495 2418 579 2452 Non
605 2416 747 2452 inclusae
773 2429 835 2451 an*

152 2471 259 2518 gustis
270 2470 363 2516 ripis.
385 2472 484 2515 Vaga
494 2483 584 2515 aqua
595 2483 613 2505 a
627 2469 757 2504 Nostro
774 2483 835 2515 ap-

151 2522 301 2569 pellatur
316 2521 465 2557 Heroid.
483 2522 518 2557 X
531 2549 541 2567 ,
564 2521 636 2557 136.
651 2541 695 2547 —
705 2523 771 2557 Pro
787 2526 837 2556 ri·-

147 2579 206 2620 pz‘s
222 2582 307 2619 etc„
331 2587 452 2610 merus
467 2574 562 2610 lusus
579 2575 837 2622 grammaticus.

153 2648 198 2656 —
212 2630 326 2663 Sidere
342 2635 400 2663 aut
417 2630 587 2663 subsidere
607 2627 651 2663 de
667 2628 750 2663 locis
767 2628 838 2663 de-

154 2681 278 2727 pressis
299 2688 335 2716 et
357 2680 597 2727 complanatis.
619 2680 702 2719 Vid.
725 2679 838 2715 Gron.

157 2732 343 2768 Observat.
370 2747 403 2779 p.
430 2732 494 2780 726
517 2745 525 2768 z
558 2745 690 2777 surgere
718 2738 841 2766 contra

160 2785 270 2830 (quasi
287 2785 435 2832 surrigi,
462 2797 603 2820 sursum
623 2782 694 2830 agi)
713 2783 755 2818 de
780 2783 841 2827 iis,

886 1113 964 1147 quae
972 1106 1174 1135 excrescunt
1185 1100 1222 1134 in
1234 1099 1467 1135 altitudinem.
1480 1099 1569 1135 Dra-

881 1152 986 1187 kenb.
1005 1152 1047 1186 ad
1066 1151 1191 1186 Silium
1204 1179 1214 1196 ,
1241 1153 1298 1187 III
1313 1179 1322 1196 ,
1349 1152 1415 1199 659
1434 1166 1442 1187 :
1462 1155 1570 1188 Frons

886 1204 1004 1240 honor
1019 1205 1206 1248 arborum,
1224 1218 1312 1240 vers.
1330 1205 1405 1249 346.

930 1258 983 1300 44.
1001 1258 1201 1301 lapidosos.
1216 1256 1394 1292 Gebhard.
1413 1256 1518 1302 Crep.
1533 1257 1569 1301 Ι,

886 1309 928 1353 6,
951 1313 1122 1353 spatiosos
1144 1322 1298 1343 crescere.
1327 1309 1374 1343 Et
1397 1309 1443 1343 ita
1461 1309 1570 1344 Palat.

886 1373 953 1395 see.
961 1360 1010 1395 At
1019 1360 1168 1395 alterum
1183 1360 1338 1406 agnoscit
1348 1360 1505 1395 Lactant.
1520 1361 1569 1403 ΙΙ,

889 1413 908 1446 5
919 1438 930 1456 ‚
948 1419 984 1447 et
997 1425 1128 1457 surgere
1144 1412 1344 1458 exquisitius
1356 1425 1462 1458 quam
1474 1425 1572 1447 cres-

888 1477 970 1499 cere.
977 1463 1096 1500 Etiam
1103 1468 1278 1510 lapidosos
1290 1464 1408 1499 minus
1417 1465 1573 1511 vulgare,

890 1531 995 1564 quam
1011 1522 1192 1564 spatiosos.

933 1573 986 1616 45.
1010 1573 1118 1617 Islque
1127 1574 1200 1606 dua·
1210 1574 1330 1606 dextra
1342 1579 1406 1607 etc.
1425 1571 1575 1616 Quem*-

830 1632 833 1634 ’
890 1618 1085 1658 admodum
1116 1623 1154 1658 in
1181 1623 1265 1659 caelo
1294 1621 1451 1669 quinque
1478 1635 1575 1658 zonae

890 1684 991 1721 sunt,
1012 1675 1090 1713 duae
1106 1677 1260 1723 frigidae,
1279 1677 1429 1711 totidem
1446 1684 1577 1722 tempe-

890 1732 996 1773 ratae,
1023 1743 1094 1764 una
1112 1730 1245 1764 torrida
1263 1744 1269 1771 ;
1296 1730 1343 1764 sic
1363 1737 1398 1763 et
1415 1730 1451 1763 in
1472 1736 1576 1763 terra.

892 1783 936 1817 In'
950 1783 1076 1817 h'arum
1087 1782 1319 1828 descriptione
1332 1783 1463 1824 Nostro
1481 1772 1578 1827 pru:—

891 1835 1029 1870 iverant
1045 1835 1168 1881 virgil.
1193 1835 1321 1879 Georg.
1341 1834 1356 1868 I
1369 1860 1379 1877 ,
1401 1834 1465 1867 233
1481 1846 1555 1879 sqq.
1567 1860 1577 1877 ‚

893 1894 928 1922 et
946 1887 1062 1922 Tibul.
1082 1887 1157 1930 IV,
1177 1896 1190 1919 1
1205 1912 1214 1930 ,
1240 1886 1416 1931 152-174,
1436 1885 1495 1930 qui
1512 1897 1580 1920 cae-

892 1940 976 1975 teris
992 1939 1165 1985 copiosior
1176 1945 1238 1974 est.
1253 1937 1308 1973 Cs.
1326 1938 1433 1973 etiam
1453 1936 1580 1971 Claud.

895 1992 939 2026 R.
963 1987 1003 2026 P'.
1025 1992 1041 2026 I
1059 2018 1069 2035 ,
1095 1991 1263 2037 257-263.
1285 1990 1403 2025 Multo
1421 1990 1582 2025 ornatior

896 2044 1027 2080 Ovidio
1045 2051 1097 2080 est
1115 2043 1292 2090 Virgilius.
1309 2043 1382 2078 Pro
1398 2056 1441 2078 eo
1455 2070 1464 2087 ,
1485 2042 1581 2088 quod

895 2098 951 2133 hic
963 2097 1111 2144 legimus
1123 2124 1133 2142 ,
1145 2099 1393 2142 alludentium
1412 2095 1469 2131 ille
1479 2096 1581 2131 dixit:

895 2164 964 2185 una
980 2163 1118 2185 corusco
1139 2150 1275 2194 Semper
1298 2152 1370 2183 sole
1386 2152 1524 2190 rubens,
1551 2153 1587 2183 et

896 2205 1025 2240 torrida
1035 2216 1164 2248 semper
1171 2205 1215 2237 ab
1230 2205 1306 2246 igni
1314 2213 1326 2244 ,⁸
1347 2208 1382 2236 et
1393 2200 1435 2236 de
1450 2200 1583 2247 frigidis

897 2267 972 2290 non
989 2251 1069 2290 satis
1086 2255 1209 2289 habuit
1224 2256 1330 2288 altam
1350 2258 1456 2288 nivem
1475 2267 1582 2300 corp-

898 2319 1098 2342 memorare
1109 2333 1118 2351 ,
1133 2306 1193 2341 sed
1207 2317 1214 2338 :
1230 2308 1372 2341 coerulea
1381 2308 1493 2351 glacie
1503 2318 1585 2340 con-

898 2366 995 2396 crelae
1009 2365 1109 2406 atque
1123 2361 1285 2394 imbribus
1300 2362 1394 2393 atris.
1416 2358 1417 2361 ’

944 2414 997 2457 46.
1015 2413 1158 2456 Secanl,
1190 2411 1351 2446 dividunt
1372 2423 1380 2445 z
1404 2409 1551 2445 ductum
1566 2422 1586 2445 a

900 2464 1034 2512 sphaera
1046 2491 1055 2508 ‚
1074 2477 1180 2510 quam
1200 2467 1320 2498 secant
1336 2461 1466 2496 circuli.
1493 2463 1588 2496 Onus

900 2520 1067 2554 inclusum
1079 2544 1087 2557 ‚
1112 2516 1223 2550 moles
1239 2523 1343 2550 terrae
1356 2541 1365 2559 ,
1393 2528 1501 2560 quam
1523 2515 1589 2550 in·-

902 2570 1011 2606 cludit
1026 2569 1161 2604 caelum.
1174 2585 1219 2594 --·
1235 2570 1324 2602 Cura
1335 2569 1409 2602 Dei
1421 2574 1472 2602 est
1489 2567 1589 2603 Deus

902 2623 975 2667 ipse
995 2648 1005 2665 ,
1046 2620 1107 2656 sed
1142 2627 1314 2666 quatenus
1343 2633 1466 2656 curam
1499 2620 1590 2666 gerit

905 2673 1041 2708 mundi.
1059 2673 1151 2708 Fast.
1162 2683 1175 2707 1
1187 2699 1198 2718 ,
1217 2673 1257 2718 37
1270 2685 1277 2708 :
1289 2673 1374 2707 Hoec
1386 2676 1491 2718 igilur
1504 2675 1595 2708 vidit

905 2731 1143 2763 trabealicura
1160 2728 1302 2771 Quirini.

951 2782 1002 2826 48.
1029 2783 1179 2824 Tellure,
1211 2781 1308 2819 deest
1323 2784 1369 2816 ίη.
1395 2782 1595 2816 premuntur
