1832 3100
329 229 1047 301 M‘ETAMORPHOSEON
1088 259 1218 301 LIB.
1259 261 1317 305 v.

1442 259 1524 314 [411

116 350 282 402 Rident
297 347 577 417 Emathides,
601 358 904 414 spernuntque
926 348 1112 396 minacia
1135 349 1267 399 verba
1285 371 1297 410 ;

117 431 380 494 Conataeque
402 425 553 493 loqui,
577 437 622 474 et
644 444 805 488 magno
831 424 1018 474 clamore
1041 438 1266 492 protervas

1466 443 1532 488 670

117 508 337 556 Intentare
354 521 509 565 manus
525 541 537 562 ‚
562 522 731 571 pennas
757 503 872 552 exire
895 522 975 570 per
998 523 1168 567 ungues

115 583 366 650 Adspexere
390 601 494 631 suos
507 620 519 640 ‚
545 582 709 649 operiri
731 581 911 630 brachia
929 580 1092 648 plumis
1111 601 1121 639 ;

115 659 354 727 Alteraque
375 659 555 708 alterius
576 659 722 722 rigido
748 677 1022 708 concrescere
1045 671 1192 708 rostro

116 740 210 790 Ora
231 738 352 787 videt
365 776 378 796 ‚
403 737 694 804 volucresque
715 757 849 786 novas
874 737 1074 786 accedere
1095 737 1230 786 silvis.

108 817 324 884 'Dumque
344 815 503 865 volunt
527 815 708 883 plangi,
733 835 813 882 per
836 815 1017 864 brachia
1037 827 1156 864 mota
1178 814 1328 864 levatae
1345 854 1356 875 ‚
1469 830 1534 877 675

111 894 227 944 Aere
247 893 526 961 pendebant,
551 912 783 942 nemorum
804 893 999 942 convicia
1013 931 1024 951 ‚
1049 893 1170 959 picae.

111 973 243 1021 Nunc
268 991 449 1039 quoque
472 971 520 1019 in
544 970 726 1020 alitibus
748 970 954 1020 facundia
977 969 1123 1037 prisca
1144 970 1354 1018 remansit
1369 1006 1380 1027 ‚

112 1052 353 1118 Raucaque
377 1049 611 1114 garrulitas
626 1086 638 1108 ,
665 1049 952 1115 studiumque
973 1048 1160 1096 immane
1183 1047 1408 1114 loquendi.
1434 1070 1455 1089 »

114 1207 194 1230 mus
233 1200 352 1230 autem
385 1193 453 1229 hoc
483 1205 617 1228 nomen
649 1192 792 1239 ingenio

115 1248 275 1290 Heinsii;
291 1260 446 1294 namque
459 1246 617 1282 Pierides
629 1246 734 1281 etiam
749 1246 791 1280 ab

116 1300 251 1335 Anton.
261 1299 336 1335 Lib.
345 1300 393 1334 ita
404 1306 585 1334 vocantur.
599 1297 697 1334 Olim
708 1297 793 1333 ede-

116 1353 221 1388 batur
249 1353 449 1397 Em'ppides,
484 1350 522 1386 id
545 1357 617 1394 est,
643 1350 793 1396 Evippes

115 1403 206 1440 ffliae.
233 1402 357 1439 Codex
374 1403 505 1450 Regius
524 1403 575 1448 A,
597 1404 789 1447 En1'pedes,·

72 1471 77 1477 ·
119 1457 241 1493 Codex
256 1458 306 1502 B,
323 1458 480 1495 Athides.
497 1457 578 1492 Hoc
593 1456 793 1502 exemplum

116 1511 303 1547 confirmat
314 1538 324 1554 ,
342 1511 436 1558 quod
451 1511 524 1556 jam
539 1511 687 1546 diximus
698 1536 708 1554 ‚
726 1522 794 1544 no-

115 1565 214 1600 mina
228 1564 369 1610 propria
378 1576 519 1610 semper
533 1564 570 1598 in
588 1563 696 1599 MSS.
713 1575 792 1598 cor-

115 1623 220 1663 rupta
237 1616 351 1652 fuisse.
366 1617 433 1652 Ed.

157 1668 234 1714 673.
252 1669 476 1704 Concrescere.
493 1666 707 1702 Lovanensis
718 1693 727 1711 ‚
740 1679 794 1701 oc·

113 1721 308 1761 callescere,
337 1726 379 1755 ut
401 1719 439 1754 in
470 1718 559 1753 libro
584 1718 687 1763 XIV,
716 1720 792 1754 282.

114 1770 220 1818 Regii
245 1771 358 1807 nostri
371 1797 381 1816 ,
408 1783 627 1806 concrescere.
641 1789 686 1798 -
705 1770 794 1805 Aere

108 1825 252 1868 pendere
277 1823 322 1859 de
344 1822 482 1859 volante
508 1822 644 1858 dicitur.
658 1840 702 1849 ·-—-
717 1823 794 1857 Ne-

113 1889 238 1912 morum
259 1879 430 1921 conubia,
461 1889 542 1912 aves
564 1889 627 1922 per
646 1887 795 1910 nemora

858 1194 1049 1240 garrientes
1076 1200 1112 1228 et
1132 1192 1390 1228 maledicentes.
1404 1209 1447 1218 -—·
1464 1194 1533 1226 Fa-

858 1249 981 1281 cundia
989 1274 997 1287 ,
1010 1246 1133 1281 eadem
1145 1258 1222 1292 quae
1228 1247 1421 1290 garrulitas.
1433 1244 1534 1279 Idem

858 1306 911 1334 ter
921 1299 1014 1334 dixit.
1029 1299 1094 1333 Vir
1106 1298 1248 1344 quidam
1261 1297 1382 1332 doctus
1393 1298 1535 1342 conjec-

860 1359 953 1386 turat
977 1353 1071 1386 Tunc
1098 1364 1240 1396 quoque,
1271 1350 1350 1395 quia
1377 1349 1536 1396 sequitur

857 1407 1026 1438 remansit.
1036 1403 1107 1438 Sed
1122 1400 1292 1438 refellitur
1306 1415 1325 1437 a
1339 1400 1479 1436 Clarkio
1491 1400 1534 1435 ad

859 1458 1008 1492 Homer.
1034 1456 1074 1491 Il.
1091 1456 1147 1500 A,
1176 1456 1216 1501 37
1231 1482 1240 1499 ,
1270 1454 1351 1500 quia
1375 1456 1537 1488 remansit

859 1517 910 1545 est
939 1516 1077 1555 tempus
1102 1520 1253 1554 praesens
1277 1507 1328 1542 rei
1362 1506 1533 1551 perfectae.

861 1560 1040 1597 Caeterum
1063 1559 1242 1595 Nicandro
1266 1565 1406 1594 auctore
1441 1556 1533 1603 apud

858 1614 992 1648 Anton.
1003 1611 1158 1647 Pierides
1176 1611 1212 1645 in
1229 1611 1328 1657 plura
1345 1609 1462 1644 avium
1473 1622 1534 1655 ge-

858 1678 944 1700 nera
974 1671 1118 1699 mutatae
1151 1670 1242 1698 sunt.
1262 1680 1307 1690 —-·
1322 1663 1536 1706 Sludz'umque

858 1720 1001 1752 immane
1011 1728 1024 1759 ,·
1057 1716 1104 1751 ita
1127 1714 1276 1750 Codices
1303 1713 1425 1748 nostri.
1456 1712 1535 1747 Cio-

858 1770 959 1808 sanus
981 1782 1000 1804 e
1021 1767 1195 1804 codicibus
1220 1766 1427 1812 quibusdam
1449 1777 1535 1811 pro-

859 1823 938 1858 tulit
951 1825 1156 1868 studiumque
1168 1825 1286 1862 inane,
1310 1820 1403 1867 quod
1417 1827 1535 1855 tuetur

860 1874 981 1909 Barth.
995 1888 1004 1918 3
1022 1873 1083 1910 sed
1099 1880 1246 1920 uterque
1262 1872 1450 1909 immerito.
1467 1873 1535 1906 Ed.
