1832 3100
228 241 315 303 374

581 244 633 288 Ρ.
684 245 923 291 ov1D11
960 238 1266 295 NASONIS

226 333 350 382 Talia
374 335 561 396 dicenti,
586 356 728 405 neque
751 358 876 398 eum,
900 360 1031 407 quem
1052 362 1156 392 voce
1182 345 1395 407 1·‚ogabat

227 413 463 478 Respicere
487 414 692 475 audenti,
717 439 739 460 «
762 417 923 481 Quod,
948 419 1030 477 ait,
1056 421 1330 471 timidissime
1356 424 1527 473 Phineu
1543 461 1556 484 ‚

226 511 249 530 »
277 490 337 537 Et
358 509 540 556 possum
565 492 793 552 tribuisse,
820 506 864 542 et
886 514 1094 558 magnum
1117 516 1279 547 munus
1302 490 1432 549 inerti
1453 514 1545 562 est,
1573 517 1638 552 225

227 589 250 609 »
277 568 398 617 Pone
420 581 608 628 metum,
635 571 857 620 tribuam:
882 571 1007 620 nullo
1027 573 1246 625 violabere
1267 576 1399 626 ferro.

222 665 249 686 >›
278 645 401 708 Quin
426 647 556 695 etiam
575 667 779 697 mansura
800 648 916 698 dabo
939 663 1225 701 monumenta
1246 672 1327 719 per
1344 674 1507 714 aevum3

226 744 249 764 »
276 723 417 789 Inque
441 724 572 773 domo
594 725 734 773 soceri
757 744 929 792 semper
951 728 1204 793 spectabere
1227 730 1395 790 nostri,

223 822 248 842 >›
276 802 339 849 Ut
360 821 456 851 mea
479 822 524 851 se
549 803 703 869 sponsi
728 802 896 852 soletur
918 804 1107 868 imagine
1129 807 1303 871 conjux.
1326 829 1350 850 »

219 877 345 927 Dixit
365 900 374 927 :
397 892 439 928 et
461 881 506 928 in
531 892 701 947 partem
724 880 1003 948 Phorcynida
1022 882 1250 931 transtulit
1273 883 1418 943 illam,

1574 901 1641 936 230

217 954 290 1002 Ad
317 975 445 1021 quam
470 976 516 1005 se
541 958 714 1024 trepido
739 958 935 1007 Phineus
959 958 1208 1006 obverterat
1231 979 1319 1008 ore.

220 1032 347 1080 Tunc
374 1053 548 1100 quoque
567 1035 745 1083 conanti
770 1054 849 1083 sua
869 1035 1039 1083 flectere
1059 1034 1226 1083 lumina
1240 1073 1252 1094 ‚
1276 1037 1419 1085 cervix

218 1109 416 1172 Diriguit
433 1149 445 1169 ,
471 1130 664 1178 saxoque
688 1112 918 1161 oculorum
941 1112 1141 1160 induruit
1163 1112 1337 1162 humor.

220 1187 305 1234 Sed
329 1200 473 1237 tamen
498 1209 548 1237 os
575 1190 799 1248 timidum,
824 1190 1061 1256 vultusque
1085 1190 1133 1237 in
1154 1210 1369 1240 marmore
1391 1191 1605 1259 supplex,

220 1263 547 1332 Submissaeque
570 1286 726 1315 manus
741 1304 752 1324 ,
781 1267 999 1333 faciesque
1026 1267 1222 1316 obnoxia
1245 1268 1420 1317 mansit.

1572 1282 1638 1318 235

282 1343 339 1389 II.
366 1343 522 1391 Victor
544 1344 818 1394 Abantiades
841 1345 1011 1411 patrios
1037 1364 1136 1393 cum
1160 1345 1346 1411 conjuge
1368 1365 1542 1402 muros?

219 1421 385 1479 Intrat,
409 1433 454 1470 et
477 1422 683 1471 immeriti
711 1423 871 1472 vindex
894 1423 1101 1489 ultorque
1124 1424 1321 1490 parentis

210 1558 329 1596 praeler
342 1560 406 1588 etc.
424 1554 506 1588 AEn.
524 1555 619 1598 XII,
636 1558 710 1589 sine
717 1558 804 1591 banc
816 1560 895 1591 am·-

213 1618 300 1638 mam
315 1610 351 1638 el
364 1609 514 1640 miserere
523 1610 705 1649 precantis.

258 1659 331 1691 225.
345 1659 532 1701 Elpossum
541 1661 707 1698 tribuisse,
717 1666 782 1693 etc.
796 1659 892 1696 Len-

213 1709 283 1743 zius
306 1709 522 1755 interpung‘rt
544 1718 621 1756 post
636 1723 798 1753 possum5
823 1715 892 1745 tn·-

212 1762 322 1793 buz'sse
354 1767 471 1794 autem
500 1761 683 1806 conjungit
711 1775 791 1797 cum
820 1776 891 1807 seq.

212 1823 412 1855 quanquam
423 1823 495 1844 non
504 1818 621 1857 negat,
631 1815 784 1847 tribuisse
793 1826 890 1858 posse

211 1864 285 1908 capi
302 1877 366 1908 pro
383 1867 531 1898 lrt'buere.
551 1865 630 1898 Hoc
646 1866 735 1899 sorte
755 1866 891 1900 melius.

214 1916 340 1950 Horat.
351 1916 393 1950 A.
405 1916 445 1950 P.
455 1921 593 1959 poteras
602 1919 744 1955 dtlwsse,
765 1916 890 1951 dicere.

214 1967 261 2002 Et
271 1968 319 2002 ita
334 1967 522 2012 passim.--
537 1969 583 2001 Ut
592 1981 674 2002 mea.
690 1967 811 2002 Codex
824 1968 890 2003 Re-

213 2021 287 2066 gius
303 2021 332 2054 B
345 2047 354 2063 ‚
374 2025 408 2054 et
421 2033 504 2054 mea.
520 2039 564 2047 —
588 2022 637 2054 Ut
647 2034 721 2055 mea
736 2033 773 2055 se
789 2034 892 2064 spon-

211 2077 316 2106 sietc.
329 2073 481 2107 Temere
492 2072 558 2107 hoc
569 2072 726 2107 additum
737 2088 746 2114 ;
757 2075 891 2108 etenim

212 2118 442 2159 Andromeda
466 2137 546 2158 mox
565 2125 784 2170 relinquebat
808 2139 890 2161 cum

213 2176 342 2211 Perseo
359 2183 541 2220 paternam
561 2175 718 2210 domum.

255 2231 331 2264 230.
350 2232 565 2264 Phorcim'da.
592 2230 714 2265 Codex
729 2231 758 2265 B
777 2258 787 2274 ,
819 2234 890 2266 Ce-

206 2284 351 2327 pheida,
371 2289 406 2316 et
422 2282 458 2315 in
477 2282 634 2328 margine
647 2308 656 2326 ,
675 2285 733 2316 vel
744 2285 888 2318 Phorci-

211 2336 302 2367 m'da.
332 2332 526 2381 Phorcynis
543 2359 552 2377 ,
585 2332 736 2368 Medusa
760 2333 889 2368 Phorci

209 2384 289 2418 filia.
312 2386 377 2418 Ed.

256 2438 330 2474 235.
341 2438 534 2477 Submissoe,
555 2437 731 2483 supplices.
747 2436 886 2483 Cicero,

210 2502 274 2535 pro
293 2490 409 2524 Plane.
437 2503 476 2524 10
499 2502 507 2524 :
522 2492 670 2524 tribubus
685 2504 735 2524 me
749 2493 894 2525 submisi

209 2546 245 2575 el
251 2544 447 2584 supplicavi.
463 2560 507 2567 —
522 2542 694 2576 obnoxius
704 2555 798 2577 nunc
811 2556 888 2588 pro-

211 2593 284 2636 prie
293 2618 302 2635 ,
316 2592 374 2637 qui
384 2592 540 2627 conscius
554 2593 616 2627 sibi
626 2593 724 2628 malae
734 2594 783 2628 rei
796 2593 888 2629 cedit

212 2644 308 2678 alteri
327 2658 334 2678 ε
352 2645 416 2679 vid.
437 2646 538 2680 Parei
556 2646 667 2681 Lexic.
680 2647 752 2681 crit.
770 2647 836 2682 hoc
854 2661 886 2682 v.

255 2696 419 2743 235-249.
430 2700 571 2732 Perseus
581 2711 662 2732 cum
672 2699 888 2734 Andromeda

207 2747 248 2783 in
264 2749 412 2794 patriam
429 2750 539 2796 redit,
563 2759 667 2798 atque
682 2755 830 2788 Proelum
843 2761 887 2793 ‚et

959 1558 1160 1602 Polydecten
1175 1557 1211 1591 in
1227 1570 1305 1592 saxa
1315 1558 1498 1593 convertit.
1510 1578 1554 1587 --
1569 1561 1638 1594 Pa-

959 1611 1041 1641 trios
1049 1622 1169 1642 muros.
1184 1608 1305 1643 Codex
1324 1610 1631 1656 Leidensisjfines,

959 1666 994 1693 et
1009 1673 1072 1704 pro
1086 1660 1181 1694 varia
1195 1661 1344 1696 lectione
1356 1688 1366 1706 ‚
1383 1667 1512 1706 portus.
1534 1664 1637 1709 Regii

958 1713 1068 1747 nostri
1083 1739 1092 1756 ,
1119 1726 1239 1748 muros.
1255 1732 1299 1740 -—
1310 1716 1425 1749 Patrii
1435 1719 1534 1756 muri,
1554 1716 1638 1751 urbs

959 1764 1072 1810 Argos
1081 1791 1090 1808 ,
1105 1777 1210 1810 quam
1219 1791 1228 1808 ,
1244 1765 1308 1800 etsi
1323 1766 1464 1800 tenebat
1474 1767 1613 1802 Proetus
1626 1793 1636 1811 ‚

958 1824 1077 1852 tamen
1089 1818 1220 1852 intrare
1233 1819 1382 1854 Perseus
1391 1826 1539 1865 poterat.
1552 1821 1635 1856 Non

957 1870 1062 1915 igitur
1083 1878 1175 1915 erat,
1208 1884 1270 1906 cur
1292 1872 1519 1907 Burmannus
1539 1885 1636 1918 prae-

956 1921 1064 1955 ferret
1067 1924 1162 1967 fines
1176 1929 1236 1956 aut
1245 1927 1374 1965 portus.
1384 1941 1429 1948 -—
1446 1924 1530 1958 Cum
1546 1936 1636 1959 con-

946 1972 1052 2016 juge,
1082 1972 1322 2007 Andromeda.
1343 1975 1408 2009 Ed.

999 2023 1074 2068 237.
1099 2026 1149 2057 Et
1180 2027 1338 2058 immeriti
1367 2031 1433 2060 etc.
1467 2022 1636 2062 Heinsius

957 2087 998 2109 ex
1013 2075 1181 2121 Naugerii
1197 2076 1306 2112 MSS.
1330 2075 1427 2111 dedit
1440 2080 1613 2114 immerita
1623 2106 1633 2120 ,

955 2133 995 2160 ut
1005 2140 1130 2170 pareas
1150 2127 1205 2162 hic
1225 2128 1268 2162 sit
1289 2127 1435 2170 Danae3
1463 2141 1542 2173 quae
1564 2141 1635 2174 quo

954 2180 1031 2225 jure
1050 2180 1185 2215 dicatur
1198 2182 1363 2216 immerita
1375 2208 1384 2222 ‚
1405 2188 1441 2216 et
1458 2194 1564 2227 quam
1577 2181 1636 2217 in-

954 2233 1083 2276 juriam
1109 2233 1141 2268 ei
1173 2247 1191 2267 a
1220 2234 1339 2268 Proeto
1361 2233 1494 2269 illatam
1519 2234 1636 2269 ulcisci

955 2284 1104 2319 voluerit
1115 2285 1262 2320 Perseus
1272 2312 1282 2329 ,
1300 2298 1374 2320 non
1393 2285 1545 2320 invenio.
1559 2287 1636 2321 Ve-

953 2349 1035 2370 rum
1062 2336 1156 2370 haud
1179 2336 1282 2372 dubie
1306 2335 1393 2371 vidit
1421 2336 1579 2371 Laetam.
1594 2336 1632 2371 in

954 2386 1102 2432 Argum.
1118 2387 1209 2422 hanc
1222 2387 1377 2422 fabulam
1390 2413 1401 2431 ,
1419 2387 1479 2432 qui
1490 2400 1554 2432 per
1563 2400 1632 2431 pa·-

952 2444 1074 2472 renlem
1086 2466 1094 2480 ‚
1117 2452 1222 2473 avum
1241 2438 1417 2474 Acrisium
1440 2439 1602 2485 intelligit
1621 2466 1632 2484 ,

954 2503 1060 2534 quem
1081 2491 1186 2525 etiam
1203 2494 1399 2526 immeritum
1411 2517 1420 2532 ,
1450 2504 1524 2526 non
1540 2491 1632 2526 bene

953 2542 995 2577 de
1013 2544 1142 2578 Perseo
1158 2545 1326 2579 meritum
1352 2547 1455 2590 (arca
1465 2545 1562 2580 enim
1574 2545 1633 2580 in-

952 2596 1085 2631 clusum
1105 2597 1231 2632 Persea
1250 2610 1331 2632 cum
1349 2605 1462 2632 matre
1479 2597 1517 2632 in
1533 2609 1629 2632 mare

952 2649 1145 2694 projecerat
1156 2649 1172 2696 )
1184 2677 1193 2694 ,
1211 2654 1397 2692 vindicare,
1412 2651 1449 2685 in
1459 2662 1607 2696 regnum
1616 2676 1626 2690 ‚

953 2714 1022 2746 quo
1038 2703 1153 2747 pulsus
1173 2716 1191 2737 a
1207 2704 1313 2738 fratre
1332 2710 1428 2748 erat,
1444 2702 1628 2738 restituere

950 2754 1109 2791 voluerit.
1127 2755 1268 2792 Rectius
1289 2763 1408 2792 tamen
1431 2757 1627 2791 immeritum
