1832 3100
349 233 1038 284 METAMORPHOSEON
1076 235 1206 281 LIB.
1248 236 1308 280 V.
1450 233 1535 290 403

119 334 232 398 Quae
254 331 339 381 tibi
363 348 494 379 causa
514 327 632 376 viae?
654 345 734 374 cur
754 326 815 374 sis
829 362 841 384 ‚
867 325 1088 374 Arethusa
1102 363 1114 384 ‚
1140 345 1260 375 sacer
1280 327 1416 376 fons?

120 414 379 465 Conticuere
401 409 558 468 undae3
585 427 772 475 quarum
793 408 890 456 Dea
910 406 1091 456 sustulit
1110 406 1200 455 alto

118 499 259 566 Fonte
282 506 436 562 caput,
461 492 712 559 viridesque
735 510 869 540 manu
891 490 1054 540 siccata
1075 489 1260 557 capillos
1476 508 1541 553 575,

117 578 334 630 Fluminis
355 575 454 626 Elei
474 587 642 624 veteres
666 574 860 623 narravit
882 592 1051 622 amores
1075 592 1086 621 ε

124 684 147 707 α
172 662 282 711 Pars
305 679 387 724 ego
406 658 737 726 Nympharum,
765 676 858 724 quae
885 667 990 705 sunt
1010 656 1056 704 in
1074 655 1270 705 Achaide
1286 694 1298 716 ,
1324 656 1460 716 dixit,

122 767 147 790 >›
172 746 274 794 Una
296 744 382 802 fui;
407 761 488 792 nec
512 762 582 792 me
608 741 853 791 studiosius
876 739 1008 789 altera
1033 739 1171 789 saltus

51 868 54 870 .
122 849 148 871 »
173 827 326 891 Legit,
350 845 431 875 nec
452 825 607 893 posuit
634 822 878 872 studiosius
897 821 1031 871 altera
1055 841 1209 871 casses.

122 931 148 954 »
175 908 263 958 Sed
276 947 289 967 ‚
310 907 509 975 quamvis
522 907 675 955 formae
694 924 922 972 nunquam
940 904 1050 953 mihi
1072 905 1186 953 fama
1200 905 1338 972 petita
1361 917 1449 964 est,
1482 920 1547 956 530

122 1013 148 1036 »
167 989 388 1057 Quamvis
408 989 538 1038 fortis
562 1008 679 1038 eram
692 1026 704 1048 ,
726 987 931 1037 formosae
954 1007 1116 1037 nomen
1137 987 1369 1038 habebam.

121 1142 262 1166 versum
275 1130 351 1176 487.
366 1127 554 1163 Varietatis
567 1140 668 1162 causa
677 1153 686 1171 ,
700 1133 804 1173 poeta

121 1184 233 1231 ipsam
249 1182 464 1219 Arethusam
483 1182 553 1217 sata
570 1194 632 1217 sua
653 1193 804 1216 narran-

122 1243 198 1272 tem
222 1234 369 1271 induxit.
394 1253 439 1260 —
456 1235 577 1278 Exigit
589 1236 681 1268 alma
698 1234 804 1267 Ceres.

125 1289 226 1324 Saltu
252 1289 344 1323 sacto
365 1287 490 1322 transit
510 1284 554 1320 ad
578 1298 674 1331 seqq.
696 1284 806 1331 Cogi-

123 1340 275 1377 tandum
289 1339 395 1388 igitur
406 1366 416 1384 ,
433 1337 605 1374 Cererem
616 1365 625 1382 ‚
638 1339 807 1384 impetra-

124 1395 168 1431 tis
180 1393 357 1441 precibus,
369 1393 409 1427 in
427 1391 579 1427 Siciliam
594 1391 747 1426 rediisse.
763 1410 807 1416 —

124 1449 220 1483 Nata
225 1459 345 1482 secura
354 1449 495 1490 recepta.
512 1444 714 1480 Gronovius
728 1457 807 1479 ma-

123 1498 218 1534 lebat
250 1502 339 1533 natae
370 1509 489 1532 secura
519 1500 656 1540 recepta·
672 1522 681 1538 ,
712 1495 806 1541 quod

123 1549 224 1585 valde
239 1548 395 1596 placebat
412 1547 579 1590 Heinsio;
596 1540 676 1593 quia
692 1560 733 1582 ea
741 1559 807 1582 vox

125 1597 217 1640 cum‘
229 1602 384 1650 genitivo
404 1601 612 1648 plerumque
643 1600 806 1646 reperia-

124 1663 184 1692 tur
195 1683 206 1701 ‚
222 1654 284 1692 sed
303 1654 532 1697 Burmannus
550 1660 668 1688 tuetur
684 1652 806 1687 ablati-

123 1720 220 1743 vum.
231 1704 334 1755 Regii
342 1705 454 1754 nostri
463 1704 595 1755 hahent
604 1708 698 1739 nata.
712 1730 720 1738 .
732 1731 739 1738 .
757 1716 805 1738 re-

123 1764 231 1806 cepta.
245 1778 291 1785 —
313 1759 396 1803 Qut
411 1770 518 1793 causa
529 1760 592 1792 via·
601 1784 610 1798 ,
633 1769 713 1800 cur,
730 1755 807 1791 loco

123 1819 274 1857 mutato,
288 1818 383 1861 extra
393 1810 542 1859 patriam
552 1810 718 1853 cernaris,
732 1822 806 1844 non

126 1873 166 1901 ut
179 1865 320 1910 fluvius,
331 1863 393 1900 sed
402 1871 440 1900 ut
442 1863 540 1908 sons.
550 1864 703 1898 Fontem
712 1862 808 1896 hunc

126 1916 289 1953 describit
309 1915 384 1951 Cic.
407 1915 511 1950 Verr.
526 1915 593 1958 lv,
613 1914 675 1948 53:
691 1915 734 1947 In
753 1916 809 1946 in-

125 1972 203 2006 sula
217 1969 342 2016 (parte
359 1966 639 2016 Syracusarum)
661 1970 809 2000 extrema

126 2021 265 2066 estsons
274 2033 368 2066 aqua·
374 2021 485 2054 dulcis
494 2045 503 2059 ,
524 2022 585 2053 cui
590 2031 709 2052 nomen
718 2017 754 2052 A
755 2030 810 2052 re-

127 2076 229 2109 {busa
249 2078 320 2121 est,
349 2074 543 2108 incredibili
555 2073 802 2117 magnitudine,

123 2128 341 2171 plem'ssimus
345 2127 491 2171 piscium
503 2137 514 2158 :
529 2127 590 2170 qui
593 2126 707 2170 fluctu
720 2127 810 2158 totus

128 2183 314 2225 operiretur,
333 2179 597 2214 nisimunilzbne
607 2191 649 2212 ac
664 2179 750 2212 mole
757 2180 810 2211 la-

124 2235 242 2278 pidum
255 2246 279 2267 a
295 2234 385 2266 mari
393 2231 584 2276 disjunctus
593 2235 691 2265 esset.
701 2230 809 2264 Eum-

129 2284 214 2320 dem
233 2285 491 2325 nitidissimum,
511 2285 563 2317 ad
579 2286 648 2316 ima
661 2284 811 2327 perluciss-

127 2339 208 2374 dum
228 2339 494 2383 carminibusque
517 2339 810 2378 celebratissimum

129 2398 231 2427 vocat
246 2391 403 2435 Seneca,
430 2389 607 2426 consolat.
627 2389 675 2423 ad
699 2389 810 2425 Marc.

135 2457 174 2490 ¹7
193 2456 203 2478 τ
222 2450 258 2479 et
281 2443 347 2479 fuit
373 2442 460 2482 adeo
483 2441 717 2478 memorabilis
735 2468 744 2486 ,
773 2449 812 2476 ut

133 2494 225 2531 Plin.
242 2495 336 2546 Hist.
352 2496 433 2531 Nat.
449 2495 526 2538 111,
545 2495 565 2529 8
578 2508 604 2529 s.
625 2496 663 2538 14
674 2521 683 2538 ,
697 2494 811 2542 Syra-

131 2560 228 2583 cusas
244 2547 293 2582 ita
314 2554 455 2582 notaret
468 2573 478 2589 ‚
507 2548 648 2582 Colonia
666 2548 812 2593 Syracu-

131 2614 180 2636 sae
195 2598 378 2646 cumfimte
393 2602 574 2635 Arethusa.
593 2600 814 2644 Erecentio—

133 2654 229 2689 ribus
257 2667 339 2689 eum
372 2652 551 2689 Guarinus
578 2653 685 2688 Italus
721 2653 814 2688 cele-

132 2706 256 2742 bravit.
269 2725 312 2733 —
324 2707 442 2749 Sacer,
465 2718 653 2742 commune
669 2705 812 2750 epithe—

136 2765 198 2795 ton
218 2760 380 2796 sontium.

914 1129 988 1172 574.
1017 1129 1230 1166 Conticuere,
1262 1134 1415 1173 strepere
1436 1128 1550 1164 desie-

867 1187 975 1223 runt,
1002 1180 1039 1215 in
1070 1180 1243 1214 honorem
1271 1180 1445 1227 Nymphae
1475 1182 1547 1227 jam

869 1233 974 1267 verba
1006 1233 1157 1267 sacturae.
1182 1251 1227 1257 -—
1255 1234 1389 1269 Virides
1418 1238 1550 1268 siccata

868 1286 1030 1329 capillos,
1052 1292 1092 1319 ut
1111 1284 1200 1319 libro
1219 1285 1277 1329 ΙΙ,
1304 1299 1358 1325 ιιι,
1378 1287 1547 1327 videntur,

869 1339 956 1373 Pars
980 1341 1016 1372 1¹11
1030 1340 1116 1372 mole
1135 1340 1255 1373 sedens
1274 1337 1400 1374 virides
1423 1342 1552 1374 siccare

870 1392 1022 1435 capillos.
1039 1408 1083 1416 —··
1098 1390 1154 1425 De
1172 1390 1238 1425 hoc
1262 1397 1359 1436 gestu
1381 1390 1524 1427 dicturae
1539 1419 1548 1437 ,

871 1442 949 1478 vide
961 1455 1064 1488 supra
1076 1442 1119 1477 ad
1132 1443 1344 1488 487.——Elei,
1360 1443 1439 1488 quia
1450 1442 1551 1479 Eleo-

870 1507 953 1529 rum
966 1494 1055 1530 fines
1064 1494 1186 1540 irrigat
1197 1502 1232 1529 et
1243 1507 1346 1540 supra
1360 1494 1547 1543 Cyllenen,

871 1548 1042 1589 Eleorum
1057 1548 1179 1583 navale
1190 1574 1200 1591 ,
1220 1548 1256 1583 in
1275 1561 1372 1583 mare
1389 1550 1552 1585 infundi-

871 1608 930 1644 tur
939 1601 1156 1645 ,honoribus
1167 1600 1255 1635 adeo
1267 1601 1394 1637 divinis
1401 1603 1443 1636 ab
1457 1603 1550 1638 Eleis

869 1653 1022 1697 colitur„
1049 1666 1251 1699 quanquam
1275 1654 1390 1689 sontes
1420 1655 1495 1701 ejus
1513 1656 1550 1690 in

870 1705 1019 1741 Arcadia
1034 1705 1272 1751 reperiuntur.
1292 1706 1441 1741 Pausan.
1456 1707 1503 1751 V,
1517 1722 1550 1753 p.

871 1758 946 1805 389.
961 1758 1090 1807 s.,399;
1104 1758 1219 1800 VIII,
1236 1771 1268 1803 p.
1288 1772 1361 1806 709·
1381 1757 1551 1794 Celebra-

871 1815 926 1843 tus
943 1817 978 1844 et
993 1809 1050 1844 ille
1065 1809 1186 1854 poetis.
1205 1809 1328 1844 Senec.
1347 1811 1390 1845 N.
1409 1810 1459 1855 Q.
1477 1810 1550 1855 VI,

871 1861 902 1895 8.
918 1879 962 1887 ·-
984 1862 1132 1902 Veteres,
1156 1861 1331 1906 pristinos.

905 1914 945 1958 57
952 1927 980 1958 7.
991 1913 1080 1948 Pars
1087 1925 1148 1957 ego
1156 1914 1197 1948 N
1185 1915 1395 1958 ympharum,
1407 1926 1425 1948 e
1431 1920 1471 1949 tc.
1482 1914 1552 1949 Hic

870 1971 922 2000 est
937 1965 1137 2011 exemplum
1152 1972 1188 2000 et
1200 1965 1364 2011 simplicis
1374 1966 1463 2002 illius
1481 1981 1549 2002 ve-

871 2017 1018 2052 nustatis
1027 2044 1038 2062 ,
1049 2029 1126 2063 quae
1134 2018 1354 2053 sermonibus
1364 2018 1460 2054 addit
1472 2033 1552 2064 gra—-

872 2070 979 2115 tiam,
1004 2076 1041 2106 et
1063 2078 1188 2106 exactae
1214 2071 1432 2107 narrationis.
1463 2074 1552 2107 Pars

870 2138 958 2164 una,
993 2137 1074 2160 una.
1095 2124 1127 2159 E
1149 2123 1335 2159 traditione
1355 2125 1498 2171 antiqua
1514 2133 1551 2161 et

872 2176 1029 2222 Alpheus
1039 2176 1106 2211 suit
1118 2183 1278 2220 venator,
1293 2177 1368 2219 ἀνὴρ
1382 2183 1546 2226 θηρευτὴς,

872 2236 908 2264 et
923 2228 1098 2264 Arethusa
1116 2228 1296 2264 venationi
1313 2228 1447 2264 devota.
1464 2231 1551 2266 Haec

870 2282 970 2318 illum
982 2309 991 2326 ,
1006 2282 1181 2318 connubia
1196 2282 1271 2328 ejus
1287 2295 1454 2328 respuens
1467 2309 1476 2327 ,
1494 2284 1552 2317 su-

872 2336 922 2382 git
936 2336 972 2370 in
985 2335 1135 2370 insulam
1151 2334 1337 2382 Ortygiam
1350 2362 1360 2378 ,
1374 2335 1431 2370 ubi
1445 2338 1478 2380 ἐξ
1489 2337 1551 2370 ἆν-

873 2391 986 2439 θρώπου
1005 2390 1115 2433 ἐγένετο
1132 2392 1224 2433 πηγή·
1242 2400 1316 2433 quo,
1335 2388 1424 2422 sacto
1445 2388 1550 2422 etiam

874 2439 1030 2486 Alpheus
1046 2453 1116 2486 prae
1138 2453 1257 2474 amore
1281 2447 1486 2474 extenuatus
1503 2447 1554 2475 est

873 2496 910 2530 in
926 2495 1084 2530 fluvium.
1111 2494 1298 2530 Pausanias
1315 2519 1325 2536 ,
1343 2500 1384 2538 'p.
1408 2494 1483 2541 39⁰·
1509 2512 1553 2521 --

874 2549 975 2592 Legit
989 2574 998 2588 ‚
1027 2547 1130 2592 elegit
1159 2546 1263 2581 saltus
1292 2553 1389 2591 aptos
1422 2545 1464 2582 ad
1490 2559 1553 2580 ve—

872 2600 1043 2641 nandum.
1064 2600 1122 2635 Sic
1138 2612 1240 2644 supra
1259 2598 1296 2633 II
1307 2625 1319 2644 ,
1336 2599 1401 2644 448
1414 2625 1424 2643 ,
1443 2602 1554 2635 sallus

875 2657 970 2698 eligit
990 2657 1098 2696 aptos.

920 2707 994 2741 580.
1022 2706 1180 2748 Quamvis
1196 2704 1320 2749 sormoe
1343 2711 1406 2739 etc.
1425 2704 1552 2738 Vena-

877 2759 978 2796 trices
1007 2757 1181 2806 Nympha:
1211 2771 1277 2796 uec
1309 2770 1466 2793 amorem
1490 2769 1553 2792 cu-
