1832 3100
243 272 331 327 246

618 276 667 319 P.
709 277 940 323 OVIDII
975 279 1274 331 NASONIS

240 365 348 415 Visa
371 366 464 414 Dea
485 379 573 425 est;
597 367 671 416 alii
694 368 896 428 laudant,
919 370 1181 439 dignamque
1205 377 1348 422 severa

239 444 503 506 Virginitate
526 458 682 494 vocant
706 467 716 494 :
737 466 840 514 pars
862 449 1031 497 invenit
1051 461 1237 516 utraque
1260 470 1423 500 causas.

1582 471 1648 506 2:55

243 519 345 568 Sola
365 522 394 568 J
398 522 491 571 ovis
514 524 676 589 conjux
698 543 789 573 non
812 536 900 573 tam
918 525 1123 592 culpetne
1145 523 1361 593 probetne

238 597 496 664 Eloquitur,
524 620 654 667 quam
677 601 798 650 clade
822 603 979 651 domus
1003 603 1059 651 ab
1081 603 1285 666 Agenore
1305 605 1449 654 duc-tae

240 674 438 734 Gaudet3
464 689 507 726 et
530 698 554 726 a
571 679 703 746 Tyria
727 679 959 729 collectum
979 680 1137 747 pellice
1162 682 1366 730 transfert

236 753 291 799 In
309 756 479 815 generis
505 756 652 804 socios
675 757 825 805 odium
846 776 856 805 :
879 758 1002 806 subit
1024 778 1120 807 ecce
1142 760 1281 825 priori
1327 775 1330 778 ’

240 829 383 880 Causa
403 851 578 891 recens3
602 835 911 902 gravidamque
935 835 1055 884 dolet
1076 836 1128 884 de
1154 837 1320 885 semine
1341 839 1498 900 magni

1586 853 1651 888 260

236 909 346 956 Esse
369 910 398 956 J
401 909 493 957 ovis
517 910 718 959 Semelen
739 931 749 959 :
772 923 866 960 tum
890 912 1084 976 linguam
1110 914 1164 961 ad
1184 913 1328 978 jurgia
1350 913 1510 973 solvit3

239 1007 262 1027 (ε
287 984 428 1035 Effeci
449 987 557 1053 quid
577 988 694 1037 enim
718 990 851 1038 toties
875 1009 956 1057 per
975 991 1156 1055 jurgia?
1174 990 1297 1039 dixit.

232 1120 315 1154 liam
331 1147 340 1164 ,
359 1134 377 1155 a
395 1122 483 1156 Jove
500 1123 694 1169 concepisse
709 1151 718 1168 ,
738 1124 776 1158 in
801 1137 909 1159 anum

233 1185 399 1208 conversa
416 1174 526 1219 ipsam
541 1174 612 1209 adit
628 1202 636 1219 ,
656 1176 907 1222 persuadetque

232 1224 492 1269 fraudulenter,
522 1233 562 1260 ut
578 1239 620 1261 eo
641 1227 760 1262 habitu
780 1229 908 1262 Jovem

232 1276 294 1310 sibi
314 1284 450 1322 expetat
462 1304 471 1322 ‚
498 1291 567 1323 quo
583 1279 607 1312 J
612 1279 719 1313 unoni
734 1280 908 1325 amplexus

232 1329 314 1363 dare
342 1329 457 1364 soleat.
476 1331 616 1376 Jupiter
636 1332 743 1377 igitur
765 1333 908 1377 jureju-

231 1381 343 1415 rando
365 1389 525 1426 coactus,
559 1397 640 1418 cum
665 1385 851 1420 tonitribus
874 1393 909 1420 et

231 1433 434 1468 fulminibus
464 1433 619 1469 Semeles
650 1435 740 1469 aedes
769 1436 877 1470 intrat
896 1451 906 1478 3

232 1484 356 1528 quibus
373 1498 482 1529 quum
500 1486 730 1532 conflagraret
745 1488 883 1533 gravida
898 1514 907 1531 ,

234 1545 334 1572 utero
359 1539 434 1583 ejus
463 1539 641 1574 Bacchum
663 1541 909 1586 imperfectum

234 1588 350 1633 eripit,
365 1589 491 1624 femori
506 1604 569 1625 suo
586 1591 704 1635 insuit,
717 1599 818 1637 atque
831 1594 909 1640 Ny-

232 1642 381 1676 seidihus
396 1643 618 1678 educandum
634 1645 748 1679 tradit.
775 1645 909 1680 Confer

234 1693 391 1739 Euripid.
403 1695 528 1729 Bacch.
544 1709 628 1743 1—9‚
646 1698 801 1744 89—104,
819 1698 908 1732 286-

232 1759 315 1792 297;
335 1746 495 1791 Apollod.
517 1747 572 1782 111
586 1773 595 1791 ,
620 1759 659 1782 1v
673 1774 682 1792 ,
702 1751 742 1789 5;
761 1749 908 1783 Diodor.

234 1798 302 1832 Sic.
326 1798 381 1833 III
397 1824 406 1841 ,
424 1799 486 1842 63,
507 1799 573 1843 IV,
591 1814 609 1833 2
625 1813 633 1840 ;
652 1800 794 1835 Lucian.
818 1801 907 1835 Dial.

234 1850 277 1883 D.
296 1864 339 1897 93
365 1849 498 1885 Eudoc.
515 1865 547 1896 p.
570 1852 631 1886 118
649 1859 683 1885 et
700 1853 786 1897 373;
814 1853 908 1900 Hyg.

231 1903 334 1936 fabul.
369 1903 430 1949 169
441 1929 450 1945 ,
481 1916 542 1949 ¹79
561 1917 569 1945 ;
603 1903 765 1949 Fulgent.
792 1906 908 1952 Myth.

233 1955 281 1997 II,
300 1958 349 1989 15.
359 1954 496 1999 Nempe
507 1954 663 1989 Bacchus
672 1956 783 2000 poetis
799 1956 910 1992 dictus

233 2012 284 2039 est
299 2012 476 2055 πυρογενὴς,
495 2005 589 2051 quod
608 2019 659 2051 pr.
677 2007 748 2041 vini
760 2021 911 2053 genero-

234 2058 330 2091 sioris
346 2057 540 2103 vitiumque
553 2058 743 2103 epitheton.
761 2059 908 2103 Strabo,

231 2109 290 2143 lib.
306 2109 397 2143 XIII
413 2135 422 2151 ,
446 2123 479 2154 p.
496 2110 570 2144 628,
588 2111 702 2145 Porro
715 2138 724 2155 ,
745 2111 909 2147 Orienta-

233 2162 321 2196 libus
336 2173 378 2202 σετ-
385 2161 516 2205 femore
531 2162 670 2197 alterius
685 2166 799 2207 egredi
816 2164 909 2199 dici-

235 2221 293 2247 tur
304 2229 318 2256 ,·
332 2213 389 2258 qui
403 2213 444 2247 ab
457 2225 499 2247 eo
511 2213 674 2259 gignitur.
691 2216 787 2250 Hinc
796 2217 910 2251 sabula

235 2267 329 2301 nasci
345 2266 441 2300 facile
459 2267 581 2311 potuit.
593 2267 671 2302 Alia
685 2268 726 2301 ad
741 2282 828 2303 vers.
844 2271 908 2304 312

234 2319 401 2353 dabimus.
417 2337 462 2344 —
474 2320 604 2352 Rumor
615 2326 678 2353 etc.
705 2320 830 2364 Quum
847 2334 910 2354 ru—

234 2385 312 2406 mor
322 2372 364 2406 de
376 2372 655 2417 Actaeonispoena
663 2386 797 2418 sparsus
808 2381 908 2417 esset,

234 2425 270 2458 in
287 2430 471 2469 utramque
488 2431 623 2470 partem
638 2423 681 2459 de
701 2438 742 2459 ea
758 2425 911 2470 disputa-

236 2483 311 2509 tum
337 2482 398 2510 est.
425 2475 563 2509 Verum
588 2475 684 2509 nullo
706 2476 783 2521 jure
804 2476 846 2510 de
869 2488 909 2509 ea

235 2527 493 2572 disputabatur,
520 2541 630 2573 quum
658 2541 795 2574 poenam
816 2528 910 2562 illam

236 2579 409 2614 Saturniae
419 2580 510 2625 leges
523 2581 761 2626 postulassent.
774 2580 909 2615 Gallim.

236 2631 273 2664 in
283 2630 385 2665 lavac.
399 2631 527 2665 Pallad.
541 2645 585 2679 99
595 2645 717 2677 sqq.—·
729 2634 913 2666 Vt‘olenle'or

236 2683 307 2716 visa
327 2689 378 2717 est
395 2683 500 2717 etiam
524 2684 647 2718 senec.
675 2683 795 2729 OEdip.
821 2684 883 2729 753
899 2710 908 2727 ,

239 2733 298 2767 ubi
325 2737 461 2768 nimium
489 2738 572 2769 saeoc'
588 2736 680 2769 Diua
700 2737 849 2780 pudoris.
868 2752 911 2761 —·

236 2786 444 2829 Dignumque
468 2793 532 2821 etc.
545 2812 554 2830 ‚
574 2786 697 2822 decere
713 2800 790 2821 eam
809 2800 908 2824 seve-

974 1126 1114 1160 ritatem
1131 1132 1265 1162 tantam
1281 1127 1318 1161 in
1332 1126 1560 1162 custodiendo
1575 1140 1648 1174 pu—

974 1177 1058 1211 dore
1081 1191 1153 1212 su0.

1017 1230 1090 1264 256.
1110 1232 1267 1274 culpetne
1283 1237 1366 1272 etc.;
1379 1237 1420 1265 ut
1434 1231 1525 1276 apud
1534 1227 1650 1266 Tibul.

974 1280 1040 1323 IV,
1049 1292 1086 1324 v,
1097 1281 1234 1315 20.Duo
1243 1281 1350 1316 MSS.
1358 1284 1650 1330 clamnepalamne

973 1345 1036 1377 pro
1050 1333 1186 1378 vulgata
1199 1360 1209 1376 ,
1235 1336 1360 1368 clamve
1371 1336 1552 1378 palamve-‚⁶
1571 1346 1648 1379 quae

973 1385 1118 1426 varietas
1131 1385 1237 1419 etiam
1248 1385 1303 1421 hic
1313 1385 1481 1429 notanda,
1493 1385 1552 1421 ubi
1559 1398 1648 1421 non-

973 1437 1073 1480 nulli,
1083 1440 1398 1483 culpelveprobeloe.
1405 1440 1643 1479 —Colleclum‚

972 1496 1204 1535 conceptum,
1223 1497 1262 1524 ut
1277 1493 1430 1534 colligere
1446 1494 1538 1525 sitim
1552 1497 1588 1525 et
1602 1491 1650 1525 si-

972 1542 1077 1575 milia.
1093 1542 1319 1576 Translatum
1339 1542 1423 1576 illud
1446 1542 1488 1576 ab
1507 1542 1650 1588 Europa

973 1594 1093 1628 odium
1105 1595 1211 1628 etiarn
1223 1595 1258 1629 in
1269 1607 1342 1639 sqq.
1354 1595 1477 1629 sab'ulae
1489 1595 1648 1639 quaedam

973 1647 1194 1682 confirmant.
1619 1657 1621 1663 ’

1017 1699 1091 1733 261.
1113 1700 1197 1733 Tum
1219 1701 1367 1743 linguam
1388 1705 1451 1733 etc.
1482 1699 1649 1734 Heinsius

972 1750 1039 1785 hoc.
1055 1750 1313 1785 hemistichium
1328 1757 1527 1795 suspectum
1541 1749 1650 1785 habe-

972 1802 1031 1836 bat
1042 1828 1051 1845 ,
1075 1810 1111 1838 et
1123 1801 1328 1846 conjiciebat
1343 1803 1427 1846 quid
1437 1803 1585 1846 linguam
1596 1804 1654 1837 ad

962 1854 1082 1898 jurgia
1099 1857 1190 1887 solui
1200 1854 1254 1887 vel
1274 1856 1396 1888 soleo?
1412 1852 1529 1888 deleto
1546 1865 1650 1888 versu

972 1900 1154 1950 sequenti,
1174 1917 1281 1950 quem
1306 1905 1454 1939 latinum
1475 1916 1550 1939 uon
1574 1918 1648 1950 pu—

972 1956 1087 1999 tabat,
1103 1956 1168 1990 nisi
1185 1956 1380 2001 legeretur,
1399 1960 1450 1990 lot
1457 1958 1497 1991 Io
1505 1958 1649 2006 perjur-

970 2011 1040 2052 gt’a.
1059 2025 1104 2033 —
1127 2008 1198 2043 Nos
1201 2008 1245 2042 tri
1262 2007 1410 2042 Codices
1426 2008 1517 2043 hane
1531 2002 1649 2078 lectio-

972 2073 1056 2095 nem
1067 2061 1234 2106 praebent.
1252 2063 1319 2096 Ed.
1471 2071 1492 2087 ·“

1018 2113 1091 2147 252.
1106 2112 1227 2156 Effeci
1238 2115 1343 2157 quid
1332 2116 1419 2147 enim
1434 2120 1499 2147 etc.
1515 2112 1649 2147 Amant

973 2172 1084 2210 poetae
1096 2165 1268 2211 ejusmodi
1283 2160 1463 2210 soliloquia
1477 2165 1648 2200 Deorum.

976 2218 1110 2252 Confer
1126 2219 1184 2262 II,
1211 2221 1271 2264 471
1289 2233 1298 2260 ;
1328 2216 1398 2262 IV,
1417 2220 1504 2262 4²⁰³
1526 2217 1647 2263 Vix-gil.

973 2269 1114 2304 AEneid.
1138 2271 1175 2313 I,
1200 2271 1243 2304 36
1273 2283 1355 2316 sqq:
1379 2268 1573 2304 Exordium
1596 2277 1648 2304 est

973 2322 1169 2367 abruptum.
1195 2322 1310 2357 Antea
1327 2321 1427 2356 tacite
1450 2321 1648 2356 secumdu—

973 2373 1112 2419 dignata
1136 2375 1271 2417 suerat,
1294 2381 1377 2408 -t'um
1405 2372 1615 2418 cogitaverat
1635 2399 1645 2416 ,

973 2425 1066 2459 nolle
1080 2439 1115 2460 se
1129 2438 1247 2460 rursus
1261 2425 1381 2470 jurgiis
1390 2425 1440 2459 uti
1453 2439 1461 2465 ;
1478 2424 1561 2459 hinc
1570 2436 1648 2459 ver-

971 2477 1022 2511 bis
1038 2477 1173 2523 pergit,
1190 2471 1310 2520 Effeci
1320 2483 1383 2511 etc.
1404 2475 1459 2511 Cf.
1477 2477 1543 2520 VI,
1561 2477 1623 2522 687
1635 2501 1644 2519 ,

973 2528 1030 2562 ubi
1043 2528 1266 2574 praemittitur
1274 2530 1325 2563 Et
1332 2531 1465 2570 metim,-
1479 2529 1532 2563 IX
1541 2554 1551 2572 ,
1567 2526 1643 2571 1433

974 2579 1063 2615 Plin.
1081 2579 1145 2623 IV,
1165 2580 1230 2625 Ep.
1247 2592 1287 2615 ιν
1300 2607 1309 2623 ,
1335 2581 1420 2615 Pan.
1438 2590 1507 2614 Lxx
1521 2605 1531 2623 ,
1555 2579 1587 2613 6.
1601 2595 1645 2604 -

972 2630 1094 2674 Effici
1111 2631 1338 2670 Burmannus
1363 2644 1405 2666 ex
1427 2631 1644 2666 Francosur-

972 2683 1061 2717 tensi
1084 2683 1200 2727 dedit,
1227 2685 1307 2729 quia
1329 2684 1504 2719 venustius
1526 2682 1559 2717 ei
1583 2682 1644 2716 vi·—

972 2735 1118 2770 debatur
1142 2737 1280 2782 vulgato
1297 2736 1450 2780 profeci,
1488 2733 1582 2780 quod
1608 2739 1643 2768 et

971 2788 1081 2823 nostri
1099 2788 1200 2833 Regii
1218 2788 1356 2823 habent.
1379 2789 1479 2822 Ed-G'
