1832 3100
291 249 346 305 42
503 247 746 292 SERIES
787 247 1494 292 METAMORPHOSEON.

288 344 335 390 in
366 341 501 389 simias
528 341 710 398 mutati,
743 341 791 389 in
820 340 947 389 Italia
979 340 1176 406 appulit,
1209 341 1256 388 in
1284 341 1495 389 Caietano
1525 339 1654 389 litore
1683 359 1707 389 e

287 421 493 468 Macareo
515 417 655 466 multa
678 417 730 466 de
767 418 915 487 Uiysse
937 429 1069 483 atque
1095 416 1231 465 Circes
1244 416 1452 466 veneficio
1470 417 1704 483 comperit,
1761 454 1764 457 «

287 516 378 563 quo
416 496 545 544 etiam
586 495 712 544 Picus
744 514 820 542 rex
852 494 899 541 in
924 494 1063 560 picum
1089 513 1210 542 avem
1231 505 1426 542 mutatus
1447 505 1552 542 erat.
1595 495 1706 543 Mox

284 573 453 623 bellum
475 593 574 621 eum
595 573 739 621 Turno
759 571 957 638 suscipit.
985 573 1030 619 Is
1051 591 1187 637 quum
1204 590 1284 637 per
1297 570 1520 619 Venulum
1538 582 1706 637 peteret

286 651 499 700 auxilium
518 672 543 700 a
559 650 765 700 Diomede
777 690 788 707 ,
816 650 942 715 cujus
959 649 1060 697 socii
1072 650 1118 698 in
1135 668 1226 698 aves
1245 661 1369 698 erant
1384 649 1703 707 transformati,

285 726 505 797 repulsam
531 729 634 777 tulit
656 749 665 777 :
690 727 901 776 redeunte
925 727 1102 776 Venulo
1135 747 1215 794 per
1244 746 1294 776 ea
1316 727 1440 786 loca,
1469 727 1517 775 in
1541 727 1706 793 quibus

284 808 486 873 Appulus
497 818 652 873 pastor
661 805 885 872 quondam
899 806 946 853 in
961 806 1174 853 oleastrum
1184 824 1420 853 conversus
1429 815 1534 854 erat.
1546 805 1706 853 Postea

296 885 453 932 AEneae
476 883 810 951 navesNymplue
826 883 941 931 fiunt
962 883 1008 930 in
1032 881 1186 949 praelio
1201 919 1213 940 ‚
1238 881 1353 930 sicut
1374 893 1419 932 et
1439 900 1491 929 ex
1507 880 1671 930 Ardeoe
1685 920 1700 938 ,

283 959 409 1010 urbis
427 962 630 1011 incendio
653 961 803 1010 deletae
818 998 830 1019 ‚
856 960 1079 1009 cineribus
1095 959 1221 1007 ardea
1239 959 1329 1007 avis
1344 979 1354 1017 ;
1381 971 1512 1025 atque
1529 957 1707 1008 AEneas

282 1039 330 1086 in
366 1040 507 1087 Deum
544 1040 713 1088 transit.
743 1040 1058 1088 successerunt
1092 1036 1198 1084 huic
1227 1055 1352 1098 reges
1388 1035 1487 1093 alii,
1513 1055 1705 1102 quorum

282 1116 398 1164 inter
427 1128 606 1165 caeteros
642 1116 726 1165 sub
759 1116 910 1164 Phoca
948 1114 1102 1165 floruit
1145 1113 1332 1161 Pomona
1344 1131 1361 1168 ,·
1398 1131 1530 1178 quam
1565 1131 1704 1178 quum

284 1192 538 1241 Vertumnus
561 1203 746 1250 amaret,
771 1203 915 1240 sumta
936 1191 1129 1257 primum
1149 1208 1252 1237 anus
1271 1189 1415 1237 forma
1428 1226 1441 1247 ‚
1463 1199 1507 1237 et
1523 1189 1704 1238 Anaxa-

281 1280 381 1318 retes
402 1269 602 1336 exemplo
622 1270 668 1317 in
685 1288 832 1317 saxum
854 1287 1072 1316 conversae
1086 1278 1300 1332 usurpato
1312 1303 1324 1324 ,
1351 1265 1507 1314 deinde
1525 1284 1702 1327 rursum

269 1349 431 1414 juvenis
457 1348 624 1406 factus,
649 1359 755 1395 voto
779 1347 965 1413 potitur.
993 1345 1101 1393 Inde
1127 1344 1211 1393 sub
1236 1344 1456 1393 Numitore
1478 1342 1702 1410 aquaesri-

273 1425 389 1491 gidae
408 1426 655 1474 redduntur
676 1424 835 1472 calidae.
865 1423 949 1472 Cui
974 1423 1052 1489 qui
1075 1422 1286 1471 successit
1302 1422 1533 1478 Romulus,
1556 1420 1702 1469 factus

279 1515 346 1551 est
375 1503 598 1569 Quirinus,
632 1503 814 1568 ejusque
840 1521 954 1550 uxor
983 1500 1076 1548 Ora
1096 1501 1203 1547 Dea.

342 1621 444 1668 LIB.
472 1621 572 1667 XV.
599 1619 787 1667 Secutus
809 1629 876 1666 est
899 1618 1070 1672 Numa,
1112 1614 1190 1681 qui
1214 1633 1351 1680 quum
1373 1613 1426 1661 de
1450 1613 1699 1675 originibus

279 1705 488 1754 Crotonis
514 1715 748 1770 quaereret,
772 1703 906 1767 nigros
929 1700 1106 1748 calculos
1129 1697 1354 1765 quondam
1371 1697 1418 1744 in
1433 1694 1549 1745 albos
1559 1697 1700 1747 fuisse

278 1792 570 1830 commutatos
594 1779 839 1846 comperit,
874 1789 918 1825 et
941 1776 1226 1847 Pythagoram
1255 1773 1307 1822 de
1328 1774 1535 1840 perpetuis
1553 1793 1700 1823 rerum

276 1858 697 1925 tranfirmationibus
730 1857 1030 1922 disputantem
1055 1852 1234 1901 audivit.
1281 1853 1514 1900 Mortuum
1543 1851 1700 1900 deinde

276 1939 468 1986 Numam
491 1934 620 1983 desset
639 1934 815 2000 Egeria,
843 1951 924 1981 nec
948 1930 1170 2000 Hiupoiyti
1185 1969 1196 1986 ,
1222 1929 1299 1995 qui
1317 1947 1417 1977 suas
1434 1928 1522 1995 ipsi
1539 1947 1699 1978 conver-

275 2014 404 2062 siones
437 2012 666 2070 narrabat,
705 2010 1055 2060 consolationem
1089 2007 1346 2065 admittens,
1379 2006 1426 2054 in
1445 2005 1608 2072 sontem
1642 2005 1697 2054 li-

278 2091 460 2159 quescit.
494 2090 548 2137 Id
578 2089 700 2155 quod
723 2108 813 2137 non
836 2088 986 2136 minus
1006 2086 1093 2134 fuit
1115 2085 1364 2134 mirandum
1379 2122 1391 2142 ‚
1420 2103 1551 2150 quam
1575 2083 1697 2150 quod

276 2169 324 2217 T
320 2187 413 2235 ages
427 2187 450 2216 e
460 2167 584 2234 gleba
596 2178 734 2224 ortus,
753 2164 938 2214 Romuli
952 2165 1093 2213 lancea
1107 2164 1240 2220 arbor,
1261 2175 1306 2212 et
1318 2163 1464 2229 cippus
1480 2173 1694 2211 cornutus

274 2247 428 2296 factus.
454 2247 572 2294 Tum
594 2243 752 2293 transit
773 2255 906 2310 poeta
926 2242 980 2289 ad
1004 2235 1258 2308 praesentia‚
1289 2252 1523 2307 narratque
1538 2277 1550 2298 ‚
1582 2258 1693 2305 quo-

273 2325 407 2373 modo
432 2323 716 2389 AEsculapius
732 2320 819 2369 coli
833 2341 858 2369 a
872 2320 1087 2367 Romanis
1105 2320 1152 2367 in
1169 2318 1313 2367 insula
1329 2318 1505 2367 Tiberis
1523 2328 1693 2384 coeptus

274 2403 350 2462 sit,
376 2402 608 2468 Iuliusque
631 2399 777 2449 Caesar
797 2399 844 2446 in
865 2397 1023 2446 stellam
1043 2407 1350 2445 commutatus.

830 2584 1149 2600 -θ-
