<?xml version="1.0" encoding="UTF-8"?>
<!DOCTYPE html PUBLIC "-//W3C//DTD XHTML 1.0 Transitional//EN"
    "http://www.w3.org/TR/xhtml1/DTD/xhtml1-transitional.dtd">
<html xmlns="http://www.w3.org/1999/xhtml" xml:lang="en" lang="en">
 <head>
  <title>
</title>
<meta http-equiv="Content-Type" content="text/html;charset=utf-8" />
  <meta name='ocr-system' content='tesseract 3.04.00' />
  <meta name='ocr-capabilities' content='ocr_page ocr_carea ocr_par ocr_line ocrx_word'/>
</head>
<body>
  <div class='ocr_page' id='page_1' title='image "./quaeextantomniao03oviduoft_0306.png"; bbox 0 0 1832 3100; ppageno 0'>
   <div class='ocr_carea' id='block_1_1' title="bbox 263 276 350 338">
    <p class='ocr_par' dir='ltr' id='par_1_1' title="bbox 263 276 350 338">
     <span class='ocr_line' id='line_1_1' title="bbox 263 276 350 338; baseline -0.057 0"><span class='ocrx_word' id='word_1_1' title='bbox 263 276 350 338; x_wconf 73' lang='lat'><strong>274</strong></span> 
     </span>
    </p>
   </div>
   <div class='ocr_carea' id='block_1_2' title="bbox 616 279 1297 338">
    <p class='ocr_par' dir='ltr' id='par_1_2' title="bbox 616 279 1297 338">
     <span class='ocr_line' id='line_1_2' title="bbox 616 279 1297 338; baseline 0.007 -16"><span class='ocrx_word' id='word_1_2' title='bbox 616 279 668 322; x_wconf 90' lang='lat' dir='ltr'><strong>P.</strong></span> <span class='ocrx_word' id='word_1_3' title='bbox 721 279 961 325; x_wconf 85' lang='lat' dir='ltr'><strong>ov1D11</strong></span> <span class='ocrx_word' id='word_1_4' title='bbox 1000 280 1297 338; x_wconf 79' lang='lat' dir='ltr'><strong>NASONIS</strong></span> 
     </span>
    </p>
   </div>
   <div class='ocr_carea' id='block_1_3' title="bbox 264 370 1518 442">
    <p class='ocr_par' dir='ltr' id='par_1_3' title="bbox 264 370 1518 442">
     <span class='ocr_line' id='line_1_3' title="bbox 264 370 1518 442; baseline 0.006 -24"><span class='ocrx_word' id='word_1_5' title='bbox 264 393 287 413; x_wconf 92' lang='lat'>»</span> <span class='ocrx_word' id='word_1_6' title='bbox 315 372 419 419; x_wconf 90' lang='lat' dir='ltr'><strong>Non</strong></span> <span class='ocrx_word' id='word_1_7' title='bbox 442 370 570 429; x_wconf 83' lang='lat' dir='ltr'><strong>mihi,</strong></span> <span class='ocrx_word' id='word_1_8' title='bbox 597 390 692 438; x_wconf 86' lang='lat' dir='ltr'><strong>quae</strong></span> <span class='ocrx_word' id='word_1_9' title='bbox 717 372 815 420; x_wconf 87' lang='lat' dir='ltr'><strong>duri</strong></span> <span class='ocrx_word' id='word_1_10' title='bbox 840 372 1032 423; x_wconf 87' lang='lat' dir='ltr'><strong>colerent</strong></span> <span class='ocrx_word' id='word_1_11' title='bbox 1056 387 1181 442; x_wconf 88' lang='lat' dir='ltr'><strong>pater</strong></span> <span class='ocrx_word' id='word_1_12' title='bbox 1200 395 1300 424; x_wconf 87' lang='lat' dir='ltr'><strong>arva</strong></span> <span class='ocrx_word' id='word_1_13' title='bbox 1318 376 1518 441; x_wconf 87' lang='lat' dir='ltr'><strong>juvenci,</strong></span> 
     </span>
    </p>
   </div>
   <div class='ocr_carea' id='block_1_4' title="bbox 267 454 1459 527">
    <p class='ocr_par' dir='ltr' id='par_1_4' title="bbox 267 454 1459 527">
     <span class='ocr_line' id='line_1_4' title="bbox 267 454 1459 527; baseline 0.005 -25"><span class='ocrx_word' id='word_1_14' title='bbox 267 477 289 496; x_wconf 92' lang='lat'>»</span> <span class='ocrx_word' id='word_1_15' title='bbox 316 454 607 517; x_wconf 84' lang='lat' dir='ltr'><strong>Lanigerosve</strong></span> <span class='ocrx_word' id='word_1_16' title='bbox 633 474 805 519; x_wconf 86' lang='lat' dir='ltr'><strong>greges,</strong></span> <span class='ocrx_word' id='word_1_17' title='bbox 830 477 920 505; x_wconf 91' lang='lat' dir='ltr'><strong>non</strong></span> <span class='ocrx_word' id='word_1_18' title='bbox 939 457 1030 506; x_wconf 87' lang='lat' dir='ltr'><strong>ulla</strong></span> <span class='ocrx_word' id='word_1_19' title='bbox 1052 471 1244 508; x_wconf 86' lang='lat' dir='ltr'><strong>armenta</strong></span> <span class='ocrx_word' id='word_1_20' title='bbox 1264 459 1459 527; x_wconf 87' lang='lat' dir='ltr'><strong>reliquit.</strong></span> 
     </span>
    </p>
   </div>
   <div class='ocr_carea' id='block_1_5' title="bbox 1604 473 1670 509">
    <p class='ocr_par' dir='ltr' id='par_1_5' title="bbox 1604 473 1670 509">
     <span class='ocr_line' id='line_1_5' title="bbox 1604 473 1670 509; baseline 0 -1"><span class='ocrx_word' id='word_1_21' title='bbox 1604 473 1670 509; x_wconf 87' lang='grc'><strong>585</strong></span> 
     </span>
    </p>
   </div>
   <div class='ocr_carea' id='block_1_6' title="bbox 263 536 1479 852">
    <p class='ocr_par' dir='ltr' id='par_1_6' title="bbox 263 536 1479 852">
     <span class='ocr_line' id='line_1_6' title="bbox 263 536 1398 607; baseline 0.006 -24"><span class='ocrx_word' id='word_1_22' title='bbox 263 559 286 579; x_wconf 86' lang='lat'>»</span> <span class='ocrx_word' id='word_1_23' title='bbox 315 536 486 603; x_wconf 86' lang='lat' dir='ltr'><strong>Pauper</strong></span> <span class='ocrx_word' id='word_1_24' title='bbox 508 549 551 586; x_wconf 89' lang='lat' dir='ltr'><strong>et</strong></span> <span class='ocrx_word' id='word_1_25' title='bbox 572 538 666 605; x_wconf 88' lang='lat' dir='ltr'><strong>ipse</strong></span> <span class='ocrx_word' id='word_1_26' title='bbox 686 538 793 596; x_wconf 87' lang='lat' dir='ltr'><strong>fuit;</strong></span> <span class='ocrx_word' id='word_1_27' title='bbox 821 539 999 607; x_wconf 85' lang='lat' dir='ltr'><strong>linoque</strong></span> <span class='ocrx_word' id='word_1_28' title='bbox 1018 540 1190 589; x_wconf 82' lang='lat' dir='ltr'>solebat</span> <span class='ocrx_word' id='word_1_29' title='bbox 1206 554 1250 591; x_wconf 91' lang='lat' dir='ltr'><strong>et</strong></span> <span class='ocrx_word' id='word_1_30' title='bbox 1266 542 1398 590; x_wconf 88' lang='lat' dir='ltr'><strong>hamo</strong></span> 
     </span>
     <span class='ocr_line' id='line_1_7' title="bbox 264 619 1376 690; baseline 0.006 -24"><span class='ocrx_word' id='word_1_31' title='bbox 264 642 286 661; x_wconf 92' lang='lat'>»</span> <span class='ocrx_word' id='word_1_32' title='bbox 314 619 548 686; x_wconf 86' lang='lat' dir='ltr'><strong>Decipere,</strong></span> <span class='ocrx_word' id='word_1_33' title='bbox 573 633 618 670; x_wconf 92' lang='lat' dir='ltr'><strong>et</strong></span> <span class='ocrx_word' id='word_1_34' title='bbox 635 621 800 671; x_wconf 88' lang='lat' dir='ltr'><strong>calamo</strong></span> <span class='ocrx_word' id='word_1_35' title='bbox 820 622 1024 672; x_wconf 86' lang='lat' dir='ltr'><strong>salientes</strong></span> <span class='ocrx_word' id='word_1_36' title='bbox 1044 624 1199 673; x_wconf 84' lang='lat' dir='ltr'><strong>ducere</strong></span> <span class='ocrx_word' id='word_1_37' title='bbox 1221 625 1376 690; x_wconf 83' lang='lat' dir='ltr'><strong>pisces.</strong></span> 
     </span>
     <span class='ocr_line' id='line_1_8' title="bbox 264 701 1464 771; baseline 0.006 -23"><span class='ocrx_word' id='word_1_38' title='bbox 264 723 286 743; x_wconf 90' lang='lat'>»</span> <span class='ocrx_word' id='word_1_39' title='bbox 311 701 490 749; x_wconf 73' lang='lat' dir='ltr'><strong>Ars‘illi</strong></span> <span class='ocrx_word' id='word_1_40' title='bbox 513 721 591 751; x_wconf 88' lang='lat' dir='ltr'><strong>sua</strong></span> <span class='ocrx_word' id='word_1_41' title='bbox 612 722 769 752; x_wconf 91' lang='lat' dir='ltr'><strong>census</strong></span> <span class='ocrx_word' id='word_1_42' title='bbox 789 716 881 752; x_wconf 87' lang='lat' dir='ltr'><strong>erat</strong></span> <span class='ocrx_word' id='word_1_43' title='bbox 900 724 910 752; x_wconf 71' lang='grc' dir='ltr'>ε</span> <span class='ocrx_word' id='word_1_44' title='bbox 932 724 1068 771; x_wconf 89' lang='lat' dir='ltr'><strong>quum</strong></span> <span class='ocrx_word' id='word_1_45' title='bbox 1092 706 1282 754; x_wconf 83' lang='lat' dir='ltr'><strong>traderet</strong></span> <span class='ocrx_word' id='word_1_46' title='bbox 1302 719 1464 765; x_wconf 87' lang='lat' dir='ltr'><strong>artem,</strong></span> 
     </span>
     <span class='ocr_line' id='line_1_9' title="bbox 263 785 1479 852; baseline 0.005 -21"><span class='ocrx_word' id='word_1_47' title='bbox 263 806 285 826; x_wconf 90' lang='lat'>»</span> <span class='ocrx_word' id='word_1_48' title='bbox 312 785 497 851; x_wconf 87' lang='lat' dir='ltr'><strong>Accipe,</strong></span> <span class='ocrx_word' id='word_1_49' title='bbox 525 804 632 852; x_wconf 89' lang='lat' dir='ltr'><strong>quas</strong></span> <span class='ocrx_word' id='word_1_50' title='bbox 654 786 823 844; x_wconf 85' lang='lat' dir='ltr'><strong>habeo,</strong></span> <span class='ocrx_word' id='word_1_51' title='bbox 849 787 985 835; x_wconf 86' lang='lat' dir='ltr'><strong>studii</strong></span> <span class='ocrx_word' id='word_1_52' title='bbox 1009 807 1235 837; x_wconf 87' lang='lat' dir='ltr'><strong>successor</strong></span> <span class='ocrx_word' id='word_1_53' title='bbox 1259 800 1303 836; x_wconf 94' lang='lat' dir='ltr'><strong>et</strong></span> <span class='ocrx_word' id='word_1_54' title='bbox 1324 789 1479 846; x_wconf 88' lang='lat' dir='ltr'><strong>heres,</strong></span> 
     </span>
    </p>
   </div>
   <div class='ocr_carea' id='block_1_7' title="bbox 262 867 1507 936">
    <p class='ocr_par' dir='ltr' id='par_1_7' title="bbox 262 867 1507 936">
     <span class='ocr_line' id='line_1_10' title="bbox 262 867 1507 936; baseline 0.003 -23"><span class='ocrx_word' id='word_1_55' title='bbox 262 887 284 907; x_wconf 85' lang='lat'>»</span> <span class='ocrx_word' id='word_1_56' title='bbox 313 867 458 924; x_wconf 84' lang='lat' dir='ltr'>Dixit,</span> <span class='ocrx_word' id='word_1_57' title='bbox 485 886 593 934; x_wconf 88' lang='lat' dir='ltr'><strong>opes</strong></span> <span class='ocrx_word' id='word_1_58' title='bbox 613 887 622 914; x_wconf 92' lang='lat'>:</span> <span class='ocrx_word' id='word_1_59' title='bbox 643 869 923 935; x_wconf 90' lang='lat' dir='ltr'><strong>moriensque</strong></span> <span class='ocrx_word' id='word_1_60' title='bbox 946 870 1055 917; x_wconf 90' lang='lat' dir='ltr'><strong>mihi</strong></span> <span class='ocrx_word' id='word_1_61' title='bbox 1076 869 1189 917; x_wconf 83' lang='lat' dir='ltr'>nihil</span> <span class='ocrx_word' id='word_1_62' title='bbox 1208 869 1280 918; x_wconf 87' lang='lat' dir='ltr'><strong>ille</strong></span> <span class='ocrx_word' id='word_1_63' title='bbox 1303 868 1507 936; x_wconf 88' lang='lat' dir='ltr'><strong>reliquit,</strong></span> 
     </span>
    </p>
   </div>
   <div class='ocr_carea' id='block_1_8' title="bbox 1607 883 1672 930">
    <p class='ocr_par' dir='ltr' id='par_1_8' title="bbox 1607 883 1672 930">
     <span class='ocr_line' id='line_1_11' title="bbox 1607 883 1672 930; baseline 0 -14"><span class='ocrx_word' id='word_1_64' title='bbox 1607 883 1672 930; x_wconf 81' lang='lat'><strong>590</strong></span> 
     </span>
    </p>
   </div>
   <div class='ocr_carea' id='block_1_9' title="bbox 261 948 1638 1099">
    <p class='ocr_par' dir='ltr' id='par_1_9' title="bbox 261 948 1638 1099">
     <span class='ocr_line' id='line_1_12' title="bbox 262 948 1638 1018; baseline 0.004 -23"><span class='ocrx_word' id='word_1_65' title='bbox 262 968 283 988; x_wconf 67' lang='lat' dir='ltr'>n</span> <span class='ocrx_word' id='word_1_66' title='bbox 312 948 473 996; x_wconf 85' lang='lat' dir='ltr'><strong>Praeter</strong></span> <span class='ocrx_word' id='word_1_67' title='bbox 497 967 632 1015; x_wconf 86' lang='lat' dir='ltr'><strong>aquas</strong></span> <span class='ocrx_word' id='word_1_68' title='bbox 655 969 665 996; x_wconf 77' lang='lat' dir='ltr'><em>z</em></span> <span class='ocrx_word' id='word_1_69' title='bbox 685 969 824 998; x_wconf 91' lang='lat' dir='ltr'><strong>unum</strong></span> <span class='ocrx_word' id='word_1_70' title='bbox 847 950 932 1008; x_wconf 85' lang='lat' dir='ltr'><strong>hoc</strong></span> <span class='ocrx_word' id='word_1_71' title='bbox 956 971 1138 1018; x_wconf 88' lang='lat' dir='ltr'><strong>possum</strong></span> <span class='ocrx_word' id='word_1_72' title='bbox 1157 951 1375 1018; x_wconf 89' lang='lat' dir='ltr'><strong>appellare</strong></span> <span class='ocrx_word' id='word_1_73' title='bbox 1392 963 1638 1018; x_wconf 89' lang='lat' dir='ltr'><strong>paternum.</strong></span> 
     </span>
     <span class='ocr_line' id='line_1_13' title="bbox 261 1031 1526 1099; baseline 0.002 -22"><span class='ocrx_word' id='word_1_74' title='bbox 261 1050 284 1071; x_wconf 86' lang='lat'>»</span> <span class='ocrx_word' id='word_1_75' title='bbox 311 1031 422 1077; x_wconf 87' lang='lat' dir='ltr'><strong>Mox</strong></span> <span class='ocrx_word' id='word_1_76' title='bbox 444 1049 548 1093; x_wconf 83' lang='lat' dir='ltr'><strong>ego,</strong></span> <span class='ocrx_word' id='word_1_77' title='bbox 571 1050 627 1079; x_wconf 90' lang='lat' dir='ltr'><strong>ne</strong></span> <span class='ocrx_word' id='word_1_78' title='bbox 652 1031 851 1098; x_wconf 88' lang='lat' dir='ltr'><strong>scopulis</strong></span> <span class='ocrx_word' id='word_1_79' title='bbox 872 1033 1081 1082; x_wconf 87' lang='lat' dir='ltr'><strong>haererem</strong></span> <span class='ocrx_word' id='word_1_80' title='bbox 1103 1052 1275 1099; x_wconf 87' lang='lat' dir='ltr'><strong>semper</strong></span> <span class='ocrx_word' id='word_1_81' title='bbox 1298 1033 1345 1080; x_wconf 90' lang='lat' dir='ltr'><strong>in</strong></span> <span class='ocrx_word' id='word_1_82' title='bbox 1366 1033 1526 1091; x_wconf 86' lang='lat' dir='ltr'><strong>isdem,</strong></span> 
     </span>
    </p>
   </div>
   <div class='ocr_carea' id='block_1_10' title="bbox 234 1175 941 2841">
    <p class='ocr_par' dir='ltr' id='par_1_10' title="bbox 234 1175 941 2841">
     <span class='ocr_line' id='line_1_14' title="bbox 256 1175 933 1221; baseline -0.001 -10"><span class='ocrx_word' id='word_1_83' title='bbox 256 1176 392 1211; x_wconf 84' lang='lat' dir='ltr'><strong>dicitur.</strong></span> <span class='ocrx_word' id='word_1_84' title='bbox 417 1193 460 1202; x_wconf 88' lang='lat'><strong>·—-</strong></span> <span class='ocrx_word' id='word_1_85' title='bbox 481 1176 629 1213; x_wconf 82' lang='lat' dir='ltr'><strong>Maeom&#39;a</strong></span> <span class='ocrx_word' id='word_1_86' title='bbox 655 1182 706 1210; x_wconf 88' lang='lat' dir='ltr'><strong>est</strong></span> <span class='ocrx_word' id='word_1_87' title='bbox 730 1175 840 1221; x_wconf 81' lang='lat' dir='ltr'><strong>Lydia</strong></span> <span class='ocrx_word' id='word_1_88' title='bbox 862 1203 871 1219; x_wconf 91' lang='lat'><strong>,</strong></span> <span class='ocrx_word' id='word_1_89' title='bbox 913 1190 933 1210; x_wconf 87' lang='lat' dir='ltr'><strong>a</strong></span> 
     </span>
     <span class='ocr_line' id='line_1_15' title="bbox 256 1227 931 1275; baseline 0 -12"><span class='ocrx_word' id='word_1_90' title='bbox 256 1229 452 1264; x_wconf 84' lang='lat' dir='ltr'><strong>Maeonibus</strong></span> <span class='ocrx_word' id='word_1_91' title='bbox 465 1254 475 1271; x_wconf 89' lang='lat'>‚</span> <span class='ocrx_word' id='word_1_92' title='bbox 502 1228 618 1273; x_wconf 83' lang='lat' dir='ltr'><strong>priscis</strong></span> <span class='ocrx_word' id='word_1_93' title='bbox 640 1227 759 1275; x_wconf 85' lang='lat' dir='ltr'><strong>Lydiae</strong></span> <span class='ocrx_word' id='word_1_94' title='bbox 779 1228 931 1273; x_wconf 86' lang='lat' dir='ltr'><strong>colonis,</strong></span> 
     </span>
     <span class='ocr_line' id='line_1_16' title="bbox 255 1279 931 1325; baseline -0.003 -9"><span class='ocrx_word' id='word_1_95' title='bbox 255 1281 303 1316; x_wconf 89' lang='lat' dir='ltr'><strong>sic</strong></span> <span class='ocrx_word' id='word_1_96' title='bbox 318 1280 418 1316; x_wconf 87' lang='lat' dir='ltr'><strong>dicta.</strong></span> <span class='ocrx_word' id='word_1_97' title='bbox 432 1280 549 1315; x_wconf 87' lang='lat' dir='ltr'><strong>Etiam</strong></span> <span class='ocrx_word' id='word_1_98' title='bbox 567 1279 658 1325; x_wconf 75' lang='lat' dir='ltr'><strong>apdd</strong></span> <span class='ocrx_word' id='word_1_99' title='bbox 676 1279 835 1325; x_wconf 89' lang='lat' dir='ltr'><strong>Euripid.</strong></span> <span class='ocrx_word' id='word_1_100' title='bbox 846 1280 910 1324; x_wconf 76' lang='grc'><strong>464</strong></span> <span class='ocrx_word' id='word_1_101' title='bbox 921 1307 931 1323; x_wconf 91' lang='grc'>,</span> 
     </span>
     <span class='ocr_line' id='line_1_17' title="bbox 234 1331 930 1378; baseline 0.001 -12"><span class='ocrx_word' id='word_1_102' title='bbox 234 1340 236 1343; x_wconf 76' lang='grc'>’</span> <span class='ocrx_word' id='word_1_103' title='bbox 256 1334 489 1378; x_wconf 71' lang='lat' dir='ltr'><strong>interrogatus</strong></span> <span class='ocrx_word' id='word_1_104' title='bbox 498 1335 578 1371; x_wconf 73' lang='grc' dir='ltr'><strong><em>ὅστις</em></strong></span> <span class='ocrx_word' id='word_1_105' title='bbox 588 1334 712 1376; x_wconf 77' lang='grc' dir='ltr'><strong><em>εἷγένος,</em></strong></span> <span class='ocrx_word' id='word_1_106' title='bbox 722 1331 930 1377; x_wconf 64' lang='lat' dir='ltr'><strong>respondet,</strong></span> 
     </span>
     <span class='ocr_line' id='line_1_18' title="bbox 257 1381 931 1435; baseline -0.003 -14"><span class='ocrx_word' id='word_1_107' title='bbox 257 1391 360 1422; x_wconf 63' lang='grc' dir='ltr'><strong><em>Λυδία</em></strong></span> <span class='ocrx_word' id='word_1_108' title='bbox 384 1392 440 1430; x_wconf 77' lang='grc' dir='ltr'><strong>μοι’</strong></span> <span class='ocrx_word' id='word_1_109' title='bbox 460 1391 575 1435; x_wconf 67' lang='grc' dir='ltr'><strong><em>πατρίς.</em></strong></span> <span class='ocrx_word' id='word_1_110' title='bbox 599 1385 670 1420; x_wconf 91' lang='lat' dir='ltr'><strong>Sed</strong></span> <span class='ocrx_word' id='word_1_111' title='bbox 697 1385 801 1430; x_wconf 87' lang='lat' dir='ltr'><strong>paulo</strong></span> <span class='ocrx_word' id='word_1_112' title='bbox 821 1381 906 1420; x_wconf 77' lang='lat' dir='ltr'><strong>&#39;ante</strong></span> <span class='ocrx_word' id='word_1_113' title='bbox 919 1411 931 1430; x_wconf 91' lang='lat'><strong>,</strong></span> 
     </span>
     <span class='ocr_line' id='line_1_19' title="bbox 254 1438 934 1484; baseline 0 -13"><span class='ocrx_word' id='word_1_114' title='bbox 254 1451 356 1473; x_wconf 83' lang='lat' dir='ltr'><strong>versu</strong></span> <span class='ocrx_word' id='word_1_115' title='bbox 371 1438 451 1482; x_wconf 77' lang='lat'><strong>576,</strong></span> <span class='ocrx_word' id='word_1_116' title='bbox 468 1439 638 1484; x_wconf 81' lang='lat' dir='ltr'><strong>Tyrrhena</strong></span> <span class='ocrx_word' id='word_1_117' title='bbox 649 1441 745 1481; x_wconf 74' lang='lat' dir='ltr'><strong>genle</strong></span> <span class='ocrx_word' id='word_1_118' title='bbox 760 1438 934 1482; x_wconf 86' lang='lat' dir='ltr'><strong>profectus</strong></span> 
     </span>
     <span class='ocr_line' id='line_1_20' title="bbox 256 1489 932 1536; baseline -0.003 -12"><span class='ocrx_word' id='word_1_119' title='bbox 256 1490 454 1536; x_wconf 85' lang='lat' dir='ltr'><strong>fingebatur</strong></span> <span class='ocrx_word' id='word_1_120' title='bbox 463 1516 473 1533; x_wconf 94' lang='lat'>,</span> <span class='ocrx_word' id='word_1_121' title='bbox 485 1497 587 1534; x_wconf 87' lang='lat' dir='ltr'><strong>atque</strong></span> <span class='ocrx_word' id='word_1_122' title='bbox 599 1489 705 1523; x_wconf 88' lang='lat' dir='ltr'><strong>etiam</strong></span> <span class='ocrx_word' id='word_1_123' title='bbox 715 1514 724 1532; x_wconf 90' lang='lat'>,</span> <span class='ocrx_word' id='word_1_124' title='bbox 736 1501 838 1524; x_wconf 80' lang='lat' dir='ltr'><strong>versu</strong></span> <span class='ocrx_word' id='word_1_125' title='bbox 847 1489 932 1536; x_wconf 81' lang='grc'>696,</span> 
     </span>
     <span class='ocr_line' id='line_1_21' title="bbox 261 1541 934 1589; baseline -0.001 -12"><span class='ocrx_word' id='word_1_126' title='bbox 261 1544 447 1589; x_wconf 78' lang='lat' dir='ltr'><strong>Tyrrhenus</strong></span> <span class='ocrx_word' id='word_1_127' title='bbox 456 1549 609 1576; x_wconf 86' lang='lat' dir='ltr'><strong>vocatur.</strong></span> <span class='ocrx_word' id='word_1_128' title='bbox 624 1541 741 1576; x_wconf 90' lang='lat' dir='ltr'><strong>Etiam</strong></span> <span class='ocrx_word' id='word_1_129' title='bbox 753 1542 934 1576; x_wconf 86' lang='lat' dir='ltr'><strong>Homerus</strong></span> 
     </span>
     <span class='ocr_line' id='line_1_22' title="bbox 256 1594 935 1641; baseline -0.009 -9"><span class='ocrx_word' id='word_1_130' title='bbox 256 1596 290 1632; x_wconf 87' lang='lat' dir='ltr'><strong>d.</strong></span> <span class='ocrx_word' id='word_1_131' title='bbox 306 1596 327 1631; x_wconf 90' lang='lat' dir='ltr'><strong>l.</strong></span> <span class='ocrx_word' id='word_1_132' title='bbox 345 1596 408 1630; x_wconf 86' lang='lat' dir='ltr'><strong>hos</strong></span> <span class='ocrx_word' id='word_1_133' title='bbox 422 1594 550 1629; x_wconf 89' lang='lat' dir='ltr'><strong>Bacchi</strong></span> <span class='ocrx_word' id='word_1_134' title='bbox 564 1600 720 1628; x_wconf 85' lang='lat' dir='ltr'><strong>vectores</strong></span> <span class='ocrx_word' id='word_1_135' title='bbox 734 1599 836 1627; x_wconf 84' lang='lat' dir='ltr'><strong>vocat</strong></span> <span class='ocrx_word' id='word_1_136' title='bbox 852 1600 935 1641; x_wconf 74' lang='lat' dir='ltr'><strong>Tup-</strong></span> 
     </span>
     <span class='ocr_line' id='line_1_23' title="bbox 258 1643 935 1691; baseline -0.012 -7"><span class='ocrx_word' id='word_1_137' title='bbox 258 1652 363 1689; x_wconf 74' lang='grc' dir='ltr'><strong><em>σηνοὺς</em></strong></span> <span class='ocrx_word' id='word_1_138' title='bbox 377 1673 387 1690; x_wconf 86' lang='grc'>,</span> <span class='ocrx_word' id='word_1_139' title='bbox 415 1659 435 1680; x_wconf 89' lang='lat' dir='ltr'><strong>a</strong></span> <span class='ocrx_word' id='word_1_140' title='bbox 456 1658 526 1691; x_wconf 93' lang='lat' dir='ltr'><strong>quo</strong></span> <span class='ocrx_word' id='word_1_141' title='bbox 543 1658 609 1680; x_wconf 86' lang='lat' dir='ltr'><strong>nec</strong></span> <span class='ocrx_word' id='word_1_142' title='bbox 634 1643 842 1678; x_wconf 86' lang='lat' dir='ltr'><strong>dissentiunt</strong></span> <span class='ocrx_word' id='word_1_143' title='bbox 867 1655 935 1677; x_wconf 81' lang='lat' dir='ltr'><strong>cae-</strong></span> 
     </span>
     <span class='ocr_line' id='line_1_24' title="bbox 257 1696 935 1744; baseline -0.009 -9"><span class='ocrx_word' id='word_1_144' title='bbox 257 1700 323 1735; x_wconf 84' lang='lat' dir='ltr'><strong>teri</strong></span> <span class='ocrx_word' id='word_1_145' title='bbox 338 1707 512 1742; x_wconf 83' lang='lat' dir='ltr'><strong>auctores,</strong></span> <span class='ocrx_word' id='word_1_146' title='bbox 534 1697 693 1744; x_wconf 83' lang='lat' dir='ltr'><strong>Apollod.</strong></span> <span class='ocrx_word' id='word_1_147' title='bbox 711 1697 843 1744; x_wconf 82' lang='lat' dir='ltr'><strong>Hygin.</strong></span> <span class='ocrx_word' id='word_1_148' title='bbox 861 1696 935 1730; x_wconf 88' lang='lat' dir='ltr'><strong>Lu-</strong></span> 
     </span>
     <span class='ocr_line' id='line_1_25' title="bbox 257 1750 934 1797; baseline -0.01 -7"><span class='ocrx_word' id='word_1_149' title='bbox 257 1756 345 1790; x_wconf 88' lang='lat' dir='ltr'><strong>cian.</strong></span> <span class='ocrx_word' id='word_1_150' title='bbox 354 1755 477 1789; x_wconf 84' lang='lat' dir='ltr'><strong>Senec.</strong></span> <span class='ocrx_word' id='word_1_151' title='bbox 489 1752 609 1797; x_wconf 85' lang='lat' dir='ltr'><strong>OEdip.</strong></span> <span class='ocrx_word' id='word_1_152' title='bbox 618 1764 705 1786; x_wconf 85' lang='lat' dir='ltr'><strong>vers.</strong></span> <span class='ocrx_word' id='word_1_153' title='bbox 714 1752 788 1797; x_wconf 75' lang='grc'><strong>449.</strong></span> <span class='ocrx_word' id='word_1_154' title='bbox 796 1750 934 1795; x_wconf 82' lang='lat' dir='ltr'><strong>Nempe</strong></span> 
     </span>
     <span class='ocr_line' id='line_1_26' title="bbox 263 1801 934 1852; baseline -0.009 -12"><span class='ocrx_word' id='word_1_155' title='bbox 263 1806 452 1852; x_wconf 82' lang='lat' dir='ltr'><strong>Tyrrhem‘e</strong></span> <span class='ocrx_word' id='word_1_156' title='bbox 465 1804 573 1850; x_wconf 88' lang='lat' dir='ltr'><strong>prisca</strong></span> <span class='ocrx_word' id='word_1_157' title='bbox 587 1802 813 1848; x_wconf 85' lang='lat' dir='ltr'><strong>Pelasgorum</strong></span> <span class='ocrx_word' id='word_1_158' title='bbox 828 1801 934 1845; x_wconf 81' lang='lat' dir='ltr'><strong>stirpe</strong></span> 
     </span>
     <span class='ocr_line' id='line_1_27' title="bbox 258 1851 936 1900; baseline -0.01 -9"><span class='ocrx_word' id='word_1_159' title='bbox 258 1858 402 1891; x_wconf 83' lang='lat' dir='ltr'><strong>suerunt</strong></span> <span class='ocrx_word' id='word_1_160' title='bbox 415 1882 424 1898; x_wconf 89' lang='lat'><strong>‚</strong></span> <span class='ocrx_word' id='word_1_161' title='bbox 463 1863 566 1900; x_wconf 91' lang='lat' dir='ltr'><strong>atque</strong></span> <span class='ocrx_word' id='word_1_162' title='bbox 601 1854 706 1888; x_wconf 89' lang='lat' dir='ltr'><strong>etiam</strong></span> <span class='ocrx_word' id='word_1_163' title='bbox 734 1851 936 1897; x_wconf 82' lang='lat' dir='ltr'><strong>aliquandiu</strong></span> 
     </span>
     <span class='ocr_line' id='line_1_28' title="bbox 260 1902 934 1955; baseline -0.007 -13"><span class='ocrx_word' id='word_1_164' title='bbox 260 1907 406 1955; x_wconf 88' lang='lat' dir='ltr'><strong>Lydiam</strong></span> <span class='ocrx_word' id='word_1_165' title='bbox 430 1906 610 1941; x_wconf 89' lang='lat' dir='ltr'><strong>incoluisse</strong></span> <span class='ocrx_word' id='word_1_166' title='bbox 631 1904 796 1939; x_wconf 85' lang='lat' dir='ltr'><strong>videntur</strong></span> <span class='ocrx_word' id='word_1_167' title='bbox 822 1914 830 1935; x_wconf 92' lang='lat'><strong>:</strong></span> <span class='ocrx_word' id='word_1_168' title='bbox 855 1902 934 1937; x_wconf 87' lang='lat' dir='ltr'><strong>vide</strong></span> 
     </span>
     <span class='ocr_line' id='line_1_29' title="bbox 261 1954 937 2006; baseline -0.006 -12"><span class='ocrx_word' id='word_1_169' title='bbox 261 1959 456 2006; x_wconf 85' lang='lat' dir='ltr'><strong>Heynimn,</strong></span> <span class='ocrx_word' id='word_1_170' title='bbox 466 1959 501 1992; x_wconf 89' lang='lat' dir='ltr'><strong>in</strong></span> <span class='ocrx_word' id='word_1_171' title='bbox 514 1957 717 1993; x_wconf 89' lang='lat' dir='ltr'><strong>Comment.</strong></span> <span class='ocrx_word' id='word_1_172' title='bbox 728 1955 771 1990; x_wconf 91' lang='lat' dir='ltr'><strong>de</strong></span> <span class='ocrx_word' id='word_1_173' title='bbox 784 1954 937 1990; x_wconf 84' lang='lat' dir='ltr'><strong>Castoris</strong></span> 
     </span>
     <span class='ocr_line' id='line_1_30' title="bbox 263 2007 936 2059; baseline -0.013 -10"><span class='ocrx_word' id='word_1_174' title='bbox 263 2013 413 2059; x_wconf 88' lang='lat' dir='ltr'><strong>Epochis</strong></span> <span class='ocrx_word' id='word_1_175' title='bbox 425 2039 434 2056; x_wconf 88' lang='lat'><strong><em>‚</em></strong></span> <span class='ocrx_word' id='word_1_176' title='bbox 453 2018 488 2045; x_wconf 87' lang='lat' dir='ltr'><strong>et</strong></span> <span class='ocrx_word' id='word_1_177' title='bbox 504 2012 644 2045; x_wconf 86' lang='lat' dir='ltr'><strong>Excurs.</strong></span> <span class='ocrx_word' id='word_1_178' title='bbox 660 2010 716 2044; x_wconf 89' lang='grc' dir='ltr'><strong>ΙΙΙ</strong></span> <span class='ocrx_word' id='word_1_179' title='bbox 733 2007 775 2042; x_wconf 83' lang='lat' dir='ltr'><strong>ad</strong></span> <span class='ocrx_word' id='word_1_180' title='bbox 796 2007 936 2042; x_wconf 85' lang='lat' dir='ltr'><strong>AEneid.</strong></span> 
     </span>
     <span class='ocr_line' id='line_1_31' title="bbox 262 2059 934 2105; baseline -0.012 -4"><span class='ocrx_word' id='word_1_181' title='bbox 262 2066 355 2101; x_wconf 91' lang='lat' dir='ltr'>VIII</span> <span class='ocrx_word' id='word_1_182' title='bbox 367 2092 376 2105; x_wconf 92' lang='lat'>,</span> <span class='ocrx_word' id='word_1_183' title='bbox 402 2070 530 2099; x_wconf 83' lang='lat' dir='ltr'><strong>nostrae</strong></span> <span class='ocrx_word' id='word_1_184' title='bbox 550 2061 744 2103; x_wconf 76' lang='lat' dir='ltr'><strong>Editionis‚</strong></span> <span class='ocrx_word' id='word_1_185' title='bbox 763 2059 828 2094; x_wconf 87' lang='lat' dir='ltr'><strong>vol.</strong></span> <span class='ocrx_word' id='word_1_186' title='bbox 853 2060 908 2094; x_wconf 88' lang='grc' dir='ltr'><strong>ΙΙΙ</strong></span> <span class='ocrx_word' id='word_1_187' title='bbox 925 2086 934 2103; x_wconf 91' lang='grc'><strong>,</strong></span> 
     </span>
     <span class='ocr_line' id='line_1_32' title="bbox 259 2110 937 2164; baseline -0.013 -12"><span class='ocrx_word' id='word_1_188' title='bbox 259 2132 292 2164; x_wconf 90' lang='lat' dir='ltr'><strong>p.</strong></span> <span class='ocrx_word' id='word_1_189' title='bbox 310 2118 383 2161; x_wconf 75' lang='lat'><strong>482.</strong></span> <span class='ocrx_word' id='word_1_190' title='bbox 401 2115 470 2150; x_wconf 91' lang='lat' dir='ltr'><strong>Sed</strong></span> <span class='ocrx_word' id='word_1_191' title='bbox 490 2115 582 2160; x_wconf 85' lang='lat' dir='ltr'><strong>Hyg.</strong></span> <span class='ocrx_word' id='word_1_192' title='bbox 600 2112 659 2157; x_wconf 88' lang='lat' dir='ltr'><strong>qui</strong></span> <span class='ocrx_word' id='word_1_193' title='bbox 675 2110 841 2146; x_wconf 86' lang='lat' dir='ltr'><strong>eumdem</strong></span> <span class='ocrx_word' id='word_1_194' title='bbox 855 2122 937 2144; x_wconf 84' lang='lat' dir='ltr'><strong>eum</strong></span> 
     </span>
     <span class='ocr_line' id='line_1_33' title="bbox 259 2162 939 2210; baseline -0.015 -5"><span class='ocrx_word' id='word_1_195' title='bbox 259 2170 388 2210; x_wconf 86' lang='lat' dir='ltr'><strong>Nostro</strong></span> <span class='ocrx_word' id='word_1_196' title='bbox 398 2174 576 2201; x_wconf 82' lang='lat' dir='ltr'><strong>auctorem</strong></span> <span class='ocrx_word' id='word_1_197' title='bbox 586 2170 752 2209; x_wconf 88' lang='lat' dir='ltr'><strong>sequutus</strong></span> <span class='ocrx_word' id='word_1_198' title='bbox 763 2175 837 2197; x_wconf 77' lang='lat' dir='ltr'><strong>esse</strong></span> <span class='ocrx_word' id='word_1_199' title='bbox 846 2162 939 2196; x_wconf 86' lang='lat' dir='ltr'><strong>vide-</strong></span> 
     </span>
     <span class='ocr_line' id='line_1_34' title="bbox 258 2217 938 2267; baseline -0.015 -10"><span class='ocrx_word' id='word_1_200' title='bbox 258 2231 338 2265; x_wconf 89' lang='lat' dir='ltr'><strong>tur·,</strong></span> <span class='ocrx_word' id='word_1_201' title='bbox 371 2221 548 2267; x_wconf 82' lang='lat' dir='ltr'><strong>Tyrrheni,</strong></span> <span class='ocrx_word' id='word_1_202' title='bbox 577 2217 691 2260; x_wconf 66' lang='lat' dir='ltr'><strong>inquit</strong></span> <span class='ocrx_word' id='word_1_203' title='bbox 703 2241 713 2258; x_wconf 85' lang='lat'>,</span> <span class='ocrx_word' id='word_1_204' title='bbox 747 2220 807 2259; x_wconf 80' lang='lat' dir='ltr'><strong>qui</strong></span> <span class='ocrx_word' id='word_1_205' title='bbox 818 2219 938 2258; x_wconf 77' lang='lat' dir='ltr'><strong>postea</strong></span> 
     </span>
     <span class='ocr_line' id='line_1_35' title="bbox 265 2266 937 2313; baseline -0.016 -4"><span class='ocrx_word' id='word_1_206' title='bbox 265 2276 372 2309; x_wconf 80' lang='lat' dir='ltr'><strong>Tusci</strong></span> <span class='ocrx_word' id='word_1_207' title='bbox 378 2276 458 2306; x_wconf 83' lang='lat' dir='ltr'><strong>sunt</strong></span> <span class='ocrx_word' id='word_1_208' title='bbox 466 2272 566 2308; x_wconf 68' lang='lat' dir='ltr'><strong>dt&#39;ch&#39;,</strong></span> <span class='ocrx_word' id='word_1_209' title='bbox 585 2280 681 2313; x_wconf 82' lang='lat' dir='ltr'><strong>quum</strong></span> <span class='ocrx_word' id='word_1_210' title='bbox 687 2269 867 2310; x_wconf 76' lang='lat' dir='ltr'><strong>piraticam</strong></span> <span class='ocrx_word' id='word_1_211' title='bbox 869 2266 937 2309; x_wconf 86' lang='lat' dir='ltr'><strong>sa-</strong></span> 
     </span>
     <span class='ocr_line' id='line_1_36' title="bbox 260 2317 939 2366; baseline -0.016 -5"><span class='ocrx_word' id='word_1_212' title='bbox 260 2329 377 2361; x_wconf 81' lang='lat' dir='ltr'><strong>cerenl.</strong></span> <span class='ocrx_word' id='word_1_213' title='bbox 398 2358 400 2360; x_wconf 89' lang='grc'><strong>,</strong></span> <span class='ocrx_word' id='word_1_214' title='bbox 419 2323 556 2366; x_wconf 87' lang='lat' dir='ltr'><strong>Nempe</strong></span> <span class='ocrx_word' id='word_1_215' title='bbox 583 2319 730 2353; x_wconf 62' lang='lat' dir='ltr'><strong>Maenia</strong></span> <span class='ocrx_word' id='word_1_216' title='bbox 765 2317 856 2351; x_wconf 85' lang='lat' dir='ltr'><strong>dicta</strong></span> <span class='ocrx_word' id='word_1_217' title='bbox 887 2323 939 2351; x_wconf 87' lang='lat' dir='ltr'><strong>est</strong></span> 
     </span>
     <span class='ocr_line' id='line_1_37' title="bbox 261 2370 938 2416; baseline -0.016 -2"><span class='ocrx_word' id='word_1_218' title='bbox 261 2380 368 2414; x_wconf 82' lang='lat' dir='ltr'><strong>etiam</strong></span> <span class='ocrx_word' id='word_1_219' title='bbox 383 2375 527 2412; x_wconf 78' lang='lat' dir='ltr'><strong>Tuscia,</strong></span> <span class='ocrx_word' id='word_1_220' title='bbox 545 2373 581 2407; x_wconf 89' lang='lat' dir='ltr'><strong>in</strong></span> <span class='ocrx_word' id='word_1_221' title='bbox 599 2384 702 2416; x_wconf 91' lang='lat' dir='ltr'><strong>quam</strong></span> <span class='ocrx_word' id='word_1_222' title='bbox 722 2370 839 2415; x_wconf 81' lang='lat' dir='ltr'><strong>priscis</strong></span> <span class='ocrx_word' id='word_1_223' title='bbox 853 2377 938 2404; x_wconf 87' lang='lat' dir='ltr'><strong>tem-</strong></span> 
     </span>
     <span class='ocr_line' id='line_1_38' title="bbox 261 2421 938 2477; baseline -0.016 -12"><span class='ocrx_word' id='word_1_224' title='bbox 261 2431 402 2477; x_wconf 89' lang='lat' dir='ltr'><strong>poribus</strong></span> <span class='ocrx_word' id='word_1_225' title='bbox 423 2428 604 2462; x_wconf 75' lang='lat' dir='ltr'><strong>Maeonum</strong></span> <span class='ocrx_word' id='word_1_226' title='bbox 631 2422 766 2458; x_wconf 87' lang='lat' dir='ltr'><strong>colonia</strong></span> <span class='ocrx_word' id='word_1_227' title='bbox 789 2421 938 2456; x_wconf 80' lang='lat' dir='ltr'><strong>deducta</strong></span> 
     </span>
     <span class='ocr_line' id='line_1_39' title="bbox 262 2474 939 2524; baseline -0.018 -5"><span class='ocrx_word' id='word_1_228' title='bbox 262 2497 335 2519; x_wconf 87' lang='lat' dir='ltr'><strong>esse</strong></span> <span class='ocrx_word' id='word_1_229' title='bbox 350 2481 482 2524; x_wconf 74' lang='lat' dir='ltr'><strong>vulgari</strong></span> <span class='ocrx_word' id='word_1_230' title='bbox 496 2480 666 2512; x_wconf 87' lang='lat' dir='ltr'><strong>Veterum</strong></span> <span class='ocrx_word' id='word_1_231' title='bbox 680 2487 799 2510; x_wconf 85' lang='lat' dir='ltr'><strong>errore</strong></span> <span class='ocrx_word' id='word_1_232' title='bbox 815 2474 939 2508; x_wconf 83' lang='lat' dir='ltr'><strong>crede-</strong></span> 
     </span>
     <span class='ocr_line' id='line_1_40' title="bbox 262 2526 939 2579; baseline -0.018 -9"><span class='ocrx_word' id='word_1_233' title='bbox 262 2537 365 2570; x_wconf 83' lang='lat' dir='ltr'><strong>batur</strong></span> <span class='ocrx_word' id='word_1_234' title='bbox 383 2548 391 2568; x_wconf 88' lang='lat'>:</span> <span class='ocrx_word' id='word_1_235' title='bbox 408 2532 486 2566; x_wconf 87' lang='lat' dir='ltr'><strong>vide</strong></span> <span class='ocrx_word' id='word_1_236' title='bbox 506 2532 623 2579; x_wconf 84' lang='lat' dir='ltr'><strong>Heyn.</strong></span> <span class='ocrx_word' id='word_1_237' title='bbox 641 2530 673 2563; x_wconf 92' lang='lat' dir='ltr'><strong>d.</strong></span> <span class='ocrx_word' id='word_1_238' title='bbox 691 2529 711 2562; x_wconf 85' lang='lat' dir='ltr'><strong>l.</strong></span> <span class='ocrx_word' id='word_1_239' title='bbox 731 2527 825 2562; x_wconf 91' lang='lat' dir='ltr'><strong>Hinc</strong></span> <span class='ocrx_word' id='word_1_240' title='bbox 840 2526 939 2570; x_wconf 87' lang='lat' dir='ltr'><strong>Virg.</strong></span> 
     </span>
     <span class='ocr_line' id='line_1_41' title="bbox 263 2577 935 2627; baseline -0.015 -7"><span class='ocrx_word' id='word_1_241' title='bbox 263 2587 297 2620; x_wconf 86' lang='lat' dir='ltr'><strong>d.</strong></span> <span class='ocrx_word' id='word_1_242' title='bbox 317 2587 336 2621; x_wconf 93' lang='grc' dir='ltr'><strong>Ι.</strong></span> <span class='ocrx_word' id='word_1_243' title='bbox 360 2587 506 2619; x_wconf 83' lang='lat' dir='ltr'><strong>Moeom‘a</strong></span> <span class='ocrx_word' id='word_1_244' title='bbox 517 2584 676 2627; x_wconf 71' lang='lat' dir='ltr'><strong>juventus</strong></span> <span class='ocrx_word' id='word_1_245' title='bbox 694 2579 737 2614; x_wconf 90' lang='lat' dir='ltr'><strong>de</strong></span> <span class='ocrx_word' id='word_1_246' title='bbox 761 2577 935 2618; x_wconf 76' lang='lat' dir='ltr'><strong>Etruscis,</strong></span> 
     </span>
     <span class='ocr_line' id='line_1_42' title="bbox 263 2635 939 2680; baseline -0.015 -6"><span class='ocrx_word' id='word_1_247' title='bbox 263 2647 299 2674; x_wconf 85' lang='lat' dir='ltr'><strong>et</strong></span> <span class='ocrx_word' id='word_1_248' title='bbox 316 2640 376 2674; x_wconf 87' lang='lat' dir='ltr'><strong>Sil.</strong></span> <span class='ocrx_word' id='word_1_249' title='bbox 395 2639 468 2673; x_wconf 88' lang='lat' dir='ltr'><strong>Ital.</strong></span> <span class='ocrx_word' id='word_1_250' title='bbox 486 2638 569 2680; x_wconf 88' lang='lat' dir='ltr'><strong>XV,</strong></span> <span class='ocrx_word' id='word_1_251' title='bbox 587 2638 629 2670; x_wconf 80' lang='lat'><strong>35</strong></span> <span class='ocrx_word' id='word_1_252' title='bbox 642 2662 651 2679; x_wconf 83' lang='lat'><strong><em>‚</em></strong></span> <span class='ocrx_word' id='word_1_253' title='bbox 670 2635 832 2668; x_wconf 71' lang='lat' dir='ltr'><strong>lna-onius</strong></span> <span class='ocrx_word' id='word_1_254' title='bbox 843 2635 939 2665; x_wconf 84' lang='lat' dir='ltr'><strong>lacus</strong></span> 
     </span>
     <span class='ocr_line' id='line_1_43' title="bbox 264 2687 939 2729; baseline -0.016 0"><span class='ocrx_word' id='word_1_255' title='bbox 264 2701 315 2729; x_wconf 81' lang='lat' dir='ltr'><strong>est</strong></span> <span class='ocrx_word' id='word_1_256' title='bbox 330 2694 567 2728; x_wconf 82' lang='lat' dir='ltr'><strong>Trasimenus.</strong></span> <span class='ocrx_word' id='word_1_257' title='bbox 593 2691 638 2724; x_wconf 91' lang='lat' dir='ltr'><strong>Et</strong></span> <span class='ocrx_word' id='word_1_258' title='bbox 655 2689 758 2724; x_wconf 85' lang='lat' dir='ltr'><strong>Tusci</strong></span> <span class='ocrx_word' id='word_1_259' title='bbox 776 2687 824 2721; x_wconf 90' lang='lat' dir='ltr'><strong>rei</strong></span> <span class='ocrx_word' id='word_1_260' title='bbox 843 2699 939 2720; x_wconf 89' lang='lat' dir='ltr'><strong>nau-</strong></span> 
     </span>
     <span class='ocr_line' id='line_1_44' title="bbox 264 2738 940 2787; baseline -0.015 -6"><span class='ocrx_word' id='word_1_261' title='bbox 264 2747 340 2781; x_wconf 77' lang='lat' dir='ltr'><strong>ticae</strong></span> <span class='ocrx_word' id='word_1_262' title='bbox 355 2745 498 2780; x_wconf 87' lang='lat' dir='ltr'><strong>studiosi</strong></span> <span class='ocrx_word' id='word_1_263' title='bbox 515 2750 615 2778; x_wconf 89' lang='lat' dir='ltr'><strong>erant</strong></span> <span class='ocrx_word' id='word_1_264' title='bbox 627 2770 636 2785; x_wconf 90' lang='lat'>,</span> <span class='ocrx_word' id='word_1_265' title='bbox 665 2742 811 2787; x_wconf 86' lang='lat' dir='ltr'><strong>Dionys.</strong></span> <span class='ocrx_word' id='word_1_266' title='bbox 828 2738 940 2773; x_wconf 87' lang='lat' dir='ltr'><strong>Halic.</strong></span> 
     </span>
     <span class='ocr_line' id='line_1_45' title="bbox 266 2788 941 2841; baseline -0.016 -8"><span class='ocrx_word' id='word_1_267' title='bbox 266 2798 282 2832; x_wconf 81' lang='lat' dir='ltr'>I</span> <span class='ocrx_word' id='word_1_268' title='bbox 296 2824 305 2841; x_wconf 83' lang='lat'>‚</span> <span class='ocrx_word' id='word_1_269' title='bbox 329 2799 371 2832; x_wconf 80' lang='lat'><strong>25</strong></span> <span class='ocrx_word' id='word_1_270' title='bbox 383 2823 393 2840; x_wconf 90' lang='lat'><em>‚</em></span> <span class='ocrx_word' id='word_1_271' title='bbox 419 2796 630 2839; x_wconf 87' lang='lat' dir='ltr'><strong>eosdemque</strong></span> <span class='ocrx_word' id='word_1_272' title='bbox 647 2793 750 2827; x_wconf 84' lang='lat' dir='ltr'><strong>sacris</strong></span> <span class='ocrx_word' id='word_1_273' title='bbox 767 2788 941 2826; x_wconf 78' lang='lat' dir='ltr'><strong>Bacchicis</strong></span> 
     </span>
    </p>
   </div>
   <div class='ocr_carea' id='block_1_11' title="bbox 992 1175 1723 2776">
    <p class='ocr_par' dir='ltr' id='par_1_11' title="bbox 996 1175 1723 1272">
     <span class='ocr_line' id='line_1_46' title="bbox 996 1175 1723 1221; baseline 0 -11"><span class='ocrx_word' id='word_1_274' title='bbox 996 1176 1098 1210; x_wconf 77' lang='lat' dir='ltr'><strong>fuisse</strong></span> <span class='ocrx_word' id='word_1_275' title='bbox 1115 1176 1269 1210; x_wconf 83' lang='lat' dir='ltr'><strong>addictos</strong></span> <span class='ocrx_word' id='word_1_276' title='bbox 1283 1189 1302 1210; x_wconf 92' lang='lat' dir='ltr'><strong>e</strong></span> <span class='ocrx_word' id='word_1_277' title='bbox 1318 1176 1559 1211; x_wconf 79' lang='lat' dir='ltr'><strong>monumentis</strong></span> <span class='ocrx_word' id='word_1_278' title='bbox 1573 1175 1675 1210; x_wconf 86' lang='lat' dir='ltr'><strong>mul-</strong></span> <span class='ocrx_word' id='word_1_279' title='bbox 1720 1217 1723 1221; x_wconf 15' lang='grc' dir='ltr'><strong>ἡ</strong></span> 
     </span>
     <span class='ocr_line' id='line_1_47' title="bbox 997 1227 1351 1272; baseline 0 -11"><span class='ocrx_word' id='word_1_280' title='bbox 997 1227 1040 1262; x_wconf 90' lang='lat' dir='ltr'><strong>tis</strong></span> <span class='ocrx_word' id='word_1_281' title='bbox 1057 1240 1181 1262; x_wconf 87' lang='lat' dir='ltr'><strong>eorum</strong></span> <span class='ocrx_word' id='word_1_282' title='bbox 1197 1235 1351 1272; x_wconf 88' lang='lat' dir='ltr'><strong>apparet.</strong></span> 
     </span>
    </p>

    <p class='ocr_par' dir='ltr' id='par_1_12' title="bbox 992 1278 1680 2208">
     <span class='ocr_line' id='line_1_48' title="bbox 1042 1278 1680 1323; baseline 0.002 -10"><span class='ocrx_word' id='word_1_283' title='bbox 1042 1280 1117 1322; x_wconf 81' lang='lat'><strong>584.</strong></span> <span class='ocrx_word' id='word_1_284' title='bbox 1132 1280 1210 1313; x_wconf 85' lang='lat' dir='ltr'><strong>Non</strong></span> <span class='ocrx_word' id='word_1_285' title='bbox 1221 1281 1483 1323; x_wconf 79' lang='lat' dir='ltr'><strong>mihipaleretc.</strong></span> <span class='ocrx_word' id='word_1_286' title='bbox 1499 1278 1680 1314; x_wconf 76' lang='lat' dir='ltr'><strong>Describit⁴</strong></span> 
     </span>
     <span class='ocr_line' id='line_1_49' title="bbox 995 1330 1676 1375; baseline 0.001 -10"><span class='ocrx_word' id='word_1_287' title='bbox 995 1343 1031 1366; x_wconf 91' lang='lat' dir='ltr'><strong>se</strong></span> <span class='ocrx_word' id='word_1_288' title='bbox 1049 1330 1312 1375; x_wconf 89' lang='lat' dir='ltr'><strong>pauperrimum</strong></span> <span class='ocrx_word' id='word_1_289' title='bbox 1325 1357 1334 1373; x_wconf 91' lang='lat'><em>,</em></span> <span class='ocrx_word' id='word_1_290' title='bbox 1354 1330 1396 1366; x_wconf 86' lang='lat' dir='ltr'><strong>ad</strong></span> <span class='ocrx_word' id='word_1_291' title='bbox 1413 1332 1676 1366; x_wconf 81' lang='lat' dir='ltr'><strong>miserationem</strong></span> 
     </span>
     <span class='ocr_line' id='line_1_50' title="bbox 995 1381 1677 1419; baseline 0.004 -3"><span class='ocrx_word' id='word_1_292' title='bbox 995 1382 1201 1418; x_wconf 82' lang='lat' dir='ltr'><strong>faciendam.</strong></span> <span class='ocrx_word' id='word_1_293' title='bbox 1236 1381 1376 1418; x_wconf 86' lang='lat' dir='ltr'><strong>Ornate</strong></span> <span class='ocrx_word' id='word_1_294' title='bbox 1396 1384 1498 1418; x_wconf 79' lang='lat' dir='ltr'><strong>effert</strong></span> <span class='ocrx_word' id='word_1_295' title='bbox 1514 1383 1579 1418; x_wconf 74' lang='lat' dir='ltr'><strong>trin</strong></span> <span class='ocrx_word' id='word_1_296' title='bbox 1596 1383 1677 1419; x_wconf 75' lang='lat' dir='ltr'><strong>vitae</strong></span> 
     </span>
     <span class='ocr_line' id='line_1_51' title="bbox 1000 1435 1676 1480; baseline 0.003 -12"><span class='ocrx_word' id='word_1_297' title='bbox 1000 1447 1138 1480; x_wconf 86' lang='lat' dir='ltr'><strong>genera.</strong></span> <span class='ocrx_word' id='word_1_298' title='bbox 1160 1435 1202 1468; x_wconf 91' lang='lat' dir='ltr'><strong>In</strong></span> <span class='ocrx_word' id='word_1_299' title='bbox 1220 1438 1379 1468; x_wconf 71' lang='lat' dir='ltr'><strong>armentis·</strong></span> <span class='ocrx_word' id='word_1_300' title='bbox 1397 1441 1433 1469; x_wconf 89' lang='lat' dir='ltr'><strong>et</strong></span> <span class='ocrx_word' id='word_1_301' title='bbox 1447 1438 1537 1469; x_wconf 72' lang='lat' dir='ltr'><strong>amzr</strong></span> <span class='ocrx_word' id='word_1_302' title='bbox 1553 1447 1676 1471; x_wconf 79' lang='lat' dir='ltr'><strong>omnes</strong></span> 
     </span>
     <span class='ocr_line' id='line_1_52' title="bbox 999 1486 1678 1532; baseline 0.003 -12"><span class='ocrx_word' id='word_1_303' title='bbox 999 1486 1084 1520; x_wconf 88' lang='lat' dir='ltr'><strong>olim</strong></span> <span class='ocrx_word' id='word_1_304' title='bbox 1094 1486 1230 1521; x_wconf 74' lang='lat' dir='ltr'><strong>divitiae.</strong></span> <span class='ocrx_word' id='word_1_305' title='bbox 1237 1487 1465 1532; x_wconf 74' lang='lat' dir='ltr'><strong>Pauper-rima</strong></span> <span class='ocrx_word' id='word_1_306' title='bbox 1474 1494 1592 1522; x_wconf 73' lang='lat' dir='ltr'><strong>autem</strong></span> <span class='ocrx_word' id='word_1_307' title='bbox 1602 1495 1678 1522; x_wconf 81' lang='lat' dir='ltr'><strong>erat</strong></span> 
     </span>
     <span class='ocr_line' id='line_1_53' title="bbox 992 1538 1678 1585; baseline 0.003 -13"><span class='ocrx_word' id='word_1_308' title='bbox 992 1541 1200 1583; x_wconf 80' lang='lat' dir='ltr'><strong>piscatorum</strong></span> <span class='ocrx_word' id='word_1_309' title='bbox 1210 1538 1365 1574; x_wconf 81' lang='lat' dir='ltr'><strong>conditio</strong></span> <span class='ocrx_word' id='word_1_310' title='bbox 1380 1549 1388 1570; x_wconf 70' lang='grc' dir='ltr'><strong><em>ε</em></strong></span> <span class='ocrx_word' id='word_1_311' title='bbox 1401 1538 1470 1572; x_wconf 74' lang='lat' dir='ltr'><strong>vid.</strong></span> <span class='ocrx_word' id='word_1_312' title='bbox 1483 1538 1580 1585; x_wconf 84' lang='lat' dir='ltr'><strong>Virg.</strong></span> <span class='ocrx_word' id='word_1_313' title='bbox 1590 1539 1678 1574; x_wconf 80' lang='lat' dir='ltr'><strong>AEn.</strong></span> 
     </span>
     <span class='ocr_line' id='line_1_54' title="bbox 1000 1589 1679 1634; baseline 0.001 -11"><span class='ocrx_word' id='word_1_314' title='bbox 1000 1589 1072 1623; x_wconf 90' lang='lat' dir='ltr'><strong>XII</strong></span> <span class='ocrx_word' id='word_1_315' title='bbox 1085 1615 1094 1633; x_wconf 89' lang='lat'><em>‚</em></span> <span class='ocrx_word' id='word_1_316' title='bbox 1115 1592 1152 1624; x_wconf 87' lang='lat'><strong>51</strong></span> <span class='ocrx_word' id='word_1_317' title='bbox 1161 1603 1176 1634; x_wconf 89' lang='lat'><strong><em>7</em></strong></span> <span class='ocrx_word' id='word_1_318' title='bbox 1191 1602 1266 1634; x_wconf 89' lang='lat' dir='ltr'><strong>sqq.</strong></span> <span class='ocrx_word' id='word_1_319' title='bbox 1282 1589 1460 1624; x_wconf 77' lang='lat' dir='ltr'><strong>Theocrit.</strong></span> <span class='ocrx_word' id='word_1_320' title='bbox 1472 1590 1524 1624; x_wconf 87' lang='lat' dir='ltr'><strong>Id.</strong></span> <span class='ocrx_word' id='word_1_321' title='bbox 1537 1604 1575 1625; x_wconf 84' lang='lat'><strong>21</strong></span> <span class='ocrx_word' id='word_1_322' title='bbox 1587 1616 1598 1634; x_wconf 84' lang='lat'>,</span> <span class='ocrx_word' id='word_1_323' title='bbox 1610 1590 1679 1625; x_wconf 83' lang='lat' dir='ltr'><strong>ibi-—</strong></span> 
     </span>
     <span class='ocr_line' id='line_1_55' title="bbox 1000 1641 1678 1686; baseline 0.001 -11"><span class='ocrx_word' id='word_1_324' title='bbox 1000 1654 1067 1686; x_wconf 91' lang='lat' dir='ltr'><strong>que</strong></span> <span class='ocrx_word' id='word_1_325' title='bbox 1087 1641 1223 1676; x_wconf 85' lang='lat' dir='ltr'><strong>Harles.</strong></span> <span class='ocrx_word' id='word_1_326' title='bbox 1240 1641 1299 1686; x_wconf 86' lang='lat' dir='ltr'><strong>qui</strong></span> <span class='ocrx_word' id='word_1_327' title='bbox 1316 1648 1352 1676; x_wconf 86' lang='lat' dir='ltr'><strong>et</strong></span> <span class='ocrx_word' id='word_1_328' title='bbox 1373 1641 1417 1676; x_wconf 90' lang='lat' dir='ltr'><strong>de</strong></span> <span class='ocrx_word' id='word_1_329' title='bbox 1433 1642 1678 1677; x_wconf 85' lang='lat' dir='ltr'><strong>instrumentis</strong></span> 
     </span>
     <span class='ocr_line' id='line_1_56' title="bbox 999 1694 1680 1739; baseline 0.003 -12"><span class='ocrx_word' id='word_1_330' title='bbox 999 1694 1188 1739; x_wconf 76' lang='lat' dir='ltr'><strong>piscatoriis</strong></span> <span class='ocrx_word' id='word_1_331' title='bbox 1199 1694 1351 1739; x_wconf 84' lang='lat' dir='ltr'><strong>exponit.</strong></span> <span class='ocrx_word' id='word_1_332' title='bbox 1361 1696 1546 1734; x_wconf 45' lang='lat' dir='ltr'><strong>-Durusq</strong></span> <span class='ocrx_word' id='word_1_333' title='bbox 1559 1695 1680 1729; x_wconf 79' lang='lat' dir='ltr'><strong>robus·</strong></span> 
     </span>
     <span class='ocr_line' id='line_1_57' title="bbox 1000 1745 1679 1790; baseline 0.003 -12"><span class='ocrx_word' id='word_1_334' title='bbox 1000 1751 1055 1779; x_wconf 89' lang='lat' dir='ltr'><strong>tus</strong></span> <span class='ocrx_word' id='word_1_335' title='bbox 1065 1751 1101 1779; x_wconf 86' lang='lat' dir='ltr'><strong>et</strong></span> <span class='ocrx_word' id='word_1_336' title='bbox 1114 1745 1302 1779; x_wconf 86' lang='lat' dir='ltr'><strong>laboriosus</strong></span> <span class='ocrx_word' id='word_1_337' title='bbox 1315 1771 1325 1788; x_wconf 93' lang='lat'>,</span> <span class='ocrx_word' id='word_1_338' title='bbox 1346 1745 1406 1789; x_wconf 87' lang='lat' dir='ltr'><strong>qui</strong></span> <span class='ocrx_word' id='word_1_339' title='bbox 1416 1758 1536 1790; x_wconf 82' lang='lat' dir='ltr'><strong>graves</strong></span> <span class='ocrx_word' id='word_1_340' title='bbox 1544 1745 1679 1780; x_wconf 74' lang='lat' dir='ltr'><strong>labores</strong></span> 
     </span>
     <span class='ocr_line' id='line_1_58' title="bbox 999 1796 1679 1843; baseline 0 -12"><span class='ocrx_word' id='word_1_341' title='bbox 999 1797 1142 1843; x_wconf 85' lang='lat' dir='ltr'><strong>peragit.</strong></span> <span class='ocrx_word' id='word_1_342' title='bbox 1160 1796 1288 1832; x_wconf 88' lang='lat' dir='ltr'><strong>Omnis</strong></span> <span class='ocrx_word' id='word_1_343' title='bbox 1301 1797 1370 1831; x_wconf 86' lang='lat' dir='ltr'><strong>vita</strong></span> <span class='ocrx_word' id='word_1_344' title='bbox 1380 1797 1508 1831; x_wconf 87' lang='lat' dir='ltr'><strong>rustica</strong></span> <span class='ocrx_word' id='word_1_345' title='bbox 1516 1798 1604 1831; x_wconf 65' lang='lat' dir='ltr'><strong>rcalum</strong></span> <span class='ocrx_word' id='word_1_346' title='bbox 1614 1804 1679 1833; x_wconf 75' lang='lat' dir='ltr'><strong>est.</strong></span> 
     </span>
     <span class='ocr_line' id='line_1_59' title="bbox 999 1848 1679 1893; baseline 0.001 -11"><span class='ocrx_word' id='word_1_347' title='bbox 999 1868 1043 1874; x_wconf 93' lang='lat'>—</span> <span class='ocrx_word' id='word_1_348' title='bbox 1059 1851 1179 1883; x_wconf 79' lang='lat' dir='ltr'><strong>Linum</strong></span> <span class='ocrx_word' id='word_1_349' title='bbox 1192 1875 1200 1889; x_wconf 92' lang='lat'>‚</span> <span class='ocrx_word' id='word_1_350' title='bbox 1219 1848 1307 1882; x_wconf 89' lang='lat' dir='ltr'><strong>retia</strong></span> <span class='ocrx_word' id='word_1_351' title='bbox 1323 1848 1515 1893; x_wconf 82' lang='lat' dir='ltr'><strong>piscatoria.</strong></span> <span class='ocrx_word' id='word_1_352' title='bbox 1537 1867 1583 1875; x_wconf 89' lang='lat'><em>-</em></span> <span class='ocrx_word' id='word_1_353' title='bbox 1597 1850 1679 1883; x_wconf 82' lang='lat' dir='ltr'><strong>De·-</strong></span> 
     </span>
     <span class='ocr_line' id='line_1_60' title="bbox 1000 1901 1679 1947; baseline -0.003 -11"><span class='ocrx_word' id='word_1_354' title='bbox 1000 1905 1124 1944; x_wconf 60' lang='lat' dir='ltr'><strong>apere,</strong></span> <span class='ocrx_word' id='word_1_355' title='bbox 1141 1901 1293 1936; x_wconf 87' lang='lat' dir='ltr'><strong>suaviter</strong></span> <span class='ocrx_word' id='word_1_356' title='bbox 1306 1913 1371 1946; x_wconf 86' lang='lat' dir='ltr'><strong>pro</strong></span> <span class='ocrx_word' id='word_1_357' title='bbox 1381 1927 1390 1943; x_wconf 92' lang='lat'>,</span> <span class='ocrx_word' id='word_1_358' title='bbox 1407 1913 1541 1946; x_wconf 84' lang='lat' dir='ltr'><strong>capere.</strong></span> <span class='ocrx_word' id='word_1_359' title='bbox 1555 1901 1679 1947; x_wconf 77' lang='lat' dir='ltr'><strong>Virgit.</strong></span> 
     </span>
     <span class='ocr_line' id='line_1_61' title="bbox 1002 1953 1678 2000; baseline -0.001 -12"><span class='ocrx_word' id='word_1_360' title='bbox 1002 1953 1131 1998; x_wconf 85' lang='lat' dir='ltr'><strong>Georg.</strong></span> <span class='ocrx_word' id='word_1_361' title='bbox 1150 1954 1189 1997; x_wconf 89' lang='lat' dir='ltr'><strong>I,</strong></span> <span class='ocrx_word' id='word_1_362' title='bbox 1219 1954 1281 2000; x_wconf 84' lang='lat'><strong>139</strong></span> <span class='ocrx_word' id='word_1_363' title='bbox 1301 1965 1308 1986; x_wconf 94' lang='lat'>:</span> <span class='ocrx_word' id='word_1_364' title='bbox 1323 1953 1451 1996; x_wconf 80' lang='lat' dir='ltr'><strong>fallere</strong></span> <span class='ocrx_word' id='word_1_365' title='bbox 1474 1965 1553 1987; x_wconf 80' lang='lat' dir='ltr'><strong>aves</strong></span> <span class='ocrx_word' id='word_1_366' title='bbox 1574 1955 1678 1987; x_wconf 83' lang='lat' dir='ltr'><strong>visco.</strong></span> 
     </span>
     <span class='ocr_line' id='line_1_62' title="bbox 1002 2004 1676 2049; baseline -0.001 -11"><span class='ocrx_word' id='word_1_367' title='bbox 1002 2005 1163 2038; x_wconf 88' lang='lat' dir='ltr'><strong>Verbum</strong></span> <span class='ocrx_word' id='word_1_368' title='bbox 1190 2004 1373 2049; x_wconf 89' lang='lat' dir='ltr'><strong>proprium</strong></span> <span class='ocrx_word' id='word_1_369' title='bbox 1400 2010 1452 2039; x_wconf 89' lang='lat' dir='ltr'><strong>est</strong></span> <span class='ocrx_word' id='word_1_370' title='bbox 1465 2028 1477 2044; x_wconf 83' lang='lat'>‚</span> <span class='ocrx_word' id='word_1_371' title='bbox 1507 2007 1657 2039; x_wconf 64' lang='grc' dir='ltr'><strong>ἐπει-αντ</strong></span> <span class='ocrx_word' id='word_1_372' title='bbox 1667 2031 1676 2044; x_wconf 88' lang='grc'>,</span> 
     </span>
     <span class='ocr_line' id='line_1_63' title="bbox 1005 2054 1680 2100; baseline -0.003 -9"><span class='ocrx_word' id='word_1_373' title='bbox 1005 2057 1164 2097; x_wconf 68' lang='grc' dir='ltr'>δελεάζειν.</span> <span class='ocrx_word' id='word_1_374' title='bbox 1181 2074 1226 2082; x_wconf 88' lang='grc'><strong>-·</strong></span> <span class='ocrx_word' id='word_1_375' title='bbox 1239 2057 1405 2090; x_wconf 77' lang='lat' dir='ltr'><strong>Salientes</strong></span> <span class='ocrx_word' id='word_1_376' title='bbox 1420 2067 1440 2089; x_wconf 87' lang='lat' dir='ltr'><strong>a</strong></span> <span class='ocrx_word' id='word_1_377' title='bbox 1461 2062 1588 2090; x_wconf 81' lang='lat' dir='ltr'><strong>natura</strong></span> <span class='ocrx_word' id='word_1_378' title='bbox 1602 2054 1680 2100; x_wconf 83' lang='lat' dir='ltr'><strong>pis-</strong></span> 
     </span>
     <span class='ocr_line' id='line_1_64' title="bbox 1002 2108 1679 2154; baseline 0 -11"><span class='ocrx_word' id='word_1_379' title='bbox 1002 2110 1106 2144; x_wconf 90' lang='lat' dir='ltr'><strong>cium.</strong></span> <span class='ocrx_word' id='word_1_380' title='bbox 1135 2108 1270 2143; x_wconf 84' lang='lat' dir='ltr'><strong>Confer</strong></span> <span class='ocrx_word' id='word_1_381' title='bbox 1295 2109 1370 2143; x_wconf 87' lang='lat' dir='ltr'><strong>Art.</strong></span> <span class='ocrx_word' id='word_1_382' title='bbox 1391 2108 1509 2143; x_wconf 81' lang='lat' dir='ltr'><strong>Amat.</strong></span> <span class='ocrx_word' id='word_1_383' title='bbox 1526 2109 1566 2152; x_wconf 89' lang='lat' dir='ltr'><strong>I,</strong></span> <span class='ocrx_word' id='word_1_384' title='bbox 1594 2108 1679 2154; x_wconf 76' lang='lat'>763,</span> 
     </span>
     <span class='ocr_line' id='line_1_65' title="bbox 1003 2161 1372 2208; baseline -0.003 -13"><span class='ocrx_word' id='word_1_385' title='bbox 1003 2168 1038 2196; x_wconf 86' lang='lat' dir='ltr'><strong>et</strong></span> <span class='ocrx_word' id='word_1_386' title='bbox 1053 2161 1143 2195; x_wconf 81' lang='lat' dir='ltr'><strong>infra</strong></span> <span class='ocrx_word' id='word_1_387' title='bbox 1160 2161 1274 2203; x_wconf 88' lang='lat' dir='ltr'>XIII,</span> <span class='ocrx_word' id='word_1_388' title='bbox 1295 2161 1372 2208; x_wconf 80' lang='lat'><strong>923.</strong></span> 
     </span>
    </p>

    <p class='ocr_par' dir='ltr' id='par_1_13' title="bbox 1002 2212 1681 2776">
     <span class='ocr_line' id='line_1_66' title="bbox 1048 2212 1679 2256; baseline -0.005 -9"><span class='ocrx_word' id='word_1_389' title='bbox 1048 2214 1121 2248; x_wconf 89' lang='grc'>588.</span> <span class='ocrx_word' id='word_1_390' title='bbox 1143 2214 1288 2252; x_wconf 83' lang='lat' dir='ltr'><strong>Census,</strong></span> <span class='ocrx_word' id='word_1_391' title='bbox 1312 2212 1461 2255; x_wconf 71' lang='lat' dir='ltr'><strong>divitiae,</strong></span> <span class='ocrx_word' id='word_1_392' title='bbox 1485 2223 1588 2256; x_wconf 78' lang='lat' dir='ltr'><strong>opes,</strong></span> <span class='ocrx_word' id='word_1_393' title='bbox 1613 2222 1679 2244; x_wconf 85' lang='lat' dir='ltr'><strong>re—</strong></span> 
     </span>
     <span class='ocr_line' id='line_1_67' title="bbox 1003 2265 1680 2310; baseline -0.007 -9"><span class='ocrx_word' id='word_1_394' title='bbox 1003 2267 1094 2301; x_wconf 89' lang='lat' dir='ltr'><strong>ditus</strong></span> <span class='ocrx_word' id='word_1_395' title='bbox 1107 2293 1116 2309; x_wconf 88' lang='lat'><strong><em>‚</em></strong></span> <span class='ocrx_word' id='word_1_396' title='bbox 1141 2266 1221 2310; x_wconf 86' lang='lat' dir='ltr'><strong>quia</strong></span> <span class='ocrx_word' id='word_1_397' title='bbox 1232 2266 1328 2299; x_wconf 87' lang='lat' dir='ltr'><strong>bona</strong></span> <span class='ocrx_word' id='word_1_398' title='bbox 1343 2265 1473 2300; x_wconf 78' lang='lat' dir='ltr'><strong>civium</strong></span> <span class='ocrx_word' id='word_1_399' title='bbox 1489 2265 1680 2298; x_wconf 84' lang='lat' dir='ltr'><strong>Romano-</strong></span> 
     </span>
     <span class='ocr_line' id='line_1_68' title="bbox 1002 2315 1681 2352; baseline -0.007 0"><span class='ocrx_word' id='word_1_400' title='bbox 1002 2331 1083 2352; x_wconf 87' lang='lat' dir='ltr'><strong>rum</strong></span> <span class='ocrx_word' id='word_1_401' title='bbox 1114 2318 1149 2350; x_wconf 93' lang='lat' dir='ltr'><strong>in</strong></span> <span class='ocrx_word' id='word_1_402' title='bbox 1178 2327 1322 2351; x_wconf 89' lang='lat' dir='ltr'><strong>censum</strong></span> <span class='ocrx_word' id='word_1_403' title='bbox 1350 2315 1607 2348; x_wconf 82' lang='lat' dir='ltr'><strong>deserebantur.</strong></span> <span class='ocrx_word' id='word_1_404' title='bbox 1635 2330 1681 2339; x_wconf 81' lang='lat'><strong>--</strong></span> 
     </span>
     <span class='ocr_line' id='line_1_69' title="bbox 1002 2363 1677 2411; baseline -0.013 -7"><span class='ocrx_word' id='word_1_405' title='bbox 1002 2371 1170 2407; x_wconf 55' lang='lat' dir='ltr'><strong>stastum,</strong></span> <span class='ocrx_word' id='word_1_406' title='bbox 1202 2367 1280 2401; x_wconf 81' lang='lat' dir='ltr'><strong>vitae</strong></span> <span class='ocrx_word' id='word_1_407' title='bbox 1305 2378 1435 2411; x_wconf 84' lang='lat' dir='ltr'><strong>genus,</strong></span> <span class='ocrx_word' id='word_1_408' title='bbox 1461 2370 1502 2398; x_wconf 91' lang='lat' dir='ltr'><strong>ut</strong></span> <span class='ocrx_word' id='word_1_409' title='bbox 1518 2363 1557 2406; x_wconf 93' lang='lat' dir='ltr'><strong>I,</strong></span> <span class='ocrx_word' id='word_1_410' title='bbox 1584 2363 1650 2408; x_wconf 74' lang='grc'><strong>694</strong></span> <span class='ocrx_word' id='word_1_411' title='bbox 1666 2388 1677 2406; x_wconf 82' lang='grc'><em>,</em></span> 
     </span>
     <span class='ocr_line' id='line_1_70' title="bbox 1004 2415 1678 2464; baseline -0.012 -8"><span class='ocrx_word' id='word_1_412' title='bbox 1004 2422 1062 2464; x_wconf 80' lang='lat' dir='ltr'><strong>ubi</strong></span> <span class='ocrx_word' id='word_1_413' title='bbox 1079 2422 1122 2455; x_wconf 92' lang='lat' dir='ltr'><strong>de</strong></span> <span class='ocrx_word' id='word_1_414' title='bbox 1139 2426 1278 2455; x_wconf 84' lang='lat' dir='ltr'><strong>venatu.</strong></span> <span class='ocrx_word' id='word_1_415' title='bbox 1301 2436 1346 2444; x_wconf 95' lang='lat'><strong>—</strong></span> <span class='ocrx_word' id='word_1_416' title='bbox 1359 2415 1522 2452; x_wconf 85' lang='lat' dir='ltr'><strong>Jucunde</strong></span> <span class='ocrx_word' id='word_1_417' title='bbox 1535 2427 1678 2450; x_wconf 82' lang='lat' dir='ltr'><strong>succes-</strong></span> 
     </span>
     <span class='ocr_line' id='line_1_71' title="bbox 1002 2470 1678 2513; baseline -0.01 -5"><span class='ocrx_word' id='word_1_418' title='bbox 1002 2470 1060 2508; x_wconf 66' lang='lat' dir='ltr'><strong>[ror</strong></span> <span class='ocrx_word' id='word_1_419' title='bbox 1078 2479 1112 2507; x_wconf 84' lang='lat' dir='ltr'><strong>et</strong></span> <span class='ocrx_word' id='word_1_420' title='bbox 1135 2475 1247 2511; x_wconf 78' lang='lat' dir='ltr'><strong>heres,</strong></span> <span class='ocrx_word' id='word_1_421' title='bbox 1282 2477 1448 2513; x_wconf 83' lang='lat' dir='ltr'><strong>tanquam</strong></span> <span class='ocrx_word' id='word_1_422' title='bbox 1469 2479 1678 2513; x_wconf 80' lang='lat' dir='ltr'><strong>magnarum</strong></span> 
     </span>
     <span class='ocr_line' id='line_1_72' title="bbox 1003 2518 1678 2560; baseline -0.012 0"><span class='ocrx_word' id='word_1_423' title='bbox 1003 2525 1216 2560; x_wconf 80' lang='lat' dir='ltr'><strong>facultatum.</strong></span> <span class='ocrx_word' id='word_1_424' title='bbox 1245 2541 1289 2548; x_wconf 92' lang='lat'><strong>—-</strong></span> <span class='ocrx_word' id='word_1_425' title='bbox 1310 2520 1474 2556; x_wconf 86' lang='lat' dir='ltr'><strong>Jucunde</strong></span> <span class='ocrx_word' id='word_1_426' title='bbox 1505 2526 1541 2554; x_wconf 89' lang='lat' dir='ltr'><strong>et</strong></span> <span class='ocrx_word' id='word_1_427' title='bbox 1565 2518 1652 2553; x_wconf 75' lang='lat' dir='ltr'><strong>illud</strong></span> <span class='ocrx_word' id='word_1_428' title='bbox 1667 2545 1678 2560; x_wconf 86' lang='lat'>‚</span> 
     </span>
     <span class='ocr_line' id='line_1_73' title="bbox 1003 2576 1680 2618; baseline -0.012 -7"><span class='ocrx_word' id='word_1_429' title='bbox 1003 2579 1091 2611; x_wconf 75' lang='lat' dir='ltr'><em>nihil</em></span> <span class='ocrx_word' id='word_1_430' title='bbox 1108 2577 1194 2609; x_wconf 83' lang='lat' dir='ltr'><strong>mihi</strong></span> <span class='ocrx_word' id='word_1_431' title='bbox 1212 2576 1346 2618; x_wconf 78' lang='lat' dir='ltr'><strong>reliquit</strong></span> <span class='ocrx_word' id='word_1_432' title='bbox 1359 2576 1481 2615; x_wconf 75' lang='lat' dir='ltr'><strong>prater</strong></span> <span class='ocrx_word' id='word_1_433' title='bbox 1498 2581 1613 2615; x_wconf 80' lang='lat' dir='ltr'><strong>aquas.</strong></span> <span class='ocrx_word' id='word_1_434' title='bbox 1634 2586 1680 2594; x_wconf 89' lang='lat'><em>—</em></span> 
     </span>
     <span class='ocr_line' id='line_1_74' title="bbox 1003 2623 1681 2670; baseline -0.016 -7"><span class='ocrx_word' id='word_1_435' title='bbox 1003 2647 1046 2654; x_wconf 90' lang='lat'><strong>—</strong></span> <span class='ocrx_word' id='word_1_436' title='bbox 1080 2627 1200 2662; x_wconf 84' lang='lat' dir='ltr'><strong>Codex</strong></span> <span class='ocrx_word' id='word_1_437' title='bbox 1224 2625 1353 2670; x_wconf 84' lang='lat' dir='ltr'><strong>Regius</strong></span> <span class='ocrx_word' id='word_1_438' title='bbox 1380 2623 1408 2658; x_wconf 83' lang='lat' dir='ltr'><strong>A</strong></span> <span class='ocrx_word' id='word_1_439' title='bbox 1434 2649 1444 2667; x_wconf 85' lang='lat'><strong><em>,</em></strong></span> <span class='ocrx_word' id='word_1_440' title='bbox 1477 2625 1681 2664; x_wconf 76' lang='lat' dir='ltr'><strong>moriensque</strong></span> 
     </span>
     <span class='ocr_line' id='line_1_75' title="bbox 1003 2669 1677 2721; baseline -0.013 -7"><span class='ocrx_word' id='word_1_441' title='bbox 1003 2682 1101 2714; x_wconf 80' lang='lat' dir='ltr'><strong>aliud</strong></span> <span class='ocrx_word' id='word_1_442' title='bbox 1125 2681 1178 2712; x_wconf 76' lang='lat' dir='ltr'><strong>nil</strong></span> <span class='ocrx_word' id='word_1_443' title='bbox 1202 2680 1260 2711; x_wconf 80' lang='lat' dir='ltr'><strong>ille</strong></span> <span class='ocrx_word' id='word_1_444' title='bbox 1287 2678 1428 2721; x_wconf 75' lang='lat' dir='ltr'><strong>reliquit.</strong></span> <span class='ocrx_word' id='word_1_445' title='bbox 1463 2669 1594 2718; x_wconf 78' lang='lat' dir='ltr'><strong>Regius</strong></span> <span class='ocrx_word' id='word_1_446' title='bbox 1618 2671 1649 2706; x_wconf 89' lang='grc' dir='ltr'><strong>Β</strong></span> <span class='ocrx_word' id='word_1_447' title='bbox 1666 2696 1677 2714; x_wconf 83' lang='lat'><em>,</em></span> 
     </span>
     <span class='ocr_line' id='line_1_76' title="bbox 1003 2724 1678 2776; baseline -0.012 -11"><span class='ocrx_word' id='word_1_448' title='bbox 1003 2732 1177 2776; x_wconf 82' lang='lat' dir='ltr'><strong>vulgatam</strong></span> <span class='ocrx_word' id='word_1_449' title='bbox 1203 2729 1329 2771; x_wconf 87' lang='lat' dir='ltr'><strong>habet;</strong></span> <span class='ocrx_word' id='word_1_450' title='bbox 1353 2726 1478 2773; x_wconf 86' lang='lat' dir='ltr'><strong>prioris</strong></span> <span class='ocrx_word' id='word_1_451' title='bbox 1496 2724 1598 2760; x_wconf 84' lang='lat' dir='ltr'><strong>lectio</strong></span> <span class='ocrx_word' id='word_1_452' title='bbox 1614 2735 1678 2757; x_wconf 87' lang='lat' dir='ltr'><strong>re·-</strong></span> 
     </span>
    </p>
   </div>
   <div class='ocr_carea' id='block_1_12' title="bbox 1003 2785 1247 2831">
    <p class='ocr_par' dir='ltr' id='par_1_14' title="bbox 1003 2785 1247 2831">
     <span class='ocr_line' id='line_1_77' title="bbox 1003 2785 1247 2831; baseline -0.016 -10"><span class='ocrx_word' id='word_1_453' title='bbox 1003 2785 1164 2831; x_wconf 78' lang='lat' dir='ltr'><strong>jicienda.</strong></span> <span class='ocrx_word' id='word_1_454' title='bbox 1182 2786 1247 2818; x_wconf 82' lang='lat' dir='ltr'><strong>Ed.</strong></span> 
     </span>
    </p>
   </div>
  </div>
 </body>
</html>
