1832 3100
351 219 438 275 334

733 220 784 262 Ρ.
821 218 1054 265 OVIDII
1088 219 1379 266 NASONIS

355 337 377 357 »
406 313 454 361 Si
478 324 620 361 tamen
645 311 692 359 in
716 311 789 360 dio
815 311 1035 379 quondam
1059 324 1260 361 concreta
1281 314 1496 378 profundo
1546 344 1550 348 —

355 418 377 438 n
398 396 569 463 „Spuma
591 394 655 444 fui
671 433 683 454 ‚
712 395 979 462 Graiumque
1002 408 1149 444 manet
1167 395 1276 444 mihi
1298 414 1445 447 nonen
1463 400 1519 449 ab
1538 400 1624 451 illa.
1647 423 1672 446 a»

351 477 523 526 Adnuit
546 477 689 525 oranti
710 472 975 543 Neptunu83
998 488 1041 524 et
1063 477 1249 525 abstulit
1268 476 1355 524 illis
1455 481 1457 484 ⁴

353 551 487 624 Quod
511 559 694 608 mortale
717 560 802 608 fuit
818 597 829 618 ‚
854 560 1208 627 majestatemque
1230 559 1444 610 verendim

350 643 570 709 Imposuit
583 662 593 701 ;
613 662 861 709 nomenque
885 642 1015 691 simul
1025 675 1027 677 -
1037 642 1277 709 faciemque
1295 646 1452 694 novarit
1466 666 1476 704 3

1673 662 1738 707 540

351 725 688 791 Leucotheeque
710 726 855 772 Deum
878 743 976 772 cum
998 736 1134 773 matre
1158 724 1526 776 Palaemonadixit.

418 805 612 854 Sidoniae
634 806 816 853 comites
831 843 843 863 ‚
870 817 1082 872 quantum
1099 805 1294 863 valuere,
1320 820 1492 872 sequtae

354 887 488 950 Signa
510 887 696 953 pedum,
720 887 864 953 primo
887 888 1032 936 videre
1052 887 1290 935 novissima
1312 906 1424 936 saxo:

352 970 444 1016 Nec
470 968 654 1016 dubium
682 968 735 1016 de
757 980 897 1017 morte
920 980 1047 1026 ratae,
1075 968 1309 1017 Cadmeida
1331 968 1462 1035 paliis

354 1048 627 1115 Deplanxere
652 1049 833 1099 domum
851 1087 864 1108 ‚
891 1050 1034 1098 scissae
1053 1068 1151 1098 cum
1174 1061 1293 1120 veste
1317 1049 1472 1116 capifos
1495 1072 1505 1100 :

1665 1068 1734 1113 ,545

356 1133 507 1197 thue
530 1151 684 1197 parum
705 1133 834 1198 justae
849 1170 861 1191 ‚
883 1132 1156 1198 nimiumque
1179 1132 1227 1179 in
1247 1131 1402 1198 pellice
1418 1152 1512 1182 aevae
1528 1172 1540 1191 ‚

352 1212 567 1261 Invidiam
589 1214 727 1262 fecere
751 1215 855 1263 Deae
877 1235 887 1262 ε
911 1215 1103 1263 convicia
1126 1216 1247 1262 Juno

352 1295 458 1342 Non
479 1294 607 1352 tulit;
631 1307 697 1354 et,
725 1318 748 1338 «
767 1296 941 1344 Faciam
960 1315 1040 1358 vos
1062 1297 1181 1363 ipsas
1201 1294 1538 1355 maximadixit,

357 1397 380 1416 »
407 1376 591 1426 Saevitiae
612 1389 896 1426 monumenta
918 1397 1034 1427 meae.
1060 1400 1083 1421 »
1112 1379 1200 1426 Res
1226 1377 1340 1426 dicta
1358 1389 1514 1442 seuuta
1536 1390 1633 1427 est:
1665 1411 1667 1414 .

396 1525 472 1560 536.
496 1527 538 1559 Si
555 1529 666 1560 tamen
690 1529 725 1559 ιἰι
750 1528 807 1560 dio
829 1532 893 1560 etc.
921 1525 1026 1561 Circa

354 1576 499 1611 Saturni
519 1576 680 1622 genitalia
703 1577 741 1610 in
759 1589 854 1611 mare
872 1577 1025 1622 projecta

352 1635 428 1662 orta
453 1634 504 1662 est
525 1640 644 1671 spuma
666 1626 789 1678 (ἀφρός)
813 1628 907 1672 alba,
928 1627 1023 1662 unde

352 1679 475 1713 Venus
501 1677 682 1728 (Αφροδίτη
700 1705 709 1722 ,
733 1673 920 1728 Ᾰφρογενὴς)
935 1691 1024 1724 pro-

353 1729 425 1764 diit.
449 1730 592 1765 Hesiod.
619 1730 750 1775 Theog.
778 1731 941 1765 188-200.
967 1730 1025 1765 Sic

351 1781 407 1816 hic
422 1781 565 1828 mythus
581 1794 682 1827 grave
694 1789 915 1816 momentum
925 1780 963 1816 'in
972 1781 1024 1816 his

351 1835 509 1880 precihus
518 1835 701 1869 ministrat.
708 1854 751 1860 —
760 1836 927 1870 Concreto.
940 1835 1024 1869 He-

350 1885 435 1920 siod.
452 1888 571 1935 ἐθρέφθη
584 1912 594 1930 ,
609 1898 673 1931 pro
691 1888 818 1930 ἐπήχθη.
831 1885 1026 1929 —Prosun-

349 1940 427 1972 dum
438 1940 528 1972 dium
539 1964 548 1978 ‚
573 1940 625 1977 ἅλς
647 1941 699 1974 &Ide
715 1952 731 1979 ;,
746 1940 840 1978 dius,
865 1937 1000 1973 divinus
1014 1964 1024 1981 ‚

350 1996 428 2035 post
438 1989 576 2024 Lucret.
583 1983 747 2024 'dixerunt
756 1989 868 2024 multi.
881 1989 927 2025 Et
936 1992 1026 2024 dium

335 2061 339 2067 »
350 2049 493 2078 vocatur
502 2055 599 2078 mare
610 2050 752 2089 propter
767 2043 972 2078 vastitatem.
983 2061 1027 2069 -

351 2093 517 2128 Heinsius
531 2107 550 2129 e
569 2094 774 2129 Florentino
790 2094 827 2129 S.
839 2094 952 2128 Marci
968 2107 1027 2128 re-

350 2145 441 2190 cepit
450 2171 460 2188 ‚
474 2158 537 2190 pro
550 2148 607 2180 dio
617 2174 626 2187 ‚
640 2150 765 2190 mcd1'05
777 2146 870 2192 quod
882 2146 1025 2192 quidem

351 2197 480 2232 habent
495 2199 605 2233 nostri
622 2198 733 2244 Regii.

393 2248 469 2296 539.
484 2250 656 2295 Majestas
671 2252 815 2284 verenda
825 2277 832 2290 ,
852 2251 924 2295 ipsa
936 2250 1026 2285 divi-

298 2330 301 2334 ,
350 2299 438 2335 uitas
449 2326 458 2344 ,
475 2307 511 2335 et
519 2304 676 2344 imposuit
685 2301 883 2346 exquisitius
896 2328 906 2346 ,
919 2315 1025 2346 quam

350 2352 452 2385 dede‘t.
462 2351 514 2386 IX
527 2378 537 2395 ‚
558 2352 621 2387 268
635 2365 642 2386 :
661 2353 891 2387 Ubimortales
905 2355 1026 2399 Tiryn-

350 2404 440 2436 llu'us
455 2404 565 2437 Exuit
574 2408 668 2438 artas
722 2406 865 2447 Coepit...
881 2410 1025 2449 augus-la

337 2457 590 2499 fierigravilale
599 2458 769 2490 verendus.
778 2475 822 2483 ·—·
830 2459 956 2493 Nomen
970 2458 1022 2501 iis,

349 2506 544 2542 secundum
571 2507 848 2554 Apollodorum,
877 2521 895 2543 a
911 2509 1024 2543 nautis

350 2558 550 2604 impositum
563 2587 571 2604 ‚
587 2561 710 2606 quibus
726 2574 806 2596 cum
820 2568 1023 2606 tempestate

349 2611 558 2648 luctantibus
577 2626 679 2659 opem
704 2614 832 2648 serunt.
858 2614 1024 2650 Meminit

349 2661 452 2707 hujus
463 2664 548 2700 Deae
559 2665 629 2711 jam
642 2666 790 2702 Homer.
806 2665 876 2701 Od.
895 2665 925 2701 E
937 2693 947 2710 ,
960 2667 1022 2700 333

350 2727 422 2759 sqq.
445 2729 452 2749 :
474 2719 602 2761 Kdo'yaw
633 2721 771 2768 ,θυγάτηρ
791 2746 800 2763 ,
830 2725 1023 2769 καλλίσφυρος

1089 1521 1145 1562 ivd,
1155 1551 1164 1568 ,
1177 1526 1321 1565 Λευκοθέη
1331 1551 1340 1565 ,
1358 1528 1373 1566 ἧ
1384 1530 1483 1574 κρμέν
1494 1529 1544 1567 aaa
1553 1530 1658 1573 βροτὸς
1666 1534 1730 1562 etc.

1089 1575 1313 1611 Leucotheen
1336 1575 1427 1611 Latit
1443 1579 1586 1612 Matrem
1605 1580 1730 1614 Matu-

1088 1631 1167 1667 lam,
1183 1627 1381 1661 Palaemona
1389 1629 1536 1663 Planum
1550 1628 1729 1665 dixerunt:

1088 1678 1157 1713 vid.
1176 1679 1341 1713 Munker.
1355 1679 1398 1713 ad
1415 1680 1513 1725 hgin.
1523 1681 1590 1715 sab.
1601 1692 1642 1716 11.
1653 1681 1728 1717 Cae-

1089 1737 1206 1765 terum
1218 1730 1307 1765 hanc
1323 1731 1406 1765 Inus
1421 1732 1728 1768 nnssormationem

1089 1781 1213 1816 cecinit
1223 1782 1327 1816 etiam
1339 1782 1488 1817 Ramrus
1498 1783 1652 1819 carmine
1662 1785 1728 1820 ele-

1091 1833 1298 1879 gantissimo.
1614 1831 1623 1842 ¹

1119 1914 1122 1917 .
1142 1888 1215 1930 542.
1242 1887 1384 1920 St'dom'ae
1409 1889 1509 1921 em'tes
1534 1894 1598 1923 etc.
1621 1889 1726 1924 Hanc

1092 1937 1355 1983 appendiculam
1377 1938 1456 1973 caeri
1478 1951 1552 1973 non
1570 1939 1723 1984 habent,

1090 1997 1125 2024 et
1149 1989 1282 2035 adjecta
1304 1989 1414 2025 vidett
1427 1990 1468 2024 ab
1491 1991 1565 2036 ipso
1584 1991 1724 2027 ovidio.

1092 2042 1215 2087 Quum
1227 2050 1262 2077 et
1275 2043 1573 2079 comitenutandae
1589 2052 1722 2089 essent,

1089 2095 1194 2130 facilis
1227 2102 1302 2129 erat
1334 2094 1463 2130 invdio.
1491 2096 1533 2130 In
1568 2095 1724 2131 litoribus

1090 2147 1184 2181 enim
1204 2153 1239 2181 et
1254 2160 1344 2181 saxa
1358 2153 1444 2182 esset
1458 2160 1537 2182 aves
1557 2159 1724 2182 commo-

1091 2198 1160 2233 rari
1192 2198 1314 2233 solent.
1342 2200 1446 2233 seda
1456 2226 1464 2239 ‚
1503 2211 1583 2233 mox
1609 2201 1723 2234 Isme—

1089 2252 1196 2284 uides.
1220 2268 1264 2276 —
1290 2251 1462 2294 Deplmere
1473 2277 1481 2290 ,
1513 2250 1638 2284 scilicet
1649 2276 1658 2294 ,
1685 2263 1720 2286 se

1089 2309 1234 2347 propter
1257 2303 1395 2336 domum.
1420 2315 1437 2337 3
1453 2301 1544 2347 apud
1563 2301 1719 2345 Graecos,

1089 2361 1242 2392 τίλλεσθαι
1258 2381 1266 2398 ,
1286 2358 1428 2398 κέπτεσθι,
1447 2357 1608 2391 τύπτεσθαι
1623 2359 1693 2391 τινὰ
1708 2382 1717 2398 ,

1088 2421 1123 2442 se
1138 2434 1147 2451 ,
1172 2420 1231 2442 sua
1255 2414 1394 2452 pectora
1411 2406 1554 2450 ,undere
1579 2414 1720 2454 propter

1089 2461 1248 2505 aliquem.
1261 2459 1376 2494 Tibul.
1390 2461 1407 2495 Ι
1418 2469 1453 2493 Ἠ
1464 2485 1473 2502 ,
1488 2460 1528 2494 28
1541 2487 1551 2503 ,
1563 2463 1720 2505 plangere

1087 2513 1299 2555 Memphiten!
1324 2514 1415 2546 bove!
1442 2511 1502 2545 ubi
1517 2511 1594 2546 vide
1611 2512 1717 2558 Hey—

1087 2563 1185 2597 nium
1197 2590 1206 2607 ,
1225 2564 1261 2597 in
1280 2563 1365 2599 Obs.
1389 2562 1690 2606 -Inm‘diamficere
1705 2589 1713 2599 .

1087 2615 1249 2650 conviciis
1265 2622 1299 2650 et
1310 2616 1365 2660 obj
1371 2613 1564 2649 unionibus
1573 2613 1615 2647 de
1626 2614 1715 2648 sama

1087 2667 1162 2711 ejus
1185 2666 1404 2702 detraxerunt
1415 2665 1533 2699 odium
1550 2665 1581 2699 ei
1598 2665 1715 2699 conci-

1087 2719 1196 2754 liarun
1204 2727 1224 2754 t.
