1832 3100
325 179 1026 227 METAMORPHOSEON
1057 183 1189 228 LIB.
1224 183 1349 229 VII.

125 276 210 324 Est
231 274 302 323 via
323 273 501 323 declivis
517 310 530 332 ,
549 292 629 340 per
649 293 782 340 quam
802 275 1064 341 Tirynthius
1087 278 1220 326 heros

1456 187 1543 245 509

1481 294 1547 339 410

125 352 408 409 Restantem‚
434 362 675 418 contraque
699 351 813 399 diem
834 351 1070 417 radiosque
1093 353 1303 402 micantes

129 427 449 495 Obliquantem
473 428 627 477 oculos
643 467 655 487 ,
678 429 804 478 nexis
827 427 1053 477 adamante
1078 429 1240 477 catenis
1256 467 1268 487 ,

131 503 359 554 Cerberon
383 504 600 554 abstraxit
613 543 626 564 ,
647 506 800 554 rabida
826 506 903 572 qui
921 506 1119 555 concitus
1140 506 1204 555 ira

126 581 332 648 Implevit
352 582 517 648 pariter
540 583 677 632 ternis
697 583 931 632 latratibus
956 601 1082 632 auras
1101 602 1111 640 ;

123 660 186 708 Et
208 658 371 726 sparsit
392 659 553 710 virides
577 661 747 728 spumis
772 660 1025 709 albentibus
1048 678 1189 722 agros.

1478 677 1542 722 [μῦ

126 737 220 785 Has
242 756 472 786 concresse
494 749 679 804 putant,
705 750 942 804 nactasque
966 737 1171 786 alimenta
1193 737 1347 787 feracis

125 814 410 881 Fecundique
434 814 540 874 soli,
565 815 680 864 vires
703 815 869 882 cepisse
889 815 1078 863 nocendi
1100 834 1110 872 3

128 894 242 958 Quae
258 931 270 952 ,
298 894 402 960 quia
422 905 666 942 nascuntur
690 894 801 942 dura
823 894 987 942 vivacia
1009 905 1132 942 caute
1152 931 1164 951 ‚

128 972 336 1034 Agrestes
359 971 532 1020 aconita
550 984 710 1020 vocant
729 991 739 1019 ε
760 990 808 1020 ea
829 971 1031 1036 conjugis
1051 982 1149 1019 astu

128 1050 229 1116 Ipse
253 1067 413 1116 parens
435 1050 603 1113 AEgeus
625 1061 730 1098 nato
753 1049 973 1116 porrexit,
993 1060 1045 1096 ut
1062 1047 1195 1096 hosti.
1483 1065 1548 1109 [μς.

130 1126 356 1176 Sumserat
373 1127 525 1190 ignara
542 1127 742 1177 Theseus
768 1127 869 1175 data
892 1126 1053 1194 pocula
1078 1126 1256 1184 dextra;

130 1204 284 1268 Quum
303 1217 428 1272 pater
450 1205 497 1254 in
519 1204 679 1272 capulo
706 1205 842 1268 gladii
863 1205 1072 1268 cognovit
1094 1204 1265 1252 eburno

131 1281 266 1346 Signa
289 1282 359 1331 sui
382 1282 553 1346 generis
567 1320 579 1340 ,
601 1273 859 1350 facinusque
880 1283 1071 1332 excussit
1096 1282 1150 1331 ab
1177 1300 1266 1330 ore.

130 1359 304 1424 Effugit
326 1359 400 1409 illa
423 1379 572 1427 necem
586 1398 597 1419 ‚
623 1360 798 1409 nebulis
819 1379 899 1427 per
921 1359 1111 1408 carmina
1133 1359 1280 1408 motis.

168 1497 247 1540 4¹⁰·
256 1497 326 1531 Est
330 1499 390 1530 via
399 1498 548 1531 declivis.
561 1497 728 1531 Heinsius
736 1496 811 1532 haec

131 1547 180 1583 sic
194 1547 366 1583 mutanda
383 1548 565 1593 censebat,
588 1550 631 1583 In
642 1550 807 1595 Marsua-

130 1601 232 1640 dim‘s,
249 1599 358 1635 vella
367 1601 600 1647 Peryandim's,
622 1600 713 1646 apud
723 1613 810 1646 quos

129 1655 288 1688 aconiton
303 1654 508 1689 nascebatur
529 1667 539 1688 ε
559 1654 785 1689 Burmannus
799 1679 808 1697 ,

131 1705 160 1740 si
176 1703 260 1750 quid
276 1705 489 1740 mutandum
505 1713 594 1741 esset
605 1732 615 1750 ,
632 1707 812 1752 praeserret

132 1756 237 1802 prius.
245 1756 401 1791 —Mera
413 1757 616 1802 conjectura
629 1769 706 1803 quae
715 1757 812 1792 nullo

135 1805 266 1843 Codice
283 1807 456 1844 firmatur.
465 1811 531 1844 Ed.
541 1828 586 1836 —·
597 1811 792 1843 Bestantem
800 1836 810 1850 ,

133 1861 355 1896 resistentem
366 1886 377 1905 ,
390 1873 457 1896 nec
466 1861 543 1896 loco
553 1861 677 1896 cedere
691 1861 815 1896 volen—

136 1920 220 1949 tem.
245 1914 327 1948 Non
352 1913 443 1948 male
462 1912 613 1948 ¹Cerberi
633 1913 814 1948 reluctatio

136 1964 403 2000 describitur.—
412 1967 644 2010 Obliquantem
654 1992 663 2007 ,
679 1965 715 1999 in
729 1964 816 1999 ohli-

136 2029 242 2063 quam
255 2025 393 2063 partem
409 2025 645 2063 torquentem.
660 2017 751 2052 Vide
771 2017 814 2053 ad

137 2070 228 2114 XII,
247 2070 322 2115 486
339 2088 382 2109 -,-
397 2072 504 2106 Nm‘s
521 2077 586 2105 etc.
601 2076 723 2105 catena
738 2071 815 2104 ser-

134 2135 207 2158 rea.
217 2140 262 2150 —-
270 2122 455 2158 Abstraxit
466 2122 626 2165 restituit?
634 2122 814 2165 Heinsius,

138 2173 219 2218 quia
226 2174 372 2209 verbum
381 2175 536 2209 solemne
545 2174 581 2208 in
590 2173 654 2208 hac
663 2186 720 2215 τες
737 2173 816 2207 vul-

137 2237 195 2272 go,
206 2229 358 2262 attraxit.
365 2245 411 2252 ·—
417 2227 534 2260 Temis
542 2228 733 2269 latratibus,
747 2226 813 2269 IV,

137 2279 264 2322 450.—
276 2280 409 2313 Virides
421 2280 621 2318 albentibus,
642 2284 681 2312 ut
693 2278 730 2321 1,
745 2291 755 2311 1
768 2291 779 2311 1
787 2291 817 2318 2.

181 2331 256 2374 416.
286 2332 364 2365 Has
387 2343 561 2365 concresse
583 2335 708 2374 putant
717 2357 725 2370 ,
751 2336 815 2364 etc.

141 2382 245 2421 Cous.
255 2384 405 2428 Plinius,
417 2384 542 2418 XXVI
552 2410 562 2427 ,
578 2384 609 2418 3.
623 2385 814 2424 concresse,

137 2447 266 2481 nempe
291 2436 329 2470 in
353 2449 479 2481 corpus
506 2436 632 2482 plantae
655 2435 815 2471 solidum.

139 2487 205 2523 Est
226 2501 311 2534 ergo
335 2488 636 2534 metamorphosis.
652 2507 696 2514 -—
713 2490 817 2523 Duroe

138 2545 254 2575 cautes
271 2541 401 2576 Graecis
417 2540 594 2585 dicuntur,
613 2542 728 2577 ἀκόναι.
745 2542 816 2576 Ni—

139 2591 272 2628 cander
288 2592 384 2628 Alex.
402 2603 490 2628 xul.
505 2593 576 2628 Sed
593 2593 819 2638 Theophras—

141 2651 194 2679 tes
204 2670 213 2688 ,
226 2643 259 2678 d.
271 2643 293 2678 l.
305 2645 346 2679 ab
361 2645 501 2688 Aeonis,
511 2645 818 2692 Peryandinorum

143 2697 219 2733 vico
231 2722 241 2741 ,
259 2697 290 2732 ei
309 2709 441 2732 nomen
459 2697 661 2744 impositum
673 2704 780 2742 putat.

919 1498 995 1540 421.
1011 1497 1109 1531 Data
1124 1498 1261 1541 pocula.
1285 1495 1406 1531 Codex
1424 1496 1553 1543 Regius

875 1549 906 1584 B
916 1549 1020 1584 habet
1030 1562 1131 1583 sacra
1134 1551 1269 1593 pocula,
1283 1562 1301 1583 a
1313 1549 1425 1594 prima
1437 1562 1557 1586 manu.

880 1602 987 1644 Quum
995 1605 1099 1645 pater
1109 1608 1174 1636 etc.
1195 1600 1361 1636 Gladium
1379 1608 1418 1636 ut
1433 1609 1554 1637 osten-

875 1660 967 1689 taret
982 1653 1160 1698 Theseus,
1178 1654 1331 1688 cultrum
1349 1654 1466 1688 eduxit
1482 1667 1557 1689 car-

877 1719 940 1741 nes
966 1707 1135 1752 appositas
1161 1706 1378 1741 dissecturus.
1410 1707 1557 1742 Plutar—

878 1757 962 1792 chus
978 1784 988 1802 ,
1011 1759 1049 1792 in
1075 1758 1180 1792 Thes.
1207 1772 1255 1792 12.
1279 1757 1404 1792 Gladio
1417 1784 1426 1801 ,
1452 1764 1533 1805 ξίῑιει
1547 1786 1556 1802 ,

879 1812 1063 1856 adiunctus
1075 1812 1149 1846 sere
1166 1818 1240 1846 erat
1256 1811 1379 1855 culter,
1391 1813 1557 1858 μάχαιραε

881 1863 1073 1906 Homerus,
1085 1863 1123 1898 ll.
1135 1870 1171 1906 Γ,
1187 1876 1245 1908 271
1253 1889 1260 1896 .
1269 1863 1298 1896 Ε
1308 1864 1413 1909 signis
1423 1865 1559 1909 generis

879 1915 952 1960 sui,
965 1928 1042 1960 quae
1053 1915 1210 1950 Theseus
1220 1942 1229 1958 ‚
1247 1928 1346 1949 more
1359 1916 1532 1950 Veterum
1546 1943 1556 1960 ‚

879 1968 915 2002 in
933 1967 1055 2013 capulo
1072 1967 1240 2012 gestabat,
1262 1968 1414 2013 agnoscit
1435 1967 1556 2004 filium.

883 2019 975 2064 Quae
990 2019 1123 2054 suerint
1136 2019 1191 2053 illa
1205 2024 1319 2063 signa,
1337 2027 1460 2070 πατρῶα
1477 2025 1560 2067 σύμ-

882 2075 969 2114 ἕολα,
982 2078 1020 2105 ut
1029 2071 1075 2105 ait
1089 2071 1295 2106 Plutarchus
1306 2097 1315 2115 ,
1327 2084 1400 2105 non
1413 2080 1558 2107 constat.

880 2124 960 2159 Non
966 2123 1259 2168 nullisimpliciter
1268 2124 1421 2170 gladium
1433 2125 1561 2160 intelli-

881 2183 967 2222 gunt
981 2189 1086 2221 quem
1095 2176 1228 2221 AEgeus
1243 2177 1306 2212 sub
1317 2190 1397 2212 saxo
1412 2178 1559 2213 abscon-

881 2229 1016 2264 diderat
1033 2255 1044 2273 ,
1070 2237 1109 2264 ut
1132 2230 1288 2265 Theseus
1317 2231 1453 2266 adultus
1475 2245 1559 2266 eum

879 2281 962 2316 inde
974 2282 1122 2325 tolleret,
1135 2295 1246 2328 eoque
1256 2282 1445 2318 instructus
1454 2283 1561 2319 Athe-

881 2347 943 2369 nas
967 2335 1122 2375 veniret;
1145 2335 1213 2369 vid.
1235 2335 1430 2379 Meursius,
1453 2335 1559 2370 Thes.

881 2399 954 2432 cap.
967 2386 988 2420 3
1001 2413 1010 2430 ,
1029 2394 1064 2421 et
1081 2387 1167 2432 Reg.
1187 2386 1259 2421 Au.
1278 2388 1352 2430 111,
1377 2390 1560 2423 1.—Fac1·-

880 2451 954 2477 nus,
976 2439 1141 2484 poculum
1153 2446 1367 2473 venenatum
1380 2466 1389 2482 ,
1403 2439 1495 2484 quod
1508 2441 1561 2474 sa·-

881 2490 1040 2526 cinorosa
1050 2490 1179 2524 Medea
1191 2498 1429 2535 paraverat.·-—
1440 2491 1494 2526 Eo
1504 2505 1560 2525 ex-

881 2555 990 2583 cusso,
1003 2549 1125 2588 erepto
1142 2542 1183 2576 ab
1194 2544 1253 2576 ore
1265 2568 1274 2586 ,
1282 2542 1425 2585 facinus
1439 2543 1562 2589 probi-

882 2594 996 2628 bitum
1012 2601 1073 2628 est.

926 2649 1000 2690 424.
1018 2646 1157 2691 Effugit
1170 2649 1242 2680 illa.
1267 2646 1413 2693 Aufugit
1432 2649 1560 2683 Medea

883 2710 966 2735 cum
981 2697 1092 2734 Medo
1102 2698 1187 2743 filio,
1206 2711 1312 2743 quem
1325 2713 1366 2734 ex
1376 2700 1489 2746 AEgeo
1499 2713 1562 2745 pe-
