1832 3100
371 210 1060 259 METAMORPHOSEON
1097 213 1225 258 LIB.
1264 215 1304 258 Ι.
1417 235 1419 238 ·
1475 214 1550 271 ,65

0 258 345 378 χΝεπῃη
368 307 704 370 recondiderat,
738 306 992 373 Stygiisque
1016 306 1269 356 admoverat
1291 308 1488 368 umbris,
1535 298 1545 301 Ἴ

130 385 422 436 Effodiuntur
442 404 573 453 opes,
599 385 872 433 irritamenta
895 383 1126 432 malorum.

1493 401 1557 446 140

131 465 320 530 Jamque
342 482 510 512 nocens
531 462 720 520 sermm,
744 461 950 528 ferroque
974 461 1208 510 nocentius
1231 480 1386 511 aurum

134 541 422 592 Prodierant:
448 540 602 609 prodit
624 539 814 599 bellum,
841 538 962 607 quod
983 551 1155 606 pugnat
1176 551 1394 607 utroque;

134 620 475 687 Sanguineaque
498 638 632 668 manu
658 618 917 685 crepitantia
941 618 1141 666 concutit
1165 638 1295 667 arma.

134 698 313 758 Vivitur
329 717 382 747 ex
403 709 532 764 rapto
554 717 564 745 ε
586 716 678 745 non
699 695 864 762 hospes
884 696 940 744 ab
966 695 1145 762 hospite
1169 708 1291 746 tutus
1306 735 1318 755 ‚

132 777 239 825 Non
263 794 388 824 socer
410 783 433 824 a
459 794 648 839 genero:
669 774 854 822 fratrum
881 793 1058 840 quoquc
1084 774 1225 836 gratia
1245 795 1343 825 rara
1364 787 1456 824 est:
1495 789 1558 836 ¹45

132 853 341 902 Imminet
363 854 498 903 exitio
523 854 590 901 vir
613 852 816 917 conjugis
831 889 843 908 ‚
870 850 944 899 illa
966 851 1112 899 mariti
1135 872 1147 900 :

131 931 298 980 Lurida
320 929 540 979 terribiles
563 930 751 979 miscent
770 929 944 979 aconita
967 948 1162 978 novercae
1180 948 1192 978 z

182 1061 256 1109 139.
267 1062 425 1106 Quasque
433 1059 817 1104 reconfi'a'erat,etc.sed

131 1113 275 1162 egregie
294 1113 337 1149 de
362 1126 489 1160 genere
515 1113 673 1147 humano
699 1112 818 1147 meriti

132 1174 217 1203 sunt
228 1194 237 1210 ,
255 1167 315 1212 qui
328 1165 468 1201 metalla
481 1165 607 1211 quibus
621 1177 710 1211 aegre
722 1171 818 1199 caret

132 1219 204 1255 vita
220 1219 376 1254 humana
388 1244 398 1262 ,
426 1231 445 1252 e
470 1217 572 1252 terris
589 1216 695 1262 primi
710 1229 813 1251 erue-

133 1279 220 1308 runt
231 1298 241 1316 ,
266 1284 461 1317 eorumque
487 1284 595 1306 usum
615 1270 817 1306 hominibus

135 1325 446 1365 demonstrarunt3
464 1323 570 1369 idque
587 1323 632 1358 ob
648 1323 816 1358 meritum

135 1378 237 1413 multi
253 1377 342 1413 adeo
357 1378 451 1412 inter
467 1376 563 1411 Deos
580 1376 677 1410 relati
698 1383 780 1411 sunt
796 1389 816 1410 a

135 1437 232 1477 grata
243 1430 456 1477 posteritate.
482 1429 623 1464 Abusus
638 1441 711 1462 non
727 1428 815 1463 tollit

134 1497 250 1520 usum.
274 1483 365 1519 Plin.
393 1483 441 1517 H.
466 1482 511 1518 N.
539 1481 699 1516 XXXIV
711 1506 720 1524 ,
753 1482 792 1525 ¹4
803 1508 811 1522 ‚

130 1537 266 1572 serrum
286 1541 386 1569 vocat
402 1535 558 1576 optimum
569 1535 815 1577 pessimumque

131 1591 210 1623 vite
222 1590 472 1621 instrumentum
486 1610 496 1628 ,
515 1583 610 1629 quod
621 1583 748 1618 deinde
761 1596 815 1617 ex-

131 1639 246 1686 plicat.
263 1638 387 1684 Neque
402 1637 537 1672 Natura
554 1635 627 1670 inas
642 1647 725 1684 opes
741 1641 814 1669 tam

130 1692 199 1727 alte
209 1689 425 1727 abscondidit
436 1703 443 1724 :
454 1689 564 1723 immo
574 1689 608 1723 in
619 1688 814 1723 multister-

129 1745 178 1781 ris
197 1743 376 1780 ditissime
398 1742 472 1778 auri
491 1742 697 1787 argentique
715 1753 813 1775 venae

129 1796 394 1844 propemodum
401 1796 438 1831 in
449 1795 630 1842 superficie
642 1803 743 1830 terrae
753 1808 814 1829 ex-

130 1851 252 1898 positae
277 1856 408 1897 patent.
442 1849 535 1884 Vide
566 1848 717 1895 Goguet.
740 1862 816 1883 vom

135 1905 330 1949 Ursprunge
342 1905 403 1938 der
419 1904 582 1942 Gesetze,
604 1909 658 1936 etc
682 1901 719 1945 I,
737 1903 817 1945 2-4.

131 1974 176 1983 -—
194 1955 379 1991 Ceterum
401 1954 443 1990 de
462 1954 666 1989 inventione
685 1953 818 1988 metal—

129 2006 251 2043 lorum
266 2007 362 2042 locus
378 2005 517 2052 elegans
533 2013 585 2041 est
601 2005 693 2051 apud
710 2005 814 2039 Lucr-

131 2057 191 2093 lib.
208 2059 265 2102 V,
288 2059 502 2105 1240-1295.

181 2111 256 2154 ¹4¹·
273 2111 465 2144 Nocentt'us.
483 2109 626 2143 Sacram
643 2107 740 2142 enim
756 2108 814 2142 sa-

133 2174 231 2197 mem
242 2161 353 2207 injicit
363 2160 815 2204 mortalibus—Quodpug-

133 2218 198 2248 nat
211 2217 365 2258 utroque,
394 2211 550 2246 nummis
572 2211 684 2246 aureis
700 2218 734 2246 et
752 2212 815 2246 ser-

133 2264 202 2300 reis
214 2264 332 2299 armis.
347 2263 461 2298 Aliter
475 2270 593 2298 tamen
608 2263 715 2298 sensit
729 2263 814 2310 Pyr-

130 2318 217 2354 rhus
235 2317 340 2353 :vide
360 2316 434 2352 Cic.
457 2317 562 2352 Offic.
581 2317 619 2360 1,
653 2330 700 2351 12.
723 2316 813 2362 Quis

132 2383 207 2407 non
227 2370 359 2406 audivit
375 2370 526 2416 Philippi
543 2369 747 2405 Macedonis
762 2383 814 2405 ar-

131 2437 191 2459 ma
201 2423 354 2459 victricia
367 2449 377 2466 ,
396 2423 538 2473 ἂργυρέας
554 2425 667 2467 λὲγχας
679 2449 688 2466 ,
706 2429 742 2457 et
754 2423 815 2457 asi-

134 2490 225 2512 num
237 2488 323 2511 auro
336 2483 504 2510 onustum
519 2485 526 2507 :
542 2475 714 2510 Graeciam
729 2489 814 2510 auro

133 2529 211 2574 ejus
222 2554 232 2572 ,
251 2539 325 2562 non
338 2527 452 2570 ferro,
467 2526 672 2561 subactam?
690 2527 754 2561 Ed.
771 2545 816 2552 —-

132 2581 267 2615 Bellum
278 2582 411 2623 pugnat
425 2578 558 2623 poetice
575 2591 658 2624 pro,
675 2577 813 2623 bellige-

133 2639 256 2668 rantes
266 2637 434 2678 pugnant.
446 2630 613 2665 solebant
623 2631 814 2665 autemVe-

133 2680 226 2720 teres
233 2685 392 2730 praeiium
399 2683 519 2717 inituri
526 2686 699 2717 concutere
706 2695 811 2723 arma,

134 2737 203 2775 hoc
212 2744 265 2776 est
275 2737 380 2773 hastis
394 2742 453 2773 aut
465 2735 542 2782 pilis
553 2742 649 2773 scuta
662 2735 812 2781 pulsare,

289 2804 393 2851 III.

882 1067 921 1095 ut
937 1060 996 1095 tali
1015 1061 1163 1107 strepitu
1190 1060 1412 1098 terrerentur
1435 1062 1562 1100 hostes.

883 1113 979 1148 Hinc
996 1113 1201 1159 frequenter
1219 1119 1363 1160 crepitus
1380 1129 1563 1152 armorum

880 1164 919 1199 in
938 1163 1227 1210 descriptionibus
1243 1180 1451 1212 pugnarum.
1469 1168 1562 1203 Vide

883 1215 1100 1261 Sphanhem.
1121 1217 1163 1252 ad
1181 1217 1317 1252 Gallim.
1330 1219 1364 1253 h.
1379 1219 1459 1254 Del.
1473 1233 1564 1255 vers.

885 1271 948 1305 136
959 1298 968 1315 ,
986 1278 1022 1306 et
1038 1271 1235 1307 Arnaldum
1245 1274 1282 1308 in
1294 1273 1446 1319 Specim.
1462 1274 1562 1308 Ani-

881 1324 995 1358 madv.
1012 1338 1045 1370 p.
1064 1327 1115 1370 74.

930 1376 1172 1419 144.Vi01'lur
1195 1390 1238 1410 ex
1270 1383 1375 1421 rapto.
1406 1378 1561 1414 Gravem

879 1425 971 1461 hanc
991 1427 1183 1462 vitiositatis
1205 1428 1370 1464 humanae
1393 1429 1563 1475 deplora—

879 1477 1015 1512 ti0nem
1025 1479 1159 1514 Seneca
1171 1479 1288 1514 laudat
1298 1507 1307 1524 ,
1322 1481 1364 1516 de
1379 1481 1435 1516 Ira
1447 1483 1483 1517 II
1498 1509 1507 1526 ,
1519 1484 1561 1526 83

881 1528 924 1563 de
941 1530 1064 1564 Benes.
1082 1532 1134 1574 V,
1158 1535 1195 1566 15
1209 1546 1217 1573 ς
1232 1532 1274 1567 Ν.
1293 1532 1473 1581 Q.p.911.
1491 1535 1560 1569 Lo-

879 1595 939 1616 cus
950 1582 1175 1619 adumbratus
1186 1598 1226 1619 ex
1238 1586 1382 1620 Hes-iod.
1397 1600 1484 1622 vers.
1499 1589 1559 1623 182

879 1647 951 1679 sqq.
962 1647 969 1668 :
981 1638 1062 1671 Οὐδὲ
1072 1643 1170 1687 πατὴρ
1180 1642 1341 1674 παίδεσσιν
1353 1641 1476 1684 ὁμοίως,
1491 1645 1559 1678 οὖδῖ

879 1703 910 1722 τι
934 1691 1062 1731 παῖδες,
1085 1692 1167 1725 Οὐδὲ
1182 1696 1276 1734 ξεῖνος
1298 1695 1481 1740 ξεινοδόκῳ,
1507 1701 1561 1731 καὶ

880 1741 993 1789 ἑταῖρος
1015 1743 1123 1790 ἑταίρῳ
1137 1767 1145 1783 ,
1168 1744 1249 1777 Οὐδὲ
1275 1749 1453 1788 κασίγνητ-ος
1478 1751 1560 1792 φιλας

878 1794 1013 1828 ἕσπεται.
1041 1792 1210 1828 Nostrum
1238 1797 1402 1841 expressit
1435 1798 1559 1834 Senec.

881 1843 988 1889 Hipp.
1011 1857 1098 1880 vers.
1122 1846 1186 1879 553
1213 1860 1286 1892 sqq.
1308 1848 1367 1882 sed
1386 1861 1459 1882 non
1480 1851 1561 1887 satis

880 1897 1080 1932 feliciter.--
1090 1901 1147 1933 Ex
1153 1905 1258 1943 rapto.
1269 1900 1363 1936 Alibi
1371 1915 1414 1936 ex
1425 1904 1562 1939 omitti-

883 1956 942 1984 tur
960 1951 995 1984 in
1017 1950 1080 1985 hac
1095 1952 1256 1988 formula.

928 2003 999 2045 145.
1030 2004 1164 2037 Gratia.
1192 2003 1402 2040 Concordia.
1421 2024 1466 2034 -
1480 2009 1557 2042 Im-

879 2056 983 2088 minet
996 2067 1099 2099 grave
1115 2056 1210 2091 verb.
1225 2057 1348 2103 cupide
1365 2059 1481 2094 instat.

928 2106 998 2151 147.
1019 2107 1146 2141 Larida
1157 2112 1304 2143 aconita.
1322 2109 1409 2145 Atra
1422 2137 1432 2154 ,
1451 2112 1561 2148 tristia

880 2166 1028 2191 venena.
1051 2157 1107 2192 De
1131 2163 1285 2202 aconito,
1311 2161 1419 2196 herba
1441 2176 1557 2198 vene—

880 2214 962 2243 nata
977 2235 986 2253 ,
1012 2209 1079 2245 vid.
1098 2210 1189 2245 infra
1204 2212 1299 2256 Vll,
1318 2215 1393 2257 415.
1411 2216 1559 2250 luridas

880 2261 1019 2307 proprie
1037 2262 1079 2296 de
1095 2264 1223 2308 pallore
1242 2265 1452 2301 cadaverum
1469 2268 1558 2302 dici-

878 2320 937 2348 tur
951 2327 958 2348 :
971 2315 1040 2350 vid.
1055 2315 1230 2351 Brouckh.
1243 2317 1284 2351 ad
1304 2319 1462 2364 Propert.
1484 2320 1556 2364 IV,

880 2375 948 2410 vn,
961 2380 990 2400 a.
1001 2367 1095 2402 Hinc
1110 2369 1215 2402 etiam
1222 2382 1359 2404 venena
1368 2370 1501 2406 letifera
1510 2372 1560 2406 di-

879 2426 1008 2452 cuntur
1017 2421 1127 2453 lurida
1138 2421 1180 2454 ab
1190 2421 1326 2455 effectu.
1334 2423 1429 2456 Ante
1440 2424 1559 2460 oculos

879 2479 998 2506 autem
1010 2472 1137 2506 Noster
1146 2472 1294 2510 habuitv
1305 2474 1496 2522 irg.Georg.
1506 2477 1556 2521 ΙΙ,

884 2525 944 2558 128
959 2538 1033 2569 sqq.
1058 2525 1116 2558 ubi
1131 2537 1228 2562 soevoe
1249 2539 1394 2560 novetcae
1418 2532 1560 2564 miscent

878 2579 999 2612 herbas
1014 2583 1048 2611 et
1061 2591 1127 2611 non
1143 2582 1284 2613 innoxia
1300 2583 1408 2615 verba.
1432 2581 1557 2618 Claud.

881 2631 970 2673 XV,
1003 2629 1061 2674 ¹73
1084 2642 1091 2663 ε
1119 2631 1242 2665 Adhuc
1263 2634 1378 2676 ignota
1407 2638 1573 2669 novercis-

883 2683 1057 2715 Gramina.
1067 2679 1169 2719 Adeo
1176 2683 1265 2722 male
1276 2683 1359 2717 olim
1366 2677 1560 2727 audiebant

879 2744 1039 2770 novercae
1051 2732 1058 2767 Ξ
1075 2751 1119 2762 -
1128 2733 1186 2770 Ad
1197 2737 1371 2781 exemplar
1382 2737 1512 2784 Nostri,
1522 2744 1559 2776 et

1348 2805 1374 2846 5
