1832 3100
523 240 1234 288 METAMORPHOSEON.
1548 243 1605 287 35

171 357 328 397 soror,
348 335 525 386 invidiae
545 354 716 385 veneno
738 334 903 383 infecta
923 334 971 383 in
992 353 1140 383 saxum
1163 334 1418 397 obrigescit.
1447 336 1611 386 Postea

169 422 366 490 Jupiter,
395 439 534 488 quum
553 417 831 468 Mercurium
849 418 896 465 in
915 416 1070 467 caelum
1087 436 1311 466 reversum
1331 418 1471 467 boves
1490 420 1609 482 Age-

171 505 295 570 noris
319 504 375 555 ad
397 503 506 553 litus
530 513 724 552 avertere
745 501 973 567 jussisset,
998 513 1144 550 sumta
1165 501 1282 550 taari
1296 502 1442 568 specie
1460 540 1473 561 ‚
1510 502 1610 551 Eu-

172 607 313 656 ropam
336 607 418 656 per
439 605 559 635 mare
583 585 630 634 in
657 586 835 634 Cretam
867 584 1121 632 transvexit.

236 694 342 742 Lm.
364 692 446 741 III.
479 689 638 740 Filiam
660 690 865 738 amissam
884 689 1069 752 Agenor
1096 687 1301 736 Cadmum
1321 688 1449 753 jubet
1466 688 1610 739 inves-

174 777 326 841 tigare.
356 768 496 841 Quod
518 774 626 823 dum
647 773 722 823 ille
745 773 852 822 facit
870 811 882 832 ‚
907 773 956 820 in
978 773 1155 821 Boeotia
1173 792 1198 821 e
1222 772 1408 821 dentibus
1425 772 1614 823 draconis

173 860 310 910 occisi
350 861 449 909 satis
484 870 755 909 enascuntur
786 857 967 906 homines
982 897 994 914 ,
1033 857 1303 924 quibuscum
1336 856 1412 905 ille
1454 857 1612 907 deinde

170 943 352 993 Tbebas
370 943 587 992 condidit.
609 942 728 990 Huic
742 960 839 990 non
858 941 1041 989 omnino
1061 940 1179 989 felici
1196 940 1399 989 luctuosa
1418 942 1615 1008 primum

172 1025 259 1075 fuit
273 1026 327 1076 A
328 1026 493 1075 ctoeanis
507 1025 685 1093 nepotis
702 1025 751 1073 in
769 1043 925 1073 cervum
938 1024 1098 1072 mutati
1118 1022 1369 1082 dilaniatio;
1389 1044 1487 1091 quae
1505 1044 1611 1073 vero

170 1110 366 1168 Junoni‚
390 1128 530 1177 quum
551 1108 737 1157 Semelen
752 1107 978 1174 pellicem,
998 1107 1155 1155 Cadmi
1170 1105 1306 1155 filiam
1319 1144 1331 1165 ‚
1365 1119 1417 1155 ut
1436 1126 1615 1156 omnem

171 1193 395 1256 Agenoris
418 1192 603 1240 domum
620 1230 632 1250 ‚
661 1191 857 1250 odisset,
885 1202 1009 1254 grata
1031 1189 1118 1238 fuit
1144 1210 1153 1237 :
1174 1190 1367 1257 ideoque
1390 1190 1447 1239 ad
1471 1191 1617 1257 ipsam

175 1275 285 1323 facie
300 1275 460 1323 Beroes
480 1273 691 1323 accedens
704 1311 716 1332 ,
740 1273 845 1322 dolo
864 1273 1031 1331 effecit,
1055 1284 1106 1321 ut
1118 1272 1193 1321 illa
1207 1274 1236 1321 J
1239 1273 1334 1321 ovis
1347 1272 1615 1323 fulminibus

177 1357 527 1406 combureretur.
559 1357 682 1404 Dum
707 1355 927 1412 Bacchus,
957 1375 980 1404 e
1005 1355 1199 1404 Semeles
1230 1355 1459 1418 flagrantis
1483 1368 1612 1405 utero

177 1450 400 1497 servatus,
424 1437 474 1487 in
497 1438 627 1487 terris
649 1437 876 1497 nutritur,
901 1438 1083 1505 Jupiter
1113 1457 1215 1486 cum
1243 1439 1425 1487 Junone
1458 1438 1617 1506 dispu-

177 1533 277 1570 tans
288 1559 306 1587 ⁹.
326 1533 428 1570 utra
452 1521 512 1570 sit
532 1521 689 1570 Venus
714 1520 913 1579 suavior,
941 1520 1144 1569 Tiresiam
1166 1519 1351 1569 adhibet
1369 1521 1588 1570 arbitrum
1603 1561 1616 1581 ‚

176 1603 543 1671 quandoquidem
565 1621 719 1651 sexum
739 1614 981 1669 utrumque
1005 1602 1151 1651 fuerat
1173 1615 1397 1670 expertus.
1426 1606 1496 1663 Is,
1530 1604 1620 1654 lata

176 1698 333 1735 contra
352 1687 582 1735 Junonem
605 1686 823 1734 sententia
838 1723 850 1744 ‚
883 1685 939 1734 ab
964 1684 1042 1734 illa
1065 1685 1245 1752 quidem
1269 1686 1368 1735 visu
1389 1687 1589 1754 privatus
1604 1727 1616 1746 ‚

177 1789 202 1818 a
223 1770 337 1818 Jove
361 1780 510 1818 autem
541 1767 813 1817 vaticinandi
850 1768 1080 1817 scientiam
1108 1781 1377 1818 consecutus
1400 1782 1480 1818 est.
1520 1771 1622 1818 Pri-

175 1871 300 1902 mum
323 1853 418 1918 ejus
444 1851 675 1901 oraculum
704 1852 752 1900 in
788 1852 989 1901 Narcisso
1025 1852 1368 1918 comprobatum
1399 1852 1485 1900 fuit
1506 1873 1516 1901 ε
1538 1853 1617 1920 qui

178 1954 318 2002 quum
346 1933 518 2002 puellas
544 1953 724 1993 omnes,
746 1933 864 1983 inter
885 1952 995 2000 quas
1019 1945 1064 1982 et
1085 1933 1209 1981 Echo
1230 1953 1322 2001 prae
1346 1935 1509 1984 amoris
1531 1936 1618 1985 im-

176 2019 391 2086 patientia
405 2019 456 2067 in
468 2038 609 2067 vocem
619 2018 763 2067 fuerat
782 2037 1007 2077 conversa,
1025 2018 1371 2077 comtemsisset,
1388 2020 1616 2087 suiipsius

179 2101 359 2151 tandem
394 2121 544 2150 amore
581 2100 902 2149 contabescens
916 2138 929 2159 ‚
939 2099 1032 2167 flos
1052 2111 1121 2150 est
1144 2100 1287 2150 factus
1311 2102 1382 2150 sui
1404 2103 1616 2152 nominis.

179 2183 391 2233 Pentheus
414 2195 563 2232 tamen
583 2194 728 2232 vatem
749 2182 872 2232 hunc
891 2182 1109 2233 irridebat
1129 2203 1140 2242 ;
1183 2203 1440 2251 quanquam
1465 2197 1510 2234 et
1532 2186 1621 2253 ipsi

178 2267 268 2317 fata
281 2268 433 2317 futura
445 2267 716 2335 praedicebat
727 2305 741 2326 ‚
761 2267 929 2334 quibus
942 2286 1049 2316 mox
1065 2280 1249 2317 eventus
1265 2269 1468 2318 constitit
1485 2289 1496 2317 :
1516 2289 1620 2318 nam

181 2370 321 2418 quum
346 2351 490 2415 Orgia
513 2349 845 2399 celebrarentur
862 2387 876 2410 ,
911 2349 990 2399 ill-e
1025 2350 1243 2399 Bacchum
1256 2391 1269 2408 ‚
1309 2352 1394 2401 sub
1430 2372 1625 2419 persona

179 2433 336 2483 famuli
355 2452 585 2483 sacrorum
611 2432 822 2483 latentem
835 2471 849 2492 ‚
873 2445 1118 2500 postquam
1142 2433 1189 2481 T
1173 2433 1378 2504 yrrhenos
1398 2445 1546 2483 nautas
1572 2436 1620 2484 in

180 2516 397 2584 delphinos
418 2535 513 2567 csse
537 2517 879 2567 transformatos
897 2517 953 2566 ab
979 2517 1135 2566 eodem
1154 2527 1444 2580 cognoverat,
1459 2519 1508 2567 in
1524 2520 1622 2568 vin-

181 2599 281 2649 cula
304 2599 521 2666 conjecit3
555 2601 616 2650 ob
645 2601 771 2668 quod
791 2601 963 2650 facinus
985 2620 1010 2648 a
1030 2600 1218 2649 Bacchis
1243 2612 1310 2650 est
1334 2600 1584 2670 discerptus
1604 2622 1615 2662 ;

181 2683 229 2736 id
247 2684 373 2753 quod
396 2703 601 2747 magnam
623 2684 743 2751 apud
762 2704 918 2733 omnes
937 2684 1071 2734 fidem
1096 2683 1231 2733 sacris
1254 2684 1520 2734 conciliavit.

248 2785 352 2834 LIB.
373 2786 452 2835 IV.
490 2783 692 2836 Alcithoe
711 2796 857 2833 tamen
876 2797 920 2833 et
939 2802 1116 2846 sorores
1131 2823 1143 2842 ‚
1171 2797 1429 2835 constanter
1441 2806 1491 2836 ea
1509 2806 1621 2835 con-
