1832 3100
323 214 1035 261 METAMORPHOSEON
1072 218 1208 263 LIB.
1248 220 1319 263 II.

1457 220 1535 281 187

114 331 138 352 »
163 310 232 359 En
249 327 333 373 ego
349 320 562 376 quantum
576 310 648 372 egi
664 310 674 357 !
696 328 830 376 quam
844 321 965 359 vasta
978 310 1181 376 potentia
1194 322 1349 359 nostra
1364 312 1451 360 est!
1473 327 1538 361 520
1559 330 1561 336 ⁴

119 409 142 431 n
165 389 275 436 Esse
297 387 525 437 hominem
547 388 693 445 vetui3
717 387 830 438 facta
853 401 920 438 est
942 389 1037 438 Dea
1057 409 1067 436 :
1089 389 1152 442 sic
1175 408 1258 452 ego
1282 406 1437 455 poenas

113 489 136 510 »
165 465 386 515 Sentibus
408 466 620 533 impono3
644 467 706 516 sic
730 479 796 516 est
819 486 914 516 mea
934 486 1092 530 magna
1117 478 1331 533 potestas.

111 565 137 588 >›
160 542 369 593 Vindicet
388 535 615 610 antiquam
637 544 791 593 faciem
805 582 816 603 ,
841 545 1078 612 vultusque
1099 544 1268 594 ferinos

111 642 136 664 ³›
163 620 406 679 Detrahat;
431 621 642 685 Argolica
668 623 790 689 quod
814 622 861 671 in
882 636 983 672 ante
1007 623 1266 672 Phoronide
1290 622 1406 672 fecit.

111 720 134 740 »
166 698 259 747 Cur
278 707 372 747 non
395 711 440 748 et
459 698 589 766 pulsa
614 700 746 749 ducat
762 702 965 760 Junone,
990 720 1177 770 meoque
1474 714 1540 749 525

110 798 136 819 >›
164 775 370 834 Collocet
390 777 438 826 in
457 775 653 827 thalamo
668 815 681 837 ‚
707 797 995 845 socerumque
1018 780 1224 846 Lycaona
1247 780 1429 827 sumat?

110 875 135 896 »
159 854 223 903 At
245 873 343 913 vos,
369 855 407 904 si
429 854 541 904 laesae
560 867 812 904 contemtus
838 856 982 919 tangit
1005 854 1211 911 alumnae,

106 958 130 979 ²>
161 935 348 1000 Gurgite
371 936 555 990 caeruleo
580 950 750 1005 septem
770 938 1009 1006 prohibete
1031 938 1221 987 Triones
1240 956 1251 996 ;

107 1039 131 1060 »
157 1018 401 1086 Sideraque
424 1020 472 1067 in
497 1019 603 1069 caelo
619 1058 631 1079 ‚
655 1021 800 1087 stupri
821 1021 1021 1070 mercede
1037 1059 1049 1079 ‚
1075 1031 1255 1087 recepta

105 1121 131 1142 >›
155 1099 337 1159 Pellite;
360 1120 415 1150 ne
442 1121 558 1168 puro
585 1100 815 1165 tinguatur
836 1103 885 1150 in
909 1122 1086 1170 aequore
1109 1102 1270 1170 pellex.
1300 1124 1324 1145 »

1475 1115 1540 1150 53¹0

167 1182 247 1230 IV.
281 1182 343 1230 Di
364 1183 499 1232 maris
525 1183 770 1233 adnuerant
792 1205 801 1233 ε
825 1185 966 1233 habili
992 1185 1201 1234 Saturnia
1222 1203 1355 1232 curru

149 1328 224 1363 523.
261 1329 428 1364 Vindicet.
464 1329 695 1366 vindicamus
721 1343 761 1366 ea
775 1356 785 1370 .

100 1392 258 1426 quorum
280 1382 494 1427 possessione
522 1383 722 1419 excidimus.
742 1402 787 1410 —

101 1433 268 1478 Argolica
280 1435 468 1470 Phoronide
479 1461 489 1477 ,
511 1435 609 1472 deest
624 1440 684 1479 1‘n‚·
707 1437 784 1471 vide

101 1482 363 1522 nux-mannum.
388 1486 485 1523 Male
503 1488 587 1523 olim
604 1489 784 1536 legebatur

99 1538 192 1581 quod
213 1540 251 1571 in
276 1542 366 1572 ante.
397 1555 444 1565 —
467 1539 638 1574 Attamen
663 1548 785 1575 noster

100 1587 225 1625 Codex
243 1589 298 1633 A,
323 1589 430 1626 habet
449 1593 544 1637 quod
556 1595 594 1626 in
617 1597 714 1635 ante,
747 1600 784 1628 et

97 1641 146 1676 ita
170 1653 254 1677 eum
276 1641 416 1678 varior.
442 1641 527 1679 edit.
553 1645 783 1690 reposuimus.

101 1695 204 1738 Quod
212 1697 250 1731 in
263 1699 346 1730 anle-
356 1696 547 1730 Phoronide
561 1709 572 1731 :
590 1697 685 1742 quod
700 1705 782 1732 ante

95 1747 134 1783 in
151 1747 356 1784 Phoronide
369 1774 380 1793 ,
396 1748 434 1784 id
449 1756 521 1794 est,
538 1750 576 1784 in
596 1750 636 1785 Io
649 1777 658 1794 ,
682 1750 784 1786 Pho-

93 1799 228 1836 ronidis
249 1808 381 1848 nepte3
406 1814 484 1848 quae
505 1815 616 1849 quum
632 1804 671 1838 in
693 1817 781 1839 vac-

97 1867 198 1900 cam,
222 1855 378 1892 Junonis
399 1863 520 1897 metu,
545 1858 664 1892 suisset
687 1870 781 1892 con-

94 1919 215 1951 versa,
247 1907 413 1944 humanae
442 1909 588 1944 tandem
611 1910 735 1944 formae
759 1923 779 1944 a

96 1958 186 1994 Jove
202 1959 269 1995 suit
282 1960 453 1996 restituta.
466 1963 533 1996 Ed.
544 1980 588 1988 -
599 1962 699 1996 Bene
716 1975 782 1996 au-

97 2016 173 2050 tem
188 2011 248 2047 lus
259 2012 460 2060 evmplum
469 2012 628 2048 adfertur
639 2027 647 2055 ;
660 2012 784 2048 fabulae

98 2061 196 2097 enim
225 2062 408 2099 simillima
433 2071 517 2100 sunt
543 2065 607 2099 :in
634 2072 783 2110 utraque

96 2112 195 2149 Jovis
210 2126 347 2150 amores
359 2141 369 2159 ,
387 2115 540 2152 Junonis
556 2117 607 2151 ira
619 2143 629 2160 ,
656 2123 782 2151 muta-

96 2167 148 2201 tio
163 2166 201 2201 in
215 2167 328 2202 seram
339 2175 376 2203 et
390 2168 473 2204 inde
491 2170 529 2203 in
545 2169 671 2205 Deam.
688 2170 783 2205 Hinc

96 2225 133 2254 et
143 2231 266 2254 earum
275 2226 398 2256 statuae
404 2221 529 2256 vicinae
538 2222 573 2257 in
586 2222 781 2257 Athenien-

86 2270 187 2317 ·sinm
201 2284 290 2307 arce.
305 2273 455 2308 Pausan.
471 2274 488 2308 Ι
502 2300 512 2318 ‚
530 2287 562 2320 p.
585 2277 637 2323 59.

142 2327 217 2360 525.
232 2327 402 2370 Etpulsa.
423 2327 600 2372 Quidam,
629 2331 781 2374 expulsa.

93 2394 139 2402 —
149 2374 271 2413 Codex
279 2385 399 2414 noster
411 2379 442 2414 A
456 2406 465 2423 ,
476 2383 626 2425 expulsa.
640 2398 685 2407 --
693 2383 781 2417 Pul·-

95 2441 156 2470 sa,
181 2430 339 2475 expulsa,
362 2438 403 2466 ut
418 2432 569 2468 Heroid.
590 2433 642 2468 IX
656 2461 665 2478 ,
691 2435 748 2469 131
768 2462 778 2480 ‚

92 2481 153 2517 ubi
163 2481 231 2516 vid.
242 2482 421 2529 Heinsius.
436 2501 480 2510 —
489 2486 779 2532 §beerumqueetc.

91 2534 322 2570 acerbissime.
335 2553 380 2561 —-
391 2536 538 2580 Sqmerc,
558 2538 715 2574 solemne
737 2540 777 2574 in

93 2584 159 2620 hac
174 2599 224 2621 re.

137 2639 212 2684 5²7-
229 2640 362 2683 Tangit.
373 2639 597 2677 commovet.
609 2659 653 2669 —·
661 2643 779 2678 Alum-

93 2703 155 2725 αι.
182 2691 282 2726 Jtmo
306 2705 326 2726 a
354 2692 473 2741 Tethy
497 2694 563 2729 suit
587 2695 721 2730 nutrita
743 2704 779 2731 et

95 2740 250 2778 educata.
263 2745 330 2778 Ed.
344 2762 388 2771 —-
401 2747 543 2792 Gurgite
555 2754 620 2783 etc.
633 2747 724 2782 Vide
735 2747 778 2782 ad

852 1344 941 1366 vers.
956 1343 1017 1375 172
1032 1356 1042 1374 ,
1061 1329 1120 1363 ubi
1132 1341 1209 1364 rem
1225 1328 1472 1363 illustravimus
1482 1354 1492 1373 ,
1505 1337 1541 1364 et

851 1383 895 1418 ad
915 1385 989 1419 508.
1011 1384 1170 1426 Gurgite,
1191 1394 1299 1427 aqua,
1314 1384 1451 1416 caeruleo
1473 1392 1539 1416 or·—

849 1436 1116 1479 nat.-—Se‘plem
1137 1434 1285 1468 Triones.
1303 1433 1399 1481 Hyg.
1416 1434 1439 1468 s.
1458 1447 1540 1481 177:

850 1488 992 1532 Jupiter
1003 1489 1137 1521 stellam
1139 1485 1233 1530 ficii
1240 1513 1248 1526 ,
1263 1498 1334 1531 quoe
1345 1486 1540 1530 Septa-mma

849 1541 1047 1583 appellatur.
1065 1538 1159 1573 Lact.
1172 1537 1214 1572 ad
1233 1538 1320 1573 Stat.
1337 1537 1412 1581 III,
1425 1537 1539 1573 Theb.

849 1590 914 1625 685
927 1603 935 1624 :
958 1590 1049 1623 Ursa
1059 1590 1171 1635 major
1179 1594 1322 1624 vocatur
1335 1591 1539 1634 septemtrio.

895 1645 970 1691 529.
991 1645 1034 1677 In
1050 1646 1136 1678 coelo
1150 1648 1293 1687 recepta.
1315 1643 1369 1678 Ut
1385 1642 1537 1677 Heroid.

849 1695 902 1732 VI
914 1723 924 1741 ,
943 1709 986 1731 20
1004 1706 1013 1728 2
1028 1700 1065 1731 ι’νι
1073 1702 1174 1742 parte
1187 1701 1320 1742 recepta
1333 1700 1409 1732 tori.
1432 1697 1535 1731 Marc

847 1755 993 1783 vocatur
1000 1761 1138 1792 purum,
1160 1749 1241 1794 quia
1259 1748 1367 1784 habet
1382 1748 1456 1782 vim
1473 1761 1538 1782 ex-

846 1800 989 1846 piandi,
1017 1813 1125 1847 quam
1143 1803 1174 1836 ei
1199 1801 1402 1836 tribuerunt
1418 1801 1534 1835 Vete-

847 1866 902 1887 res
915 1879 924 1898 ,
939 1853 1034 1888 haud
1048 1853 1152 1887 dubie
1170 1860 1357 1899 propterea
1373 1853 1468 1899 quod
1480 1865 1539 1888 ca—

847 1905 975 1940 davera
1001 1906 1039 1940 in
1063 1905 1144 1941 litus
1172 1905 1276 1950 ejicit.
1305 1905 1434 1940 Senec.
1455 1906 1538 1941 Nat.

849 1955 983 2001 Quaest.
1005 1957 1083 2001 111,
1103 1957 1156 1991 26.

896 2009 1064 2044 531—632.
1082 2011 1137 2044 Di
1149 2013 1254 2045 maris
1268 2012 1460 2058 adnuerem!
1473 2016 1537 2045 etc.

853 2063 978 2097 Corvus
992 2064 1160 2097 candidus
1174 2065 1211 2097 in
1227 2065 1367 2108 nigrum.
1385 2056 1537 2097 Coroni-

849 2114 932 2150 dem
946 2142 955 2160 ,
976 2115 1160 2164 Phlegyae,
1179 2116 1355 2152 bellatoris
1372 2117 1534 2160 maximi,

848 2167 957 2202 filiam
973 2169 1110 2204 amabat
1121 2168 1258 2214 Apollo.
1272 2169 1343 2204 Sed
1355 2181 1468 2215 quum
1477 2169 1534 2204 illa

848 2220 954 2255 etiam
969 2220 1096 2269 Ischyn
1110 2221 1301 2267 quemdam
1313 2221 1408 2268 (vide
1421 2223 1537 2257 Mun-

840 2272 918 2308 ker.
936 2273 979 2308 ad
1007 2274 1141 2321 Hygin.
1166 2275 1234 2309 sab.
1264 2274 1345 2322 102)
1368 2275 1534 2311 admisis-

845 2332 898 2360 set
911 2352 921 2370 ,
949 2326 1077 2372 Apollo
1097 2326 1318 2362 Coronidem
1335 2327 1512 2363 interfecit
1525 2355 1534 2371 ,

830 2378 1121 2425 ·Asclepiumque
1150 2393 1191 2414 ex
1221 2387 1324 2414 utero
1355 2387 1533 2415 exsectum

829 2449 831 2452 ⁴
845 2430 1024 2474 educavit3
1041 2445 1187 2466 corvum
1204 2439 1323 2467 autem
1342 2432 1401 2477 qui
1416 2432 1533 2478 ingra-

844 2492 924 2520 tum
939 2484 1015 2530 ejus
1031 2485 1194 2520 adulterii
1205 2485 1374 2519 nuntium
1389 2484 1454 2531 ipsi
1472 2491 1532 2520 at-

845 2537 998 2580 tulerat,
1013 2550 1054 2572 ex
1068 2536 1145 2572 albo
1158 2537 1196 2571 in
1213 2537 1356 2583 nigrum
1372 2548 1534 2571 commu-

846 2590 942 2624 tavit.
957 2589 1127 2624 Fabulam
1143 2588 1385 2638 Pherecydes5
1405 2585 1534 2625 Hesio-

845 2640 910 2676 dus
938 2648 974 2676 et
1001 2642 1090 2677 Ister
1116 2648 1355 2678 narraverant.
1387 2642 1535 2676 Habent

845 2706 925 2728 eam
935 2694 1081 2730 Pindar.
1097 2695 1204 2743 Pyth.
1221 2695 1240 2729 3
1254 2722 1264 2739 ‚
1279 2694 1398 2742 ibique
1417 2694 1531 2729 Schol.

846 2746 1092 2795 Apollod.111,
1109 2759 1144 2794 x,
1161 2749 1202 2794 33
1222 2748 1355 2797 Hygin.
1368 2748 1436 2784 sab.
1452 2760 1528 2789 202,
