1832 3100
404 245 855 290 METAMORPH
872 243 1095 289 OSEON
1127 246 1256 289 LIB.
1291 247 1396 289 ΙΙΙ.

1544 259 1630 304 277

197 362 223 397 p
249 342 310 390 Et
331 341 470 399 sensi,
490 352 535 389 et
559 339 650 388 dixi
672 339 804 389 sociis
827 359 837 387 ε
860 339 997 404 Quod
1016 357 1181 387 numen
1205 339 1251 387 in
1276 339 1363 387 isto

198 441 225 464 >ι
251 419 453 486 Corpore
474 418 552 476 sit,
574 418 760 476 dubito;
788 418 864 467 sed
885 436 1071 484 corpore
1094 435 1257 465 numen
1281 416 1328 463 in
1351 417 1438 465 isto
1463 428 1541 466 est.

196 517 222 539 »ι
250 495 471 562 Quisquis
494 514 564 553 es,
592 515 619 544 o
644 495 813 552 faveas;
834 494 1089 560 nostrisque
1113 492 1346 541 laboribus
1371 493 1500 541 adsis.

198 594 224 617 »
251 572 335 622 His
360 593 540 641 quoque
567 573 644 622 des
668 573 852 622 veniam.
872 573 965 621 Pro
987 570 1123 620 nobis
1146 571 1271 619 mitte
1296 571 1490 637 precari,

197 671 224 694 »
251 651 408 718 Dictys
433 652 522 709 ait3
550 671 640 718 quo
667 670 761 700 non
785 650 897 699 alius
919 649 1212 698 conscendere
1231 666 1423 698 summas

1560 661 1626 695 615

197 755 222 778 »
249 734 393 782 Ocior
414 746 647 803 antennas,
673 752 930 801 prensoque
953 732 1139 781 rudente
1158 731 1311 780 relabi.

195 837 233 860 >r
248 817 348 865 Hoc
370 816 534 884 Libys3
560 817 648 865 hoc
668 815 806 865 flavus
819 853 831 874 ‚
858 834 1001 882 prorae
1021 813 1160 863 tutela
1176 852 1187 874 ‚
1207 813 1466 863 Melanthus
1483 832 1494 871 ;

195 920 222 942 »
249 899 347 947 Hoc
361 899 529 966 probat
542 898 810 948 Alcimedon
825 917 835 956 ;
856 910 923 957 et,
953 897 1030 965 qui
1047 896 1335 964 requiemque
1349 895 1623 961 modumque

193 1003 220 1025 2»
251 982 374 1031 Voce
399 982 535 1031 dabat
559 982 717 1040 remis,
742 982 989 1031 animorum
1008 981 1210 1028 hortator
1232 981 1446 1046 Epopeus
1466 998 1477 1037 3

197 1085 223 1107 >›
251 1065 352 1114 Hoc
379 1084 532 1115 omnes
557 1064 633 1114 alii
652 1085 662 1113 :
684 1064 841 1132 praedae
862 1076 952 1113 tam
977 1082 1087 1114 caeca
1108 1061 1272 1130 cupido
1295 1063 1389 1111 est!

194 1202 313 1248 ρὸτοξος
329 1193 476 1243 Α’πόλλων
492 1228 501 1246 ,
530 1193 570 1239 1Ῐέ
591 1203 768 1239 Ποσειδάων
780 1229 789 1247 ,
817 1204 882 1239 ι’πτί

196 1257 229 1290 οὐ
243 1261 389 1296 θνητοῖσι
406 1261 560 1306 βροτοῖσιν
571 1262 703 1296 Ε’ἱκελος.

238 1307 314 1352 614.
328 1310 396 1344 sto
410 1311 507 1344 nobis
522 1313 615 1345 mille
623 1312 765 1355 precari.
781 1309 879 1345 Acoe·

194 1359 240 1395 tis
258 1361 341 1396 socii
364 1369 526 1408 putantes
550 1377 586 1399 se
607 1376 757 1410 puerum
771 1389 781 1407 ,
804 1375 879 1397 non

195 1411 375 1448 Bacchum
398 1410 527 1460 cepisse
541 1442 551 1458 ‚
575 1428 651 1449 non
676 1414 784 1449 modo
805 1426 876 1449 no-

193 1464 273 1501 lunt
285 1466 402 1513 ipsum
422 1468 578 1514 precari,
600 1476 638 1502 ut
653 1468 718 1503 sibi
735 1468 794 1502 det
813 1480 876 1502 ve-

193 1518 291 1554 niam
307 1545 318 1563 ,
349 1520 410 1555 sed
433 1521 562 1556 Acoetis
586 1532 726 1566 quoque
755 1533 874 1566 preces

193 1583 285 1617 aegre
301 1573 432 1607 serunt.
451 1572 574 1619 Quare
590 1571 770 1608 Bacchum
786 1572 873 1606 irri-

193 1622 317 1660 dentes
332 1631 436 1670 atque
453 1631 723 1660 contemnentes
738 1625 775 1659 in
795 1624 874 1658 ’del-

190 1675 317 1721 phinos
332 1688 457 1712 omnes
469 1678 615 1712 suerunt
627 1677 796 1712 conversi.
806 1679 873 1712 Ed.

233 1730 310 1766 615.
326 1733 452 1779 Dt‘clss
460 1735 536 1774 at'l;
550 1745 614 1777 quo
629 1745 697 1766 non
708 1738 773 1766 etc.
790 1731 872 1766 Non

189 1783 287 1819 nuda
302 1791 492 1820 nautarum
510 1785 657 1820 nomina
671 1784 792 1830 ponit,
811 1783 873 1818 sed

190 1837 366 1885 adspergit
401 1838 532 1884 aliquid
567 1838 612 1873 de
652 1837 874 1884 singulorum

189 1888 387 1925 virtutibus.
399 1891 525 1936 Dictys
539 1889 704 1924 laudatur
715 1890 758 1923 ab
775 1888 875 1935 agili-

190 1946 262 1975 tate
277 1967 287 1984 ,
307 1954 377 1987 qua
391 1941 556 1976 excellere
571 1941 664 1976 laudi
680 1940 874 1975 ducebatur

189 1993 316 2028 nautis.
332 2011 376 2019 —
386 1993 572 2033 Antemus,
592 1994 685 2039 ligna
697 1992 753 2026 illa
766 1999 874 2026 trans-

190 2057 290 2080 versa
306 2045 343 2080 in
359 2046 473 2090 malo,
497 2045 592 2080 unde
609 2043 875 2091 suspenduntur

190 2095 276 2130 vela.
291 2115 338 2125 —-
352 2099 551 2143 prensoque.
573 2097 681 2132 MSS.
702 2097 774 2130 sere
797 2108 875 2130 om-

190 2160 267 2192 nes,
277 2162 468 2195 pressoque.
479 2149 646 2184 Heinsius
656 2149 874 2194 conjecturat

189 2205 357 2247 tensoque.
377 2220 424 2229 —-
445 2202 564 2237 Nostri
588 2201 710 2248 Regii,
725 2213 871 2245 prenso‚·

190 2266 268 2299 quae
278 2254 350 2289 sola
359 2254 463 2290 lectio
479 2254 631 2300 genuina
645 2253 793 2288 videtur.
806 2255 871 2288 Ed.

230 2307 307 2354 617.
318 2309 522 2354 Hoc-flavus.
537 2307 659 2342 Codex
674 2307 804 2354 Regius
816 2307 847 2342 Α
857 2334 868 2353 ,

186 2362 364 2406 bocflams
376 2367 450 2407 etp.
459 2364 566 2397 tulela
574 2363 782 2404 Melanthus‚·
795 2361 871 2397 Co-

185 2413 252 2450 dex
264 2415 316 2461 B,
332 2417 396 2451 boc
411 2418 534 2451 Flavos
542 2421 610 2460 etp.
620 2418 726 2450 tulela
736 2417 870 2451 Melan-

184 2469 264 2502 thus
283 2479 296 2511 ,·
323 2467 418 2505 unde
446 2468 612 2515 profluxit
641 2468 778 2514 vulgata
805 2471 870 2504 boc

174 2523 292 2566 flavus
303 2535 410 2566 proroe
424 2524 532 2556 lutela
547 2523 752 2556 Melanthus.
765 2521 869 2556 Atta-

185 2586 270 2608 men
285 2573 323 2608 in
339 2573 392 2608 his
409 2573 516 2609 latere
535 2573 664 2619 aliquid
686 2574 865 2618 existimo,

184 2632 222 2660 et
237 2625 412 2670 vulgatam
431 2638 502 2660 esse
518 2626 638 2660 salsam
655 2639 745 2671 pene
771 2625 868 2661 dixe-

185 2678 266 2712 rim.
283 2679 350 2713 Ed.
365 2697 412 2704 —
426 2679 568 2718 napus,
594 2678 652 2723 qui
672 2677 776 2714 habet
801 2678 867 2713 ssa-

186 2743 247 2766 vos
266 2731 287 2765 i.
301 2745 331 2767 e.
348 2730 510 2777 pulchros
521 2731 672 2777 capillos,
686 2731 729 2766 de
744 2733 867 2777 quibus

189 2782 237 2818 ad
251 2783 286 2819 Η
302 2810 313 2830 ,
337 2780 404 2832 31¹9
419 2791 454 2822 et
473 2786 545 2831 749.
567 2784 626 2820 Sic
647 2787 752 2831 ξανθὲς
771 2788 868 2822 Μενέ-

1561 1075 1630 1109 620

941 1207 1010 1243 λαως
1027 1201 1119 1248 apud
1137 1201 1286 1237 Homer.
1316 1197 1393 1236 Cur
1412 1204 1529 1234 autem
1547 1197 1627 1245 pul-

942 1256 1183 1292 chritudinem
1199 1256 1236 1290 in
1254 1255 1321 1290 hoc
1339 1260 1445 1288 nauta
1463 1249 1628 1287 laudave⁴

942 1310 1010 1354 rit,
1035 1323 1110 1345 non
1134 1309 1248 1344 video.
1273 1308 1331 1349 Si,
1363 1319 1473 1352 quum
1490 1306 1628 1340 Melan-

940 1363 1019 1398 thus
1039 1364 1182 1409 nigrum
1201 1367 1326 1403 notet,
1353 1359 1473 1394 ludere
1495 1357 1625 1398 voluit,

938 1416 1034 1450 lusus
1044 1415 1099 1450 ille
1111 1415 1252 1460 ineptus
1262 1420 1324 1448 est.
1332 1413 1538 1447 Melanthus.
1554 1410 1627 1458 Hy-

940 1466 1011 1512 gin.
1039 1468 1173 1507 Melas,
1199 1465 1294 1511 quod
1320 1465 1434 1499 forma
1459 1462 1625 1508 quidem,

940 1530 1014 1552 non
1032 1524 1150 1552 autem
1167 1516 1422 1563 significatione
1441 1514 1570 1549 differt.
1582 1531 1627 1539 ·—

940 1574 1054 1606 Prota·
1071 1574 1177 1607 tulela
1189 1599 1197 1614 ‚
1216 1571 1252 1606 id
1270 1578 1322 1606 est
1334 1597 1343 1615 ,
1362 1575 1502 1616 proreta
1515 1595 1524 1611 ,
1544 1584 1626 1618 πρω-

938 1625 1045 1674 ροὲτης,
1056 1631 1170 1659 custos
1181 1630 1216 1658 et
1232 1623 1458 1669 gubernator,
1473 1621 1510 1655 in
1523 1632 1624 1667 prora

941 1677 1047 1711 navis.
1067 1676 1160 1711 Alibi
1176 1679 1282 1710 tutela
1298 1679 1395 1710 navis
1409 1681 1461 1709 est
1476 1673 1625 1708 simula-

940 1744 1040 1765 crum
1053 1731 1121 1765 Dei
1137 1731 1292 1765 tutelaris
1308 1730 1342 1763 in
1361 1728 1466 1775 puppi
1483 1727 1625 1762 colloca-

941 1789 1028 1817 tum.
1052 1783 1144 1818 Vide
1162 1783 1283 1828 virgil.
1298 1781 1440 1816 AEneid.
1456 1780 1488 1814 X
1499 1806 1508 1823 ,
1530 1792 1600 1823 171.

983 1837 1060 1883 619.
1084 1837 1169 1870 Erat
1182 1838 1337 1880 Epopeus
1355 1839 1499 1876 κελευςὴς
1511 1858 1520 1876 ,
1534 1845 1623 1876 pau-

939 1894 1068 1929 smius,
1092 1890 1253 1924 hortator
1268 1888 1441 1934 remigum
1455 1913 1464 1930 ‚
1486 1886 1545 1931 qui
1562 1899 1621 1920 re-

941 1943 1090 1989 migibus
1104 1945 1236 1977 modum
1252 1941 1374 1983 dabat,
1391 1947 1426 1975 et
1437 1952 1533 1974 nunc
1547 1951 1622 1984 per-

941 2007 1022 2040 gere
1035 1995 1190 2038 jubebat,
1204 2006 1298 2028 nunc
1310 2005 1443 2027 cessare
1451 1991 1493 2026 ab
1501 2003 1620 2036 opere,

941 2053 1044 2091 atque
1057 2047 1162 2080 etiam
1178 2045 1339 2080 canendo
1351 2047 1499 2079 animum
1512 2042 1625 2077 adde-

939 2098 998 2133 bat
1016 2098 1219 2145 desatigatis.
1247 2097 1399 2132 Modum
1416 2103 1535 2131 autem
1557 2094 1621 2128 da·-

939 2151 998 2186 bat
1016 2151 1068 2186 vel
1088 2164 1186 2191 voce,
1218 2157 1253 2185 et
1273 2149 1454 2185 interdum
1475 2147 1619 2194 quidem

938 2204 1018 2239 satis
1029 2204 1150 2239 acerba
1167 2202 1310 2250 (Senec.
1329 2202 1438 2248 Epist.
1458 2199 1517 2246 56)
1533 2226 1541 2244 ,
1566 2199 1619 2233 vel

938 2256 1125 2301 portisculo
1137 2283 1146 2300 ‚
1165 2255 1198 2290 id
1212 2263 1285 2300 est,
1304 2254 1466 2289 malleolo
1479 2280 1488 2296 ,
1512 2265 1619 2298 quem

937 2322 1046 2344 manu
1062 2310 1204 2344 tenebat
1218 2323 1226 2351 ;
1254 2308 1333 2342 vide
1347 2306 1519 2342 Gronovii
1538 2305 1618 2340 Oh-

935 2369 1060 2398 servat.
1080 2362 1146 2405 IV,
1163 2363 1204 2396 26
1218 2388 1227 2405 ,
1245 2368 1281 2395 et
1299 2360 1477 2394 Drakenb.
1493 2358 1534 2392 ad
1554 2357 1619 2392 Si—

936 2415 1022 2450 lium
1037 2415 1196 2450 Italicum
1207 2441 1216 2458 ‚
1230 2414 1283 2447 VI
1299 2439 1308 2456 ,
1324 2412 1399 2446 366.
1413 2412 1525 2445 Locus
1545 2411 1617 2446 ele-

936 2481 1020 2515 gans
1037 2469 1161 2503 ineam
1177 2479 1254 2501 rem
1275 2473 1325 2500 est
1344 2463 1434 2510 apud
1453 2463 1615 2510 Xenoph.

938 2523 1068 2557 OEcon.
1085 2533 1148 2556 xm
1161 2547 1170 2564 ,
1183 2521 1213 2554 3.
1223 2538 1267 2545 -—
1277 2521 1387 2557 Caeca,
1405 2518 1590 2553 temeraria
1601 2545 1612 2561 ‚

934 2575 1057 2609 insana
1068 2600 1077 2618 ,
1095 2585 1172 2619 quae
1185 2577 1330 2607 excaecat
1348 2564 1507 2605 animum
1518 2597 1527 2614 ‚
1542 2583 1612 2616 quo

934 2627 1053 2661 minus
1079 2626 1194 2660 videat
1214 2651 1223 2668 ‚
1259 2623 1342 2670 quid
1364 2624 1406 2659 sit
1428 2625 1526 2670 pium
1554 2631 1616 2659 aut

932 2682 1092 2726 impium.
1110 2680 1273 2728 Hyginus
1287 2678 1383 2714 addit
1397 2706 1406 2723 ,
1428 2692 1486 2714 eos
1499 2691 1614 2724 prop—-

933 2741 988 2769 ter
1010 2734 1161 2768 sormam
1183 2738 1408 2778 constuprare
1436 2731 1612 2766 Bacchum

933 2785 1089 2822 voluisse.
1117 2783 1222 2832 Apud
1243 2784 1448 2821 Homerum
1469 2782 1617 2819 vinculis
