1832 3100
399 180 1105 227 METAMORPHOSEON
1136 184 1269 233 LIB.
1305 183 1345 228 Ι.
1571 182 1594 206 ’”

1511 198 1593 226 120

155 274 363 325 Detinuit
387 293 587 325 sermone
612 274 757 334 diem;
778 273 1036 341 junctisque
1062 275 1261 324 canendo

154 355 344 404 Vincere
364 353 660 403 arundinibus
684 353 901 402 servantia
925 352 1095 402 lumina
1121 364 1276 402 tentat.

153 431 235 483 Ille
259 444 412 482 tamen⁴
425 443 599 500 pugnat
621 430 780 481 molles
801 432 1000 481 evincere
1022 451 1233 481 somnos:

1524 446 1592 484 685

154 513 238 571 Et,
257 511 464 579 <quamvis
487 530 628 578 sopor
651 522 718 559 est
743 509 974 559 oculorum
997 520 1122 576 parte
1146 520 1353 576 receptus
1369 546 1382 567 ‚

155 590 286 639 Parte
308 583 456 639 tamen
476 588 661 653 vigilat:
686 589 845 656 quaerit
870 608 1073 655 quoque,
1099 607 1292 655 namque
1310 600 1486 655 reperta

153 666 326 717 Fistula
346 686 493 735 nuper
515 678 629 725 erat,
655 686 742 733 qua
765 667 824 715 sit
847 667 1018 716 ratione
1042 679 1228 734 reperta.
1292 690 1297 695 ¹

219 747 338 795 Tum
362 747 512 804 Deus,
541 768 563 790 «
586 745 786 793 Arcadiae
808 744 967 808 gelidis
990 745 1076 795 sub
1099 745 1355 816 montibus,
1379 745 1548 812 inquit,

156 847 180 870 »
208 827 333 875 Inter
357 824 690 891 Hamadryadas
714 823 1000 873 celeberrima
1021 824 1301 873 Nonacrinas

1526 839 1595 885 690

158 931 183 953 »
206 908 343 958 Naias
363 926 454 957 una
476 906 576 955 fuit.
602 905 823 973 Nymphae
847 906 1035 973 Syringa
1059 907 1294 956 vocabant.

157 1011 182 1035 n
206 991 311 1040 Non
334 988 470 1040 semel
494 1001 539 1038 et
562 989 745 1056 Satyros
770 987 962 1055 eluserat
984 988 1060 1038 illa
1085 1001 1322 1056 sequentes
1337 1028 1349 1048 ,

159 1096 183 1118 »
208 1075 272 1143 Et
295 1092 602 1142 quoscumque
625 1073 748 1120 Deos
768 1072 1034 1121 umbrosave
1058 1072 1186 1131 silva‚
1212 1072 1386 1121 feraxve

159 1178 184 1201 ι)
210 1158 311 1206 Rus
330 1156 481 1205 habet.
509 1155 744 1222 Ortygiam
768 1154 930 1203 studiis
945 1192 957 1212 ‚
980 1154 1166 1222 ipsaque
1190 1154 1368 1204 colebat

155 1315 315 1338 sermone.
349 1300 654 1338 Seidenstuecker.
687 1299 842 1346 denique

156 1354 253 1390 hunc
277 1367 422 1390 sensum
447 1353 586 1398 subjicit
603 1366 612 1388 ε
636 1352 731 1388 diem
745 1379 755 1397 ‚
783 1353 843 1399 qui

157 1408 240 1444 alias
260 1407 373 1443 multa
391 1406 572 1453 loquendo
594 1407 759 1441 festinare
778 1418 843 1441 so—

154 1461 204 1496 let
215 1487 225 1506 ,
242 1473 418 1502 semone„
431 1460 526 1495 inter
543 1459 764 1505 loquendum
779 1486 788 1503 ‚
809 1458 844 1494 vi

155 1525 218 1548 sua
228 1511 348 1548 divina
357 1511 540 1559 suspendit
550 1538 560 1556 ,
574 1511 769 1546 tardiorem
782 1518 843 1546 aut

155 1565 353 1612 longiorem
369 1565 463 1600 fecit.

197 1617 275 1661 684.
291 1618 441 1653 Vincere.
453 1615 559 1651 Silius
566 1615 640 1650 VII
653 1641 664 1659 ,
679 1617 759 1660 204:
772 1616 844 1650 Do-

153 1683 217 1705 nec
232 1673 420 1715 composuit
431 1672 600 1705 luctantia
614 1671 744 1704 lumina
758 1682 844 1704 som-

153 1735 228 1758 nus.
237 1740 281 1749 -—
297 1725 438 1758 Vincere
443 1725 614 1757 servantia
623 1725 762 1758 lumina.
774 1722 845 1757 So—

154 1775 231 1823 pire
246 1776 371 1812 fistulae
392 1783 500 1812 cantu
522 1776 641 1812 oeulos
661 1776 747 1822 Argi
768 1789 844 1811 ser-

154 1829 268 1864 vantis
275 1836 379 1875 atque
389 1828 617 1864 custodientis
624 1829 843 1863 vaccam.Ed.

155 1899 199 1908 ——
215 1883 347 1917 Tentat.
360 1882 466 1918 Unus
479 1881 579 1916 Med.
588 1884 718 1916 lamina
727 1886 842 1917 cerlat.

158 1933 200 1970 ld
213 1934 353 1982 elegans
366 1935 508 1970 videtur
516 1935 640 1970 Burm.
657 1940 692 1968 et
708 1947 843 1969 accom-

155 1987 333 2023 modatius
354 1996 398 2037 τῷ
417 1990 557 2023 vincere.
584 2005 629 2012 —
644 1987 727 2022 Non
752 1987 843 2021 male

157 2046 277 2075 tamen
296 2044 407 2075 tentat
420 2053 462 2075 ex
473 2039 602 2075 nostris
620 2038 736 2073 Codd.
755 2039 842 2084 Reg.

156 2099 192 2127 et
198 2093 290 2127 sorte
298 2093 423 2128 melius
432 2099 578 2139 propter
583 2104 706 2126 vocem
712 2095 847 2136 pugnat

156 2157 246 2181 vers.
260 2159 333 2192 seq.
350 2148 418 2182 Ed.

199 2199 277 2235 685.
292 2200 431 2244 Pugna!
445 2203 601 2234 em‘ncere.
624 2198 782 2244 Pugnat,
802 2205 843 2234 ut

154 2251 293 2287 evincat
309 2265 318 2286 ε
337 2253 385 2295 V,
404 2253 469 2300 549
481 2278 490 2295 ,
503 2256 636 2296 pagna!
653 2264 841 2296 resurgere,-

156 2303 221 2348 354
230 2330 240 2349 ,
251 2307 555 2339 remoliriluclalur
562 2322 607 2332 ·-
614 2305 748 2346 stlolles,
761 2304 782 2338 d
787 2304 842 2338 ul-

154 2369 234 2401 ces,
260 2370 396 2393 suaves.
419 2356 540 2392 Etiam
562 2356 693 2392 Graecis
708 2360 844 2403 μκλακὶς

155 2415 252 2450 ὕπνος.

199 2462 277 2511 689.
307 2463 390 2497 Tam
413 2465 520 2500 Deus.
550 2461 751 2498 Commode
776 2463 841 2498 in-

156 2516 240 2551 texit
262 2515 415 2551 fabulam
433 2515 478 2550 de
499 2517 638 2563 Syrt‘nge
660 2516 838 2564 nympha,

157 2583 235 2616 quae
251 2582 363 2615 quum
379 2570 517 2616 sugeret
534 2583 691 2605 amorem
710 2571 816 2605 Panis
827 2597 837 2615 ,

155 2623 194 2658 in
216 2623 367 2658 calamos
393 2629 530 2657 mutata
551 2630 623 2666 est,
649 2623 743 2657 unde
762 2623 839 2658 Pan

155 2674 219 2710 sibi
237 2676 362 2711 struxit
377 2675 529 2710 fistulam
540 2676 657 2709 -Sub
673 2677 842 2709 montibus

156 2728 285 2765 versari
302 2727 468 2764 dicuntur
482 2754 490 2771 ,
513 2727 573 2772 qui
588 2727 625 2763 in
639 2727 839 2769 montibus,

909 1307 969 1335 aut
985 1300 1077 1336 circa
1096 1313 1156 1335 eos
1171 1305 1450 1335 commorantur.
1477 1299 1596 1335 Etiam

906 1356 969 1388 sub
987 1355 1137 1388 vallibus
1149 1380 1158 1394 ‚
1179 1355 1242 1387 sab
1258 1365 1357 1387 amne
1368 1379 1376 1393 ,
1396 1354 1458 1386 sub
1475 1355 1543 1387 oris
1559 1353 1596 1387 in

907 1420 972 1442 usu
989 1420 997 1444 :
1014 1406 1093 1441 vide
1110 1407 1309 1441 Burmann.
1329 1425 1373 1431 —
1387 1406 1456 1440 Sub
1473 1409 1597 1440 monti-

906 1461 988 1499 bus,
1012 1471 1078 1504 pro
1099 1463 1136 1494 in
1161 1461 1331 1493 montibus
1348 1471 1389 1493 ex
1409 1470 1482 1492 uno
1500 1457 1599 1492 Leid.

907 1518 943 1546 et
970 1511 1080 1546 altero
1102 1511 1227 1546 Heius.
1249 1511 1382 1556 recepit
1398 1510 1598 1545 Burmann.

911 1576 1020 1609 quem
1037 1562 1117 1598 vide
1134 1563 1201 1598 late
1218 1563 1458 1609 disputantem
1473 1563 1515 1598 de
1533 1562 1600 1600 hoc

907 1629 974 1651 usu
1000 1629 1145 1663 praepos.
1170 1619 1241 1651 sab.
1267 1634 1311 1642 --
1332 1616 1453 1651 Nostri
1478 1623 1598 1652 autem

911 1667 1027 1704 Codd.
1044 1673 1080 1704 in
1097 1672 1274 1705 montibus.

951 1723 1028 1772 690.
1063 1725 1332 1770 Hamadryadas
1349 1751 1357 1764 ,
1387 1723 1562 1771 Nymphae
1588 1750 1597 1766 ‚

908 1788 986 1821 quae
1004 1778 1072 1822 ἅμα
1088 1784 1155 1816 ταῖς
1174 1781 1262 1827 δρυσὶ
1274 1803 1283 1820 ,
1299 1789 1382 1811 cum
1399 1776 1599 1821 quercubus

908 1829 1050 1874 aliisque
1076 1829 1258 1863 arboribus
1286 1828 1388 1875 (nam
1418 1834 1487 1879 δρῦς
1512 1829 1597 1863 olim

908 1882 1024 1917 omnis
1037 1882 1160 1926 arbor,
1180 1882 1296 1917 Schol.
1317 1883 1426 1916 Hom.
1440 1881 1483 1916 ad
1500 1881 1596 1925 ILA,

908 1935 966 1977 86)
979 1942 1015 1968 et
1026 1934 1119 1969 nasci
1133 1941 1169 1969 et
1185 1934 1331 1968 interire
1344 1933 1598 1969 credebantur:

909 1987 1026 2022 Schol.
1043 1987 1208 2032 Apollon.
1233 1986 1302 2022 Rh.
1330 1986 1374 2021 ad
1392 2000 1482 2022 vers.
1507 1989 1595 2033 4783

908 2039 1002 2074 Plut.
1019 2039 1062 2074 de
1080 2039 1186 2075 Orac.
1202 2039 1290 2083 defi,
1317 2053 1349 2086 p.
1366 2041 1505 2100 4155„—
1521 2042 1597 2075 No-

907 2096 1085 2134 nacrinas,
1106 2105 1183 2138 quae
1199 2093 1236 2127 in
1250 2093 1457 2127 Nonacrmo
1472 2100 1605 2128 monto.-

907 2151 1100 2180 versantur.
1125 2146 1296 2180 Nonacris
1313 2173 1321 2187 ‚
1356 2145 1527 2190 oppidum
1559 2152 1595 2180 et

907 2210 1011 2233 mons
1037 2197 1194 2233 Arcadiae
1209 2224 1218 2242 ,
1243 2210 1318 2232 non
1335 2198 1456 2243 procul
1481 2211 1499 2232 a
1517 2198 1594 2232 La—

907 2250 1001 2285 done
1018 2250 1128 2285 fluvio
1146 2263 1154 2285 ε
1173 2251 1265 2286 Plin.
1290 2251 1338 2285 H.
1359 2251 1404 2287 N.
1430 2251 1464 2286 ΙΙ
1480 2278 1490 2294 ,
1520 2251 1593 2286 103.

950 2303 1026 2351 69ι.
1043 2304 1195 2350 Syringa.
1211 2303 1256 2337 Et
1273 2303 1397 2349 Syrt‘nz·
1407 2310 1442 2338 et
1452 2304 1596 2348 Syringa

904 2355 943 2390 in
966 2367 1031 2389 usu
1053 2365 1061 2387 t
1079 2354 1159 2390 vide
1188 2355 1355 2390 Munker.
1374 2355 1417 2389 ad
1436 2356 1593 2391 Lactant.

907 2409 1057 2454 Argum.
1074 2407 1108 2442 h.
1125 2408 1191 2442 lab.

949 2462 1026 2509 692.
1047 2462 1218 2495 Eluseral.
1245 2461 1392 2494 Eludere
1415 2460 1595 2506 eleganter

907 2515 1097 2558 dicuntur,
1133 2514 1193 2559 qui
1216 2526 1321 2548 cursu
1343 2513 1447 2548 celeri
1472 2520 1508 2548 et
1530 2527 1594 2559 per

907 2570 1082 2604 anfractus
1108 2568 1297 2602 elabuntur
1319 2579 1327 2602 :
1354 2567 1472 2610 VIII,
1493 2567 1555 2613 687
1580 2594 1590 2611 ,

907 2621 1046 2656 Phaedr.
1072 2621 1112 2664 1,
1140 2620 1207 2654 sab.
1233 2631 1308 2664 XII,
1336 2634 1358 2667 9
1378 2633 1386 2654 τ
1406 2633 1507 2655 cursu
1528 2622 1598 2654 leui

909 2676 1020 2709 Canes
1035 2675 1145 2708 elusit.

951 2727 1026 2774 694.
1049 2726 1232 2774 Ortygiam.
1251 2725 1417 2766 Dianam,
1432 2737 1522 2770 quae,
1539 2737 1594 2759 se-
