1832 3100
325 246 414 307 396

697 248 750 292 P.
783 249 1017 294 OVIDII
1047 247 1345 294 NASONIS

322 339 487 388 Fallere
511 338 759 406 depositum
775 379 786 399 ,
813 342 1049 408 vitiataque
1071 343 1236 391 semina
1257 343 1372 392 fecit.

1664 357 1729 402 480

321 416 541 465 Fertilitas
565 428 687 466 terrae
702 456 713 476 ‚
739 418 877 467 latum
899 418 1074 481 vulgata
1095 438 1174 485 per
1195 419 1347 467 orbem
1362 455 1374 476 ‚

324 494 456 542 Cassa
477 494 589 558 jacet
611 513 619 540 :
645 493 798 559 primis
821 506 989 555 segetes
1010 493 1261 542 moriuntur
1282 495 1328 542 in
1350 493 1502 542 herbis
1520 513 1531 543 τ

260 617 267 626 ,
321 571 381 617 Et
401 570 534 617 modo
561 570 629 618 sol
652 570 814 618 nimius
831 607 843 627 ‚
865 570 1026 618 nimius
1049 570 1184 618 modo
1210 572 1394 637 corripit
1414 571 1556 619 imber
1577 589 1588 618 ε

321 651 559 718 Sideraque
575 689 586 710 ,
612 653 817 718 ventique
841 663 1030 710 nocent3
1055 653 1276 718 avidaeque
1298 652 1495 701 volucres

322 733 495 781 Semina
512 733 624 798 jacta
646 733 800 795 legunt
823 753 833 780 :
860 732 1038 791 lolium,
1063 732 1305 800 tribulique
1315 733 1511 798 fatigant

1663 746 1730 792 (08⁵

321 815 533 864 Triticeas
556 834 717 863 messes
732 853 743 873 ‚
770 827 813 862 et
836 814 1175 883 inexpugnabile
1198 835 1387 879 gramen.

387 919 414 941 »
440 898 556 944 Tum
580 907 711 963 caput
734 895 852 945 Eleis
876 896 1087 964 Alpheias
1109 890 1267 946 extulit
1288 897 1421 945 undis
1442 915 1452 954 ;

320 1030 449 1076 Regius
465 1032 495 1066 B
510 1056 520 1074 ‚
535 1033 702 1076 parilique
716 1035 835 1074 oelale3
850 1031 909 1067 sed
921 1031 994 1067 haec

317 1080 419 1116 lectio
430 1082 621 1127 estingrata
635 1096 643 1124 ;
662 1084 721 1127 qui
735 1083 830 1117 enim
844 1090 925 1117 sunt
938 1083 994 1118 isti

317 1135 645 1177 colom'part‘lt‘oelalc,
661 1141 695 1168 et
704 1145 764 1169 cur
767 1137 874 1178 parili
878 1137 995 1171 etate?

320 1185 428 1219 Unde
442 1186 652 1220 mendosum
670 1187 763 1221 hunc
778 1187 892 1221 locum
902 1213 912 1231 ‚
925 1187 995 1222 sal—

318 1243 391 1271 tem
402 1237 438 1271 in
449 1245 569 1272 nostro
583 1237 711 1273 Codice
725 1264 734 1282 ,
753 1238 915 1284 suspicor.
928 1240 992 1273 Ed.

361 1289 436 1332 480.
445 1291 575 1324 Fallere
582 1292 773 1334 depositum.
785 1290 993 1335 Depositum

318 1338 444 1374 dicitur
461 1341 628 1386 quidquid
642 1341 733 1386 apud
750 1341 900 1387 aliquem
915 1354 994 1376 cus-

319 1391 423 1426 todiae
440 1393 547 1438 gratia
558 1393 752 1428 collocatur.
769 1394 831 1428 Est
844 1406 927 1428 vero
945 1394 995 1427 fi-

321 1451 441 1489 gurata
464 1452 498 1480 et
519 1446 652 1491 poetica
667 1446 794 1480 locutio
811 1472 820 1489 ,
839 1450 882 1480 eo
899 1445 994 1490 quod

321 1509 402 1542 ager
416 1499 535 1541 fallit,
563 1512 636 1533 non
665 1498 846 1534 reddendo
870 1502 997 1533 semina

319 1549 449 1584 credita
467 1557 568 1595 atque
585 1552 621 1585 in
639 1551 717 1585 sinu
731 1552 805 1595 ejus
822 1553 972 1594 deposita
982 1562 994 1593 ;

321 1599 508 1646 Horatius,
527 1602 582 1636 ΙΙΙ
596 1627 606 1644 ,
625 1601 719 1636 Od.1
732 1627 741 1644 ,
759 1601 802 1634 30
819 1626 828 1644 ,
839 1600 995 1643 fundus-

321 1665 383 1697 que
399 1656 552 1687 mendax.
571 1653 636 1687 Ed.

364 1705 438 1747 481.
463 1706 634 1739 Fertilitas
653 1708 745 1739 lerrae
762 1704 884 1739 Siculae
896 1730 905 1747 ,
927 1704 998 1737 Le·-

322 1756 526 1790 ontinorum
544 1756 712 1801 imprimis
734 1768 957 1801 camporum,
978 1769 997 1789 a

324 1806 483 1841 Diodoro
497 1833 506 1851 ,
529 1808 643 1842 Plinio
658 1808 797 1852 aliisque
815 1814 997 1852 tantopere

323 1858 493 1893 celebrata
507 1885 516 1902 ,
549 1861 687 1903 vulgata
702 1871 784 1906 sane
801 1863 862 1892 est.
881 1858 997 1903 Atque

322 1909 450 1944 nostris
466 1910 572 1944 etiam
592 1909 807 1954 temporibus
834 1915 927 1943 terra
943 1908 999 1942 illa

324 1960 440 1995 multis
457 1961 590 1995 eximiae
609 1961 792 1995 fertilitatis
804 1972 874 1995 suae
888 1960 997 2004 speci-

326 2012 477 2048 minibus
510 2021 644 2048 accusat
671 2013 835 2048 inertiam
862 2012 999 2046 incola-

326 2077 404 2099 rum
420 2092 429 2109 ,
460 2065 500 2099 ut
518 2065 643 2111 passim
666 2065 824 2110 queritur
843 2063 1000 2111 Brydon.

326 2117 448 2161 Itaque
466 2123 502 2151 et
517 2116 621 2151 hodie
646 2116 760 2151 dicere
779 2117 858 2150 licet
875 2142 884 2159 ,
902 2115 1001 2150 serti-

322 2169 399 2203 litas
414 2169 470 2203 illa
487 2182 590 2203 cassa
596 2170 712 2213 jacet,
739 2168 774 2202 id
791 2175 842 2205 est
860 2194 869 2211 ,
894 2173 1000 2202 vacat.

326 2238 370 2246 ·—
383 2222 492 2254 Cassa
494 2221 603 2264 jacet.
616 2220 781 2254 Heinsius
792 2246 801 2262 ‚
822 2233 862 2253 ex
875 2219 1001 2253 Aron-

327 2271 392 2306 del.
410 2272 469 2316 qui
484 2272 531 2306 sic
546 2283 610 2316 pro
626 2271 759 2305 diversa
775 2271 921 2305 lectione
937 2270 1002 2303 de-

327 2324 426 2359 derat
440 2350 448 2368 ,
467 2324 618 2369 praetulit
631 2336 752 2367 sparsa
766 2322 912 2368 vulgatae
923 2322 1000 2356 lec—-

328 2379 442 2413 tionis.
459 2378 578 2414 Nostri
596 2377 695 2422 Regii
710 2376 842 2410 habent
861 2387 999 2420 quoque

327 2443 447 2475 sparsa
458 2457 467 2471 ‚
503 2430 563 2466 sed
581 2430 750 2475 serlt‘lilas
777 2441 897 2473 sparsa
926 2440 1000 2462 non

328 2489 427 2517 sonat
439 2489 542 2517 recte.
556 2484 620 2516 Ed.
635 2500 678 2509 -—
689 2481 744 2515 De
757 2479 922 2514 vocabulo
929 2491 1001 2514 cas-

330 2549 387 2570 sus
402 2535 480 2572 vide
499 2535 684 2570 Heinsium
697 2561 706 2578 ‚
726 2534 767 2568 ad
781 2535 912 2569 Fastor.
925 2532 977 2566 VI
988 2558 998 2575 ,

331 2586 406 2629 406.
418 2606 461 2613 -
477 2589 601 2621 Primis
615 2590 650 2621 in
669 2589 777 2620 herbis
788 2612 796 2627 ,
820 2597 930 2630 quum
946 2590 1001 2618 te—

332 2650 426 2673 nerae
443 2638 555 2673 adhuc
570 2638 686 2673 herbae
702 2644 793 2672 sunt.
817 2639 942 2671 Tenem
965 2639 1000 2669 in

332 2691 433 2723 herba
441 2689 523 2724 dixit
535 2689 631 2735 Virg.
643 2704 651 2731 ;
668 2690 758 2724 cons.
771 2689 861 2722 infra
869 2689 915 2731 X,
927 2700 1000 2734 ²⁰9·

372 2741 447 2784 484.
476 2742 669 2786 Sideraque,
696 2744 854 2787 ventique.
881 2739 1003 2774 Codex

1059 1033 1189 1078 Regius
1206 1031 1239 1067 A
1250 1058 1260 1076 ,
1275 1035 1387 1067 sidera
1401 1035 1461 1067 cui
1470 1038 1535 1068 etc.
1550 1030 1640 1067 Vide
1652 1043 1729 1076 quae

1059 1083 1208 1119 diximus
1220 1084 1261 1118 ad
1276 1084 1331 1119 ΠΙ
1347 1110 1357 1127 ,
1371 1084 1434 1119 530
1446 1109 1455 1127 ,
1467 1090 1503 1118 et
1513 1082 1578 1127 IV,
1598 1096 1648 1118 ιο.
1660 1082 1730 1117 Hic

1060 1136 1155 1170 locus
1171 1135 1355 1170 confirmat
1372 1137 1405 1170 τὶ
1422 1148 1482 1179 que
1495 1133 1640 1179 produci
1654 1145 1729 1168 cae—

1057 1202 1147 1224 sura.
1162 1190 1228 1222 Ed.
1235 1188 1406 1222 -·Ao1·dae
1415 1189 1563 1222 volucres
1571 1213 1581 1227 ,
1596 1186 1732 1231 impro-

1058 1242 1122 1276 bus
1151 1253 1273 1284 anser,
1294 1239 1573 1287 Strymoniaeque
1605 1250 1729 1285 grues,

1058 1293 1180 1340 virgil.
1198 1293 1325 1338 Georg.
1343 1292 1361 1326 I
1372 1318 1382 1336 ,
1404 1305 1528 1339 119.-
1545 1291 1678 1325 Semina
1686 1292 1731 1324 le-

1055 1358 1149 1389 gere,
1173 1346 1332 1390 σπέρματα
1343 1345 1511 1387 συλλέγειν,
1532 1341 1670 1387 proprie
1687 1339 1731 1374 de

1058 1398 1109 1433 his
1139 1398 1255 1432 avibus
1269 1424 1277 1441 ‚
1310 1408 1386 1442 quae
1418 1394 1500 1430 inde
1539 1395 1733 1444 σπερμολόγα

1058 1449 1168 1484 dictae.
1178 1449 1291 1484 Foesii
1300 1447 1430 1483 'OEcou.
1441 1446 1549 1492 Hipp.
1559 1459 1593 1491 p.
1612 1445 1732 1488 348.—

1058 1501 1191 1536 Lolz'um
1202 1529 1211 1542 ‚
1229 1500 1425 1546 germanice
1449 1498 1576 1543 Trespe.
1587 1515 1631 1523 -
1650 1497 1733 1530 Tri-

1058 1555 1157 1586 bulus
1178 1579 1187 1593 ‚
1215 1551 1410 1597 germanice
1443 1551 1670 1588 Barzcldorn,
1690 1546 1734 1580 vin

1058 1606 1155 1639 Italia
1178 1606 1351 1649 frequens.
1377 1621 1421 1630 ·--
1439 1605 1604 1646 Fatigant
1620 1599 1735 1644 exqui-

1059 1657 1120 1690 site
1134 1682 1142 1699 ,
1180 1655 1377 1700 impediunt
1405 1660 1558 1699 segetem
1593 1662 1734 1695 surgere

1058 1715 1244 1743 conantem
1255 1734 1264 1750 ,
1282 1720 1359 1741 eam
1371 1711 1541 1741 coercent.
1555 1703 1648 1738 Ptin.
1663 1702 1740 1745 HL*

1060 1760 1125 1804 Ep.
1143 1770 1205 1793 xn(
1219 1770 1235 1802 ,·
1245 1759 1266 1792 6
1284 1771 1292 1793 t
1299 1758 1457 1802 felt'w'las
1467 1761 1559 1790 terrae
1565 1754 1738 1798 fatigatur

1060 1813 1236 1845 maccam
1259 1811 1448 1856 culloribus.
1467 1806 1590 1852 Vir-gil.
1607 1804 1736 1850 Georg.

1061 1866 1078 1899 I
1093 1890 1102 1907 ,
1133 1863 1214 1897 153:
1233 1865 1380 1907 inlerque
1390 1863 1531 1894 nitentia
1540 1860 1654 1899 culta,
1675 1858 1735 1890 In-

1051 1915 1144 1959 felix
1173 1916 1286 1948 lolium
1314 1917 1349 1947 et
1377 1913 1507 1946 sten’les
1527 1911 1739 1944 dominantur

1063 1979 1183 2002 aoenae.
1528 1979 1531 1982 ⁴
1678 1959 1681 1962 ’

1107 2019 1181 2063 487.
1194 2018 1362 2062 Alpheus,
1379 2015 1483 2060 hodie
1503 2015 1653 2054 Carbasa,
1675 2010 1734 2046 ubi

1063 2071 1195 2104 Elidem
1216 2067 1369 2114 irrigavit
1383 2094 1392 2111 ‚
1409 2066 1497 2101 mari
1513 2065 1737 2111 Peloponne-

1063 2121 1152 2156 siaco
1168 2118 1378 2162 infunditur,
1398 2117 1459 2152 sed
1475 2117 1538 2152 sub
1554 2116 1644 2150 m'ari
1659 2126 1736 2161 pro·

1064 2184 1204 2207 currere
1221 2197 1230 2214 ,
1260 2178 1363 2216 atque
1393 2171 1429 2204 in
1464 2168 1579 2204 Sicilia
1592 2193 1602 2211 ,
1627 2176 1735 2213 prope

1065 2223 1249 2270 Syracusas
1262 2249 1270 2266 ‚
1288 2222 1324 2255 in
1342 2221 1490 2268 Ortygia
1506 2219 1617 2255 insula
1629 2243 1639 2259 ,
1654 2229 1735 2253 cum

1064 2274 1237 2310 Arethusa
1248 2276 1340 2319 (quae
1348 2272 1430 2307 inde
1441 2269 1623 2316 Alpheias)
1632 2280 1736 2315 aquas

1064 2340 1140 2362 suas
1155 2325 1369 2361 confundere
1386 2323 1600 2358 credebatur.
1613 2321 1735 2356 Senec.

1064 2379 1144 2414 Nat.
1164 2378 1287 2422 Quest.
1304 2377 1378 2419 111,
1397 2375 1461 2416 263
1481 2373 1626 2416 Strabo,
1645 2372 1690 2408 V.
1702 2385 1736 2418 p.

1065 2443 1150 2476 270;
1174 2430 1322 2464 Pausan.
1354 2427 1460 2461 Eliac.
1491 2438 1525 2471 p.
1557 2425 1624 2472 39⁰
1635 2450 1644 2468 ,
1676 2424 1736 2469 qui

1063 2493 1140 2515 rem
1157 2479 1359 2524 comprobat
1375 2476 1577 2512 auctoritate
1595 2474 1736 2520 Delphi-

1064 2533 1095 2568 ci
1129 2531 1266 2567 oraculi.
1295 2530 1464 2575 Idemque
1486 2541 1599 2564 verror
1631 2527 1735 2562 etiam

1064 2597 1160 2618 nunc
1189 2591 1286 2618 tenet
1309 2583 1504 2616 multorum
1537 2579 1734 2615 Siculorum

1064 2642 1210 2670 mentes.
1246 2634 1428 2669 Arethusae
1463 2639 1579 2667 autem
1609 2631 1736 2665 Noster

1064 2688 1135 2733 ipse
1174 2693 1209 2721 et
1241 2687 1385 2720 oratoris
1410 2682 1708 2729 deprecatorisque
1722 2698 1732 2723 ·,

1065 2745 1105 2773 ut
1128 2738 1259 2773 Telluri
1278 2738 1336 2782 ΙΙ,
1364 2750 1424 2783 ²7²
1447 2748 1540 2780 sqq.‚
1564 2741 1598 2769 et
1613 2732 1734 2768 indicis
