1832 3100
332 272 421 328 460

690 281 742 324 P.
787 282 1024 329 OVIDII
1058 286 1358 336 NASONIS

334 381 355 406 ὴ
384 366 433 414 Si
454 379 597 417 tamen
619 369 709 420 haec
732 373 888 440 Superi
910 391 1121 437 cernunt3
1146 381 1184 429 si
1206 384 1386 432 numina
1408 385 1568 436 Divum

333 463 354 483 >›
383 443 498 492 Sunt
519 444 711 512 aliquid;
738 450 775 497 si
795 470 887 499 non
910 454 1137 519 perierunt
1161 459 1307 507 omnia
1329 479 1524 521 mecum3

334 540 356 560 »
383 520 762 592 Quandocumque
786 530 894 577 mihi
917 549 1069 599 poenas
1093 532 1219 582 dabis
1239 554 1250 583 :
1271 536 1364 602 ipsa
1380 574 1392 596 ‚
1417 540 1586 605 pudore

330 618 352 638 »
381 597 584 662 Projecto
598 638 610 658 ‚
632 613 706 650 tua
726 603 838 652 facta
861 605 1018 672 loquar
1037 629 1046 656 :
1068 610 1106 656 si
1129 612 1255 677 copia
1279 613 1449 675 detur‚'

1670 635 1734 683 ⁵45

330 694 354 715 >³
381 675 434 721 In
455 677 649 741 populos
673 681 838 729 veniam
859 702 870 730 ε
892 683 930 730 si
954 684 1074 733 silvis
1094 685 1237 736 clausa
1261 691 1466 752 tenebor,

327 771 350 791 »
378 751 577 816 Implebo
602 755 731 805 silvas
754 769 797 805 et
821 761 993 808 conscia
1024 780 1124 811 saxa
1150 765 1350 829 querelis.

326 849 349 868 »
378 829 545 878 Audiat
567 832 657 880 haec
681 835 839 894 aether,
863 849 906 885 et
930 838 967 886 si
991 840 1112 888 Deus
1135 840 1254 890 ullus
1278 843 1325 891 in
1346 843 1424 893 illo
1444 857 1531 895 est:
1548 869 1574 891 >›

325 905 509 955 Talibus
532 908 597 957 ira
614 909 694 958 feri
715 925 952 979 postquam
975 929 1193 966 commota
1217 922 1415 986 tyranni,

325 982 415 1030 Nec
440 985 584 1033 minor
606 987 687 1035 hac
711 1002 853 1039 metus
876 1004 966 1050 est;
994 1012 1122 1042 causa
1143 996 1393 1047 stimulatus
1418 1012 1629 1068 utraque‘,
1665 1015 1735 1051 550

326 1059 429 1122 Quo
454 1061 539 1110 suit
562 1065 805 1126 accinctus,
828 1069 983 1131 vagina
1004 1070 1164 1121 liberat
1186 1093 1333 1123 ensem
1348 1113 1360 1134 ,

324 1141 643 1212 Arreptamque
668 1167 813 1208 coma,
839 1151 960 1200 flexis
983 1166 1089 1219 post
1111 1166 1233 1218 terga
1255 1156 1426 1207 lacertis
1440 1196 1452 1216 ‚

323 1222 477 1273 Vincla
503 1229 595 1292 pati
617 1231 737 1293 cogit
757 1251 767 1279 :
785 1233 988 1297 jugulum
1011 1236 1257 1286 Philomela
1274 1240 1481 1305 parabat,

325 1305 545 1374 Spemque
569 1329 657 1360 suae
680 1315 836 1363 mortis
858 1317 953 1365 viso
978 1332 1240 1386 conceperat
1262 1339 1377 1369 ense.

322 1387 401 1437 Ille
426 1391 697 1455 indignanti,
722 1409 764 1445 et
788 1418 948 1448 nomen
971 1402 1108 1467 patris
1132 1422 1273 1469 usque
1297 1405 1492 1465 vocanti,
1668 1420 1733 1455 555

322 1471 615 1540 Luctantique
638 1477 785 1544 loqui,
810 1500 1103 1548 compressam
1124 1483 1293 1551 forcipe
1315 1484 1509 1548 linguam

322 1551 523 1602 Abstulit
546 1575 648 1606 ense
671 1559 764 1607 fero
790 1580 801 1608 :
821 1562 942 1610 radix
966 1565 1098 1613 micat
1120 1564 1276 1615 ultima
1299 1565 1484 1629 linguae3
1507 1595 1511 1599 -

362 1692 436 1735 542.
452 1694 634 1730 &numina
649 1704 712 1732 etc.
730 1697 787 1742 Si,
803 1700 967 1743 quoniam
980 1727 989 1744 ,

320 1742 379 1776 Dii
394 1744 523 1789 aliquid
543 1747 681 1791 valent,
708 1749 735 1784 si
751 1757 899 1795 potestas
922 1765 992 1786 eo-

318 1807 399 1828 rum
415 1802 466 1830 est
479 1797 559 1832 satis
573 1799 693 1834 valida.
721 1801 738 1835 1
753 1827 762 1845 ,
791 1803 864 1845 545.
887 1820 931 1829 —-
956 1805 997 1838 Si

319 1858 383 1880 non
394 1849 562 1890 perierunt
577 1857 641 1885 etc.
674 1853 752 1886 Vox
772 1854 900 1888 summi
919 1854 991 1888 do-

319 1896 400 1932 loris
413 1924 422 1942 ,
442 1900 501 1944 qui
515 1900 562 1935 ita
578 1910 680 1948 auget
694 1917 792 1938 suam
805 1905 991 1942 miseriam.

319 1968 362 1976 -—
379 1953 422 1986 In
432 1957 574 1998 populos
589 1960 718 1991 veniam
729 1984 737 1999 ‚
762 1957 805 1992 ad
823 1960 992 2004 populum

318 2003 520 2047 prodibo.-—-
526 2008 675 2050 Quereltlr
685 2022 725 2043 ex
733 2009 806 2044 Lan
810 2012 993 2055 germanni

321 2054 497 2102 Excerptis
507 2058 602 2094 dedit
613 2061 735 2095 Burm.
745 2089 754 2106 ,
770 2075 880 2107 quum
890 2064 992 2110 vulgo

318 2106 453 2152 legatur
463 2114 603 2146 movebo.
613 2113 803 2149 Dubitabat
813 2115 909 2150 enim
922 2116 991 2160 ille,

320 2171 366 2193 an
381 2173 422 2194 ex
438 2165 688 2200 consuetudine
709 2167 883 2203 ovidiana
899 2170 993 2205 abso-

319 2210 391 2246 lute
408 2212 544 2249 dicatur
561 2219 692 2259 implere
712 2221 826 2254 silvas.
846 2221 917 2255 Sed
941 2222 993 2256 vir

319 2263 441 2299 doctus
457 2265 494 2299 in
508 2267 721 2304 Bibliotheca
737 2270 856 2316 Tigur.
873 2286 905 2318 p.
925 2285 966 2318 70
981 2299 991 2316 ,

319 2324 425 2362 negat
455 2317 579 2352 duram
611 2333 683 2355 esse
706 2322 840 2368 ellipsin
859 2337 868 2365 ;
894 2337 991 2369 posse

319 2370 415 2404 enim
427 2384 467 2406 ex
478 2373 760 2411 antecedentibus
767 2377 879 2421 sactis
894 2378 991 2413 facile

318 2422 480 2468 suppleri.
503 2424 621 2459 Etiam
644 2428 749 2462 verba
769 2432 897 2473 pudone
913 2443 992 2474 pro-

313 2474 407 2515 jecto
421 2475 607 2511 lectionem
625 2479 791 2523 rejectam
809 2481 989 2526 postulare.

319 2526 443 2571 Neque
474 2529 706 2565 Philomelam
730 2531 816 2566 velle
846 2533 990 2566 omnino

320 2578 441 2623 queri,
467 2581 527 2616 sed
545 2582 631 2617 sacta
649 2583 723 2617 dira
746 2583 851 2618 Terei
876 2585 991 2630 eloqui

319 2631 373 2665 vel
397 2631 595 2670 hominibus
608 2661 618 2678 ,
634 2635 688 2669 vel
708 2635 792 2670 saxis
808 2636 928 2671 saltem
955 2643 990 2671 et

318 2682 418 2717 silvis.
430 2683 569 2719 Dictam
582 2693 698 2721 autem
714 2699 785 2721 esse
803 2688 990 2733 Vulgatam

320 2734 363 2768 ad
382 2734 466 2769 illud
485 2735 606 2782 virgil.
622 2751 630 2772 :
646 2741 793 2774 Flectere
814 2743 852 2773 si
869 2752 990 2784 nequeo

322 2787 458 2831 Superos
470 2816 479 2831 ⁷
498 2790 688 2825 Acheronta
699 2795 838 2843 mot’cbo‘
854 2809 898 2817 ·-—
918 2791 991 2826 Co—

1058 1701 1148 1736 dices
1165 1702 1265 1748 Regii
1276 1703 1406 1738 habent
1415 1707 1553 1738 conscia
1561 1717 1651 1738 saxa
1660 1717 1733 1739 mo-

1057 1757 1154 1797 vebo5
1173 1754 1279 1789 altera
1301 1755 1402 1790 lectio
1421 1756 1649 1801 praestantior.
1666 1758 1732 1792 Ed.

1100 1807 1173 1840 551.
1197 1807 1337 1841 Liberat
1345 1818 1358 1849 ‚·
1386 1819 1450 1852 pro
1474 1818 1543 1851 quo
1571 1807 1733 1842 nonnulli

1056 1857 1187 1892 habent
1206 1860 1341 1902 deripit,
1365 1857 1459 1903 quod
1482 1854 1621 1904 praesert
1638 1858 1732 1894 Cio-

1057 1911 1167 1944 sanus.
1187 1909 1307 1945 Codex
1324 1910 1454 1956 Regius
1469 1911 1518 1954 B,
1537 1923 1557 1945 a
1580 1911 1731 1946 secunda

1057 1975 1186 2005 manu,
1211 1961 1315 1996 habet
1337 1964 1465 2006 dertjrn'l.
1484 1980 1528 1987 --
1551 1963 1722 2007 Earabat,

1058 2013 1180 2048 melius
1198 2015 1303 2058 quam
1315 2014 1517 2057 porrigebat.

1102 2068 1174 2100 555.
1196 2067 1262 2099 Ille
1282 2067 1542 2109 indigmanliff...
1566 2070 1724 2104 vocanti,

1058 2117 1289 2161 Luctatusque.
1321 2115 1468 2150 Codices
1493 2116 1603 2150 nostri
1629 2116 1730 2162 Regii

1057 2166 1187 2201 habent
1203 2169 1445 2211 mahgmtatem,
1461 2171 1648 2208 vocantem,
1661 2169 1730 2200 Iuc-

1057 2222 1198 2261 tantm,-
1212 2218 1328 2252 etbaec
1338 2217 1440 2252 lectio
1452 2217 1543 2252 forte
1559 2217 1625 2252 suit
1633 2229 1727 2260 vera,

1058 2283 1162 2315 quam
1176 2271 1383 2316 interpretes
1403 2270 1590 2316 tautologia
1606 2271 1729 2304 offensi

1056 2329 1280 2357 mutaverunt
1306 2335 1315 2356 ε
1341 2321 1395 2356 hae
1409 2333 1510 2356 voces
1527 2322 1730 2359 reseruntur

1056 2373 1099 2408 ad
1116 2377 1274 2417 linguam.
1299 2372 1364 2406 Ed.

1099 2428 1173 2471 557.
1196 2427 1313 2459 Badiz-
1329 2427 1434 2459 micat
1446 2430 1510 2464 etc.
1523 2424 1630 2460 Foeda
1645 2437 1726 2459 rur-

1056 2491 1113 2512 sus
1122 2491 1176 2513 res
1189 2485 1224 2512 et
1234 2478 1368 2524 ingrata
1379 2490 1501 2522 ,quam
1511 2485 1629 2512 tamen
1640 2478 1729 2512 simi-

1055 2532 1200 2566 litudine
1218 2531 1304 2566 adeo
1325 2532 1470 2566 illustrat
1488 2538 1600 2576 poeta.
1623 2529 1729 2575 Apud

1057 2583 1239 2631 Hyginum
1251 2610 1260 2627 ‚
1280 2583 1414 2618 Tereus
1430 2583 1584 2618 vitiatam
1601 2581 1728 2617 Philo—

1054 2636 1182 2670 melam
1193 2636 1336 2670 mandat
1348 2636 1390 2670 ad
1403 2635 1583 2683 Lynceum
1594 2647 1724 2678 regem.

1056 2688 1126 2724 Sed
1140 2690 1265 2723 Noster
1274 2688 1411 2724 videtur
1427 2688 1469 2722 de
1484 2687 1653 2723 industria
1668 2688 1727 2721 soe-

1055 2739 1193 2774 dissima
1210 2752 1354 2784 quaeque
1371 2746 1405 2773 et
1417 2737 1652 2775 crudelissima
1661 2736 1727 2771 hac.

1053 2793 1167 2827 sabula
1193 2792 1385 2838 exprimere
1409 2790 1566 2826 voluisse.
1581 2809 1625 2816 —
1639 2791 1730 2824 Tre-
