1832 3100
303 264 392 319 234

669 266 719 309 P.
766 266 1003 311 OVIDII
1039 263 1337 309 NASONIS

301 360 453 423 Quum
476 359 627 425 posuit
645 358 809 425 jussam
833 359 1039 407 Phoebeis
1066 358 1261 406 sortibus
1281 358 1449 406 urbem.

1646 372 1707 407 13⁰

363 442 421 489 II.
442 442 540 489 Jam
561 440 736 489 stabant
757 440 922 488 Thebae
945 459 954 488 :
979 451 1155 506 poteras
1175 440 1283 504 jam,
1311 438 1493 497 Cadme,
1514 437 1653 487 videri

298 521 468 571 Exsilio
486 521 610 580 felix;
637 523 775 571 soceri
799 522 882 570 tihi
904 523 1112 588 Marsque
1133 522 1372 586 Venusque

304 603 619 666 Contigerant:
644 604 731 652 huc
755 603 863 652 adde
888 622 1025 666 genus
1049 602 1102 651 de
1127 602 1312 667 conjuge
1337 612 1481 659 tanta,

298 687 386 734 Tot
406 697 554 744 natos,
579 697 811 752 natasque,
838 698 900 744 et,
924 685 1115 752 pignora
1135 703 1232 732 cara
1251 721 1263 743 ‚
1284 695 1493 750 nepotes,

297 829 353 864 cui
367 837 485 875 postea
501 843 670 865 accessere
682 830 824 866 Thebae.
835 829 971 865 Confer

299 883 450 917 Pausan.
480 883 593 918 Boeot.
623 897 655 928 p.
687 898 759 932 7¹9·
786 903 829 910 —
865 886 972 927 Quum

289 939 407 980 posuit
422 936 569 980 jussam.
598 937 726 972 Noster
755 937 885 983 Regius
911 937 940 971 B
960 963 970 981 ,

301 989 409 1031 Quum
418 992 537 1032 posuit
546 989 677 1033 jussus.

342 1039 505 1073 131-252.
521 1041 601 1073 Jam
611 1041 750 1073 stabant
762 1041 890 1074 Theba.
902 1040 974 1075 Ac·-

298 1096 391 1124 taeon
403 1115 414 1133 ,
441 1088 569 1125 Cadmi
593 1104 634 1125 ex
655 1091 818 1126 Autonoe
836 1105 944 1138 nepos
961 1118 971 1136 ,

297 1140 437 1175 Aristaei
454 1141 545 1177 filius
559 1168 568 1185 ,
602 1143 647 1177 ob
663 1143 770 1177 visam
787 1143 861 1178 sine
880 1151 973 1179 veste

295 1190 450 1226 Dianam
469 1192 506 1226 in
523 1206 665 1227 cervum
678 1201 851 1238 mutatus,
870 1207 889 1229 a
905 1195 973 1230 suis

295 1243 401 1288 ipsius
417 1244 559 1280 canibus
572 1244 763 1291 discerptus
776 1253 836 1280 est.
852 1246 972 1292 Eurip.

295 1294 422 1330 Bacch.
440 1297 502 1343 337
519 1310 591 1342 sqq.
606 1311 615 1338 ;
636 1296 773 1332 Gallim.
790 1298 872 1332 Lav.
887 1298 973 1333 Pall.

300 1347 385 1389 108;
411 1348 561 1384 Pausan.
578 1349 651 1393 IX,
677 1363 709 1395 p.
736 1352 799 1395 714
823 1357 860 1385 et
887 1352 971 1396 787;

297 1399 460 1445 Apollod.
483 1402 558 1445 111,
579 1414 641 1447 1v,
666 1404 710 1446 4;
739 1403 870 1450 Hygin.
889 1403 971 1439 Fab.

299 1451 362 1486 180
374 1477 384 1495 ,
415 1454 472 1488 181
492 1466 501 1493 ;
529 1454 629 1500 Fulg.
649 1454 800 1502 Mythol.
827 1455 903 1498 111,
930 1455 950 1489 3
964 1468 974 1497 ς

296 1503 421 1539 senec.
453 1504 574 1550 OEdip.
597 1508 670 1551 751.
697 1506 753 1540 Ab
775 1506 826 1540 his
844 1506 975 1541 Acusi-

296 1555 371 1591 laus
381 1562 415 1590 et
427 1555 643 1592 Stesichorus
653 1558 719 1591 sab.
734 1564 891 1593 auctores
900 1558 976 1592 lau-

298 1607 437 1644 dantur.
463 1609 515 1643 Ac
537 1609 594 1644 ille
611 1609 754 1654 quidem
771 1622 909 1654 poenam
925 1608 975 1643 il-

295 1658 402 1693 latam
412 1673 431 1694 a
442 1660 531 1695 Jove
542 1661 743 1706 repetierat,
755 1661 973 1707 indignante,

297 1710 394 1755 quod
410 1711 556 1747 Actaeon
576 1713 741 1748 Semelen
760 1726 903 1749 uxorem
919 1726 977 1758 pe-

296 1763 425 1805 tiisset;
447 1764 589 1809 plurimi
610 1777 694 1799 vero
716 1778 736 1799 a
756 1765 871 1800 Diana
884 1791 893 1808 ,
917 1765 973 1800 vel

297 1815 391 1860 quod
404 1816 459 1850 ille
474 1816 609 1851 nudam
618 1816 758 1851 vidisset
768 1843 778 1861 ,
789 1817 864 1861 vel,
881 1817 973 1862 quod

296 1867 482 1913 Euripides
488 1875 655 1914 sequutus
662 1875 768 1913 est,se
779 1869 816 1903 in
823 1870 976 1904 venandi

299 1925 372 1953 arte
389 1920 595 1965 praetulisset
617 1920 714 1955 Deae.
741 1921 976 1956 Anaximenes

298 1970 391 2016 apud
415 1972 641 2017 Fulgentium
664 1979 846 2018 putaverat
860 1999 870 2017 ,
897 1973 975 2007 Ac·-

297 2028 424 2067 taeona,
436 2025 583 2069 cognitis
597 2025 790 2060 venationis
801 2025 974 2071 periculis,

297 2075 463 2109 timidum
480 2089 551 2111 esse
563 2078 706 2121 sactum,
721 2085 889 2123 tanquam
901 2090 976 2112 cer-

297 2139 382 2161 vum
396 2153 405 2171 ,
427 2128 611 2173 studioque
627 2142 755 2164 canum
771 2130 976 2165 alendarum

298 2178 481 2215 decoxisse.
520 2181 698 2216 Posterius
730 2182 837 2217 etiam
874 2182 975 2216 Theo

301 2232 410 2281 Soph.
429 2233 621 2280 Progymn.
634 2248 707 2280 cap.
721 2236 743 2269 6
753 2261 762 2278 ,
780 2243 815 2270 et
825 2235 974 2280 Palaeph.

300 2286 321 2318 3
331 2309 342 2328 ,
361 2285 508 2331 amplexi
521 2293 603 2320 sunt
616 2312 625 2329 ,
643 2294 679 2321 et
688 2288 800 2321 solent
816 2300 898 2332 opes
909 2287 976 2322 ho-

297 2336 402 2371 minis
418 2341 549 2372 veli-cera
568 2338 643 2383 ejus
664 2338 741 2373 dici.
760 2339 909 2373 Heroid.
928 2341 945 2374 I
963 2365 973 2383 ,

297 2401 366 2435 90:
389 2391 527 2424 Viscera
543 2395 658 2424 nostra
678 2395 743 2424 lua·
767 2386 978 2424 dilaniantur

299 2453 397 2484 opes:
408 2440 476 2476 vid.
485 2440 528 2475 ad
539 2441 591 2475 IX
601 2467 611 2485 ,
629 2443 700 2489 194.
711 2442 817 2476 Forte
830 2441 975 2476 Actaeon

299 2492 394 2526 inter
403 2492 606 2527 venandum
623 2500 682 2527 aut
700 2506 720 2527 a
734 2493 876 2527 canibus
888 2492 976 2526 dila-

301 2545 417 2579 niatus
433 2552 484 2579 est
496 2571 505 2588 ,
530 2552 590 2580 aut
606 2545 672 2579 alio
686 2544 794 2579 modo
807 2545 919 2590 periit.
933 2543 975 2578 ld

301 2595 344 2629 ad
354 2596 572 2631 Dianaeiram
580 2598 976 2632 referebatur.-—T1·ans-

301 2647 388 2690 itus,
407 2648 443 2681 in
461 2661 531 2693 quo
548 2656 649 2694 poeta
676 2649 718 2683 de
741 2648 867 2683 Cadmi
883 2655 975 2683 sorte

302 2698 576 2744 philosophatur,
587 2700 702 2735 addita
715 2701 887 2735 sententia
904 2713 975 2745 gra-

304 2752 350 2785 vi.
361 2752 407 2787 Et
417 2753 488 2798 iam
500 2753 642 2788 Pindar.
655 2755 695 2789 P.
707 2764 766 2798 111,
780 2754 852 2797 153,
864 2754 975 2788 obser-

1037 836 1176 865 vaverat
1188 854 1197 872 ,
1216 841 1290 863 non
1305 827 1450 863 solidam
1463 826 1512 862 illi
1528 825 1709 872 contigisse·

1035 883 1243 918 felicitatem.
1252 882 1332 917 Non
1341 881 1430 916 male
1441 880 1497 915 hic
1505 878 1709 926 apostrophe

1037 933 1188 968 adhibita
1201 958 1210 976 ‚
1227 945 1295 978 qua
1314 931 1451 967 Cadmo
1460 932 1552 966 bona
1563 943 1624 966 sua
1636 943 1711 976 par-

1036 993 1178 1031 temque
1192 986 1393 1021 calamitatis
1404 990 1587 1020 enumerat
1595 990 1709 1029 poeta,

1037 1046 1140 1084 atque
1166 1038 1212 1073 ita
1230 1037 1415 1073 commode
1432 1037 1497 1071 sab.
1515 1047 1710 1082 argumen—

1033 1096 1115 1124 tum
1130 1090 1294 1135 proponit
1307 1115 1316 1132 ,
1341 1088 1458 1123 addito
1473 1086 1602 1132 judicio
1617 1098 1681 1120 suo
1699 1111 1708 1128 ,

1038 1156 1107 1188 quo
1119 1143 1214 1188 quasi
1229 1143 1358 1177 solatur
1374 1140 1561 1176 Cadmum.
1573 1157 1618 1164 —
1631 1139 1711 1173 Sla-

1037 1198 1120 1229 bant
1130 1196 1255 1229 Thebe.
1267 1193 1408 1229 Sasstius
1419 1204 1428 1226 ε
1442 1193 1572 1226 Theben
1581 1192 1711 1225 bliilzele

1037 1247 1202 1280 nunmehr.
1225 1246 1271 1280 Et
1290 1257 1371 1279 sane
1395 1248 1486 1277 stare
1509 1242 1711 1287 frequenter

1037 1298 1179 1344 ponitur
1187 1297 1399 1343 pro-florere,
1413 1291 1712 1340 quemadmodum

1039 1352 1157 1386 miseri
1164 1351 1285 1395 jacere
1299 1350 1473 1385 dicuntur.
1490 1346 1562 1382 Sed
1576 1346 1611 1381 h.
1627 1345 1650 1380 l.
1666 1344 1710 1380 de

1038 1404 1124 1439 urbe
1150 1403 1304 1439 absoluta
1330 1399 1540 1446 capiendum
1566 1403 1628 1433 est.
1651 1396 1711 1432 Sic

1037 1461 1143 1497 stare,
1162 1462 1197 1490 et
1212 1455 1263 1489 XI
1276 1480 1286 1498 ,
1308 1455 1384 1488 205.

1085 1508 1160 1541 132.
1188 1508 1294 1541 Felix.
1317 1505 1357 1539 In
1379 1503 1485 1538 Orac.
1504 1507 1570 1539 Καὶ
1594 1502 1664 1545 σύγε
1682 1502 1712 1535 ἐν

1038 1560 1198 1608 ἀνθρώποις
1214 1559 1405 1603 hominum
1416 1560 1520 1592 ’ἔσσεαι
1531 1559 1616 1593 αὖτις
1628 1546 1714 1591 A'eoe-

1037 1613 1134 1646 νάτων
1149 1613 1260 1654 λεχέων
1278 1610 1422 1651 ἀντήσειε,
1437 1611 1514 1643 ἕλὲιε
1529 1607 1649 1649 Κάθμε.
1668 1603 1711 1639 Id

1037 1661 1151 1708 ipsum
1168 1661 1210 1696 de
1233 1661 1309 1706 ejus
1333 1659 1493 1695 felicitate
1510 1656 1709 1703 disputandi

1037 1714 1252 1750 occasionem
1267 1710 1424 1758 praebuit.
1433 1728 1477 1736 —-
1486 1708 1683 1755 Naugerius
1692 1720 1710 1742 e

1037 1766 1210 1802 veteribus
1221 1763 1397 1800 nonnullis
1414 1762 1528 1797 adfert
1535 1768 1575 1796 'et
1589 1761 1713 1806 probat

1037 1817 1251 1861 etsilt‘iscliae
1263 1843 1272 1855 ,
1307 1814 1400 1860 quod
1417 1814 1646 1848 Burmannus
1661 1811 1712 1845 il-

1038 1869 1160 1904 lustrat
1182 1867 1345 1913 quidem3
1362 1866 1422 1902 sed
1440 1871 1583 1911 propter
1605 1863 1713 1899 Codi-

1038 1934 1119 1956 cum
1129 1932 1337 1955 consensum
1346 1918 1539 1964 respuit.—·
1546 1917 1593 1952 Et
1603 1915 1713 1951 nostri

1040 1973 1141 2019 Regii
1163 1972 1293 2006 habent
1307 1973 1437 2005 exsilio.
1458 1988 1503 1998 ·--
1526 1971 1641 2005 Socen'
1653 1971 1718 2003 tibi

1038 2027 1145 2059 Mars.
1172 2022 1327 2058 Cadmus
1353 2021 1589 2057 Harmoniam
1613 2019 1688 2066 (sie
1701 2046 1711 2064 ,

1039 2089 1113 2111 non
1132 2075 1354 2111 Hermionen
1367 2100 1377 2118 ,
1402 2081 1443 2109 ut
1468 2073 1612 2119 quidam
1626 2085 1713 2108 cor-

1038 2136 1140 2174 rupte
1154 2127 1337 2170 exhibent)
1355 2126 1500 2162 duxerat
1510 2152 1520 2167 ,
1536 2127 1661 2159 Martis
1677 2130 1714 2158 et

1045 2184 1181 2216 Veneris
1191 2179 1310 2222 filiam,
1319 2178 1443 2224 quibus
1451 2176 1582 2222 nuptiis
1590 2188 1712 2211 omnes

1039 2234 1101 2268 Dii
1116 2233 1350 2267 interfuerant
1362 2257 1372 2275 ,
1391 2242 1542 2275 quasque
1553 2229 1666 2264 Musae
1676 2235 1712 2262 et

1040 2285 1171 2321 Gratiae
1186 2283 1398 2319 carminibus
1418 2281 1487 2317 suis
1507 2279 1711 2316 celebrave—

1038 2344 1128 2371 rant.
1149 2335 1305 2380 Euripid.
1316 2334 1439 2369 Phoen.
1450 2346 1538 2369 vers.
1552 2346 1583 2378 7,
1594 2331 1711 2376 ibique

1040 2388 1154 2424 Schol.
1179 2385 1321 2422 Hesiod.
1351 2385 1486 2430 Theog.
1511 2396 1599 2418 vers.
1624 2381 1690 2430 936
1701 2407 1710 2423 ,

1039 2442 1125 2488 9743
1146 2437 1322 2483 Theognis
1336 2464 1346 2481 ,
1362 2450 1448 2472 vers.
1475 2437 1536 2477 15;
1560 2435 1710 2470 Pausan.

1039 2505 1072 2536 p.
1091 2505 1154 2538 7¹9
1169 2497 1204 2524 et
1222 2490 1304 2535 734;
1324 2488 1483 2536 Apollod.
1499 2487 1533 2522 d.
1547 2488 1571 2523 l.

1087 2543 1157 2586 134.
1192 2543 1258 2575 Tot
1284 2553 1356 2576 non
1382 2540 1424 2575 ad
1448 2552 1561 2574 unum
1589 2542 1687 2574 nalos
1698 2564 1707 2580 ,

1039 2593 1100 2629 sed
1124 2593 1167 2627 ad
1188 2598 1286 2628 natos
1308 2598 1471 2638 natasque
1495 2590 1710 2636 conjunctim

1040 2647 1275 2682 referendum.
1299 2647 1411 2682 Natus
1431 2645 1527 2680 enim
1549 2656 1623 2678 non
1644 2643 1710 2677 nisi

1040 2713 1131 2735 unus
1147 2713 1165 2734 a
1178 2700 1308 2734 caeteris
1322 2697 1542 2743 scriptoribus
1555 2707 1709 2730 comme—

1041 2759 1219 2794 moratur,
1239 2750 1433 2796 Polydorus
1445 2775 1454 2792 ,
1478 2748 1536 2793 qui
1552 2746 1711 2783 successit
