1832 3100
349 243 434 299 458

719 246 771 289 P.
809 245 1042 291 OVIDII
1077 244 1384 290 NASONIS

353 359 376 378 «
400 336 598 385 Vicimus
616 374 628 395 ‚
653 337 887 396 exclamat3
914 356 1085 386 mecum
1107 356 1201 386 mea
1220 350 1322 386 vota
1342 337 1567 400 feruntur!
1592 359 1614 382 n

348 419 638 486 Exsultatque
660 420 805 468 animo
821 458 832 479 ‚
857 421 929 468 vix
954 432 998 468 et
1022 439 1099 468 sua
1122 420 1278 482 gaudia
1296 420 1443 468 differt

349 496 594 555 Barbarus;
617 509 659 546 et
681 516 898 564 nusquam
923 497 1070 547 lumen
1092 496 1326 562 detorquet
1347 498 1401 545 ab
1424 497 1510 547 illa.

1689 510 1753 546 515

348 574 451 620 Non
474 572 600 621 aliter
615 611 626 631 ‚
653 593 783 640 quam
809 593 945 640 quum
965 573 1155 639 pedibus
1173 573 1390 639 praedator
1410 574 1596 625 obuncis

352 654 571 720 Deposuit
590 654 696 725 nido
717 655 913 721 leporem
934 655 1057 702 Jovis
1081 654 1171 702 ales
1193 655 1239 702 in
1266 654 1356 703 alto
1374 674 1385 713 ;

348 735 481 783 Nulla
498 736 603 798 fuga
625 748 691 784 est
714 748 842 802 capto
861 755 871 793 ;
896 747 1064 802 spectat
1086 755 1164 784 sua
1184 737 1359 802 praemia
1382 747 1546 802 raptor.

347 818 533 883 Jamque
553 818 637 866 iter
658 818 889 876 effectum3
912 819 1087 884 jamque
1110 819 1158 866 in
1181 837 1260 866 sua
1281 818 1411 866 litora
1433 818 1559 868 fessis

348 898 583 964 Puppibus
606 899 824 958 exierant3
849 919 986 966 quum
1008 918 1082 949 rex
1104 899 1331 948 Pandione
1354 911 1500 948 natam

1694 912 1758 946 520

348 982 401 1027 In
425 979 596 1028 stabula
617 980 703 1029 alta
727 981 889 1038 trahit,
915 980 1036 1030 silvis
1061 982 1250 1029 obscura
1272 982 1483 1040 vetustis3

350 1062 497 1128 Atque
520 1062 584 1111 ibi
605 1062 839 1129 pallentem
854 1101 866 1121 ‚
893 1064 1195 1130 trepidamque
1209 1101 1220 1122 ‚
1245 1076 1288 1112 et
1310 1075 1465 1112 cuncta
1485 1064 1709 1112 timentem
1724 1100 1735 1120 ‚
1803 1128 1807 1129 ⁷

350 1144 409 1190 Et
429 1144 515 1208 jam
539 1164 638 1192 cum
659 1144 859 1211 lacrymis
875 1183 886 1204 ,
911 1145 991 1193 ubi
1015 1146 1073 1193 sit
1096 1165 1299 1208 germana
1313 1183 1324 1204 ‚
1347 1157 1572 1208 rogantem
1587 1182 1598 1204 ‚

350 1224 565 1283 Includit;
591 1226 820 1293 fassusque
839 1227 960 1276 nefas
975 1264 987 1286 ,
1012 1239 1056 1274 et
1075 1227 1311 1290 virginem,
1335 1239 1378 1275 et
1395 1245 1526 1276 unam

350 1307 408 1354 Vi
432 1320 633 1374 superat;
654 1308 815 1358 frustra
837 1308 1020 1358 clamato
1039 1327 1152 1376 saepe
1172 1320 1350 1376 parente
1366 1346 1378 1368 ,

348 1458 409 1490 per
429 1445 634 1493 hypallagen
657 1448 826 1493 explicant
844 1461 852 1483 :
869 1448 929 1483 sed
945 1449 1019 1484 sine

348 1511 448 1532 causa
462 1524 471 1541 ,
486 1498 612 1543 opinor
624 1525 633 1542 ,
652 1506 850 1545 utrumque.
861 1519 904 1527 ·-
914 1501 1019 1535 Navis

348 1552 516 1592 repellitur
527 1562 545 1583 a
562 1550 682 1584 tellure
697 1576 705 1593 ,
728 1551 788 1585 sed
805 1551 840 1584 id
859 1551 944 1585 dum
961 1552 1018 1594 fit,

348 1608 491 1646 propter
506 1602 673 1646 aequalem
696 1609 732 1636 et
753 1602 902 1637 celerem
923 1604 1021 1638 navis

348 1659 486 1687 motum
508 1660 599 1687 terra
614 1656 733 1697 repelli
745 1660 781 1688 et
803 1657 951 1691 recedere
968 1655 1021 1688 vi-

351 1705 454 1739 detur
471 1717 479 1739 2
497 1705 617 1739 conser
630 1705 705 1748 XI,
724 1705 799 1749 466.
816 1706 912 1740 Hinc
922 1709 1022 1740 tellus

348 1759 489 1800 repulsa.
511 1757 605 1792 Huic
619 1758 835 1792 simillimum
856 1766 908 1794 est
928 1759 1022 1794 alte-

349 1821 430 1842 rum
450 1834 460 1851 ,
489 1808 582 1853 quod
612 1809 840 1855 impugnatur
860 1837 868 1854 ,
893 1811 1023 1855 fretum

346 1863 537 1895 admovetur
558 1865 657 1895 remis
679 1875 743 1906 pro
756 1888 766 1905 ,
787 1862 876 1896 remi
893 1863 1023 1898 admo-

349 1919 476 1947 ventur
491 1913 590 1948 sreto.
605 1913 782 1948 Schirach.
798 1921 914 1959 putat,
933 1915 1024 1949 labo·

350 1977 403 1999 res
419 1965 594 2010 remigum
609 1965 664 1999 hie
676 1964 843 2009 describi,
862 1966 948 2000 dum
959 1967 1024 2000 in-

349 2023 441 2052 stant
452 2024 487 2051 et
497 2017 670 2062 repellunt
682 2030 795 2062 aquas.
805 2036 849 2044 ·-·
865 2020 1023 2054 Vicirnus.

349 2069 405 2106 De
422 2069 486 2104 hac
500 2082 583 2104 voce
599 2070 845 2105 exsultantium
859 2098 868 2115 ,
883 2071 963 2106 vide
980 2070 1024 2106 ad

349 2121 416 2163 IV,
434 2121 509 2156 356.

353 2177 356 2183 '
395 2173 467 2215 514.
485 2174 707 2218 Exsullalque
723 2177 854 2215 animo,
870 2181 933 2209 etc.
956 2173 1025 2208 Hie

350 2236 467 2258 versus
490 2232 666 2269 suspectus
689 2226 837 2260 Heinsio
854 2252 863 2269 ,
891 2226 1024 2260 effictus

350 2275 557 2309 Burmanno
581 2275 720 2309 videtur
735 2289 774 2310 ex
791 2277 863 2319 IV,
883 2277 949 2310 350
963 2303 972 2320 ,
990 2284 1025 2311 et

354 2327 401 2370 II,
414 2326 602 2361 863.-Hic
613 2340 731 2362 versus
740 2327 787 2362 ita
798 2327 922 2373 legitur
934 2328 1025 2373 apud

350 2385 486 2418 nostros
510 2378 658 2414 Codices
675 2380 802 2425 Regios
824 2393 832 2414 :
848 2382 1026 2415 Exsulta!-

351 2444 427 2475 que,
449 2436 484 2465 el
495 2434 555 2465 vix
569 2433 681 2467 animo
695 2444 758 2466 sua
762 2434 890 2476 gaudia
900 2431 1026 2476 dtsfi‘rl.

351 2484 586 2532 -Ρείονφιιεί,
595 2482 685 2528 Alii,
697 2485 893 2529 distorquet,
911 2486 1026 2529 deflec-

354 2537 397 2568 tit
410 2542 474 2569 etc.
498 2535 705 2571 Burmanno
729 2535 858 2570 arridet
874 2536 1025 2570 duorum

354 2585 464 2636 Μβὸ.
474 2586 575 2621 lectio
585 2613 593 2629 ,
604 2589 754 2622 declinat
765 2601 775 2622 :
789 2588 850 2623 sed
862 2585 1030 2633 detorquet

354 2638 443 2672 bene
468 2639 642 2674 delectum
654 2667 663 2683 ,
688 2641 767 2686 quia
782 2641 902 2676 lumen
919 2642 1026 2676 fixum

354 2696 429 2723 erat
451 2690 489 2723 in
510 2691 579 2725 illo.
601 2691 760 2737 Languet
783 2700 903 2727 contra
928 2696 1028 2728 decli..

354 2745 415 2775 nal
421 2768 429 2783 ,
443 2742 521 2787 quia
530 2743 629 2777 suror
638 2745 882 2789 exprimendus
892 2752 951 2780 est.
962 2746 1029 2780 Ed.

1692 1321 1756 1355 525

1129 1451 1148 1483 5
1155 1449 1203 1483 16.
1216 1449 1362 1483 Pedibus
1369 1449 1506 1482 obuncis
1516 1457 1528 1490 ‚⁸
1543 1446 1645 1492 vulgo
1655 1448 1759 1495 adum

1085 1502 1136 1534 cis
1161 1498 1222 1545 (et
1245 1500 1292 1534 ita
1308 1498 1453 1545 quidem
1479 1498 1582 1544 Regii
1596 1498 1706 1532 nostri
1718 1496 1757 1543 );

1085 1551 1145 1585 sed
1167 1551 1245 1586 vide
1270 1552 1521 1585 Burntannum
1536 1576 1546 1594 ,
1574 1549 1617 1584 ad
1634 1549 1758 1595 Virgi—

1085 1603 1171 1636 lium
1183 1628 1193 1645 ,
1211 1603 1353 1637 AEneid.
1366 1603 1438 1646 XI,
1452 1603 1669 1646 755.—·Jouis
1677 1603 1758 1636 ales.

1085 1653 1263 1697 Drakenb.
1284 1654 1326 1687 ad
1343 1653 1469 1688 Silium
1482 1679 1492 1697 ,
1520 1653 1592 1688 XII
1605 1678 1615 1696 ,
1641 1652 1701 1696 56,
1719 1665 1759 1686 ex

1085 1704 1217 1738 AEliani
1234 1705 1282 1739 H.
1298 1705 1340 1739 A.
1354 1704 1426 1747 IX,
1447 1716 1486 1738 ιο
1498 1729 1507 1747 ,
1525 1709 1647 1738 monet
1659 1729 1669 1748 ,
1685 1716 1758 1737 non

1086 1768 1231 1790 omnem
1247 1756 1398 1801 aquilam
1419 1755 1547 1790 dictam
1569 1767 1641 1790 esce
1663 1757 1761 1790 Jous's

1086 1811 1200 1843 alitem
1208 1834 1216 1849 ‚
1228 1808 1289 1842 sed
1300 1820 1378 1842 eam
1387 1806 1553 1842 duntaxat
1561 1833 1571 1850 ‚
1585 1819 1662 1852 quae
1670 1819 1760 1841 nun-

1073 1863 1194 1904 'quam
1211 1872 1313 1894 carne
1332 1866 1498 1894 vescatur.
1520 1858 1656 1894 Verum
1681 1858 1760 1893 talia

1088 1925 1162 1947 non
1186 1912 1342 1958 urgenda
1364 1912 1498 1947 suntin
1517 1919 1630 1958 poeta.
1650 1930 1695 1941 -·-
1719 1914 1760 1947 la

1087 1969 1183 2008 allo;
1209 1967 1332 2010 multi,
1359 1969 1403 2000 ab
1421 1969 1506 2007 alto,
1530 1965 1623 2011 quod
1639 1965 1682 2000 ud
1698 1978 1759 2000 se—

1089 2019 1230 2064 quentia
1257 2018 1484 2055 reserendum
1509 2017 1761 2063 soret.„Regius

1088 2071 1119 2105 B
1131 2097 1141 2114 ‚
1164 2073 1209 2105 ab
1225 2074 1307 2106 allo.

1133 2126 1206 2170 519.
1224 2120 1412 2167 Efficiam,
1440 2122 1655 2167 perfectum,
1671 2121 1760 2156 fini-

1087 2176 1328 2208 tum-Fessa·
1337 2173 1446 2219 poetis
1453 2195 1455 2197 -
1462 2172 1645 2218 finguntur
1656 2184 1761 2208 naves

1089 2232 1148 2259 aut
1160 2225 1294 2269 jactatae
1307 2250 1317 2267 ‚
1332 2231 1391 2258 aut
1399 2224 1543 2269 longum
1554 2224 1622 2259 iter
1637 2236 1761 2262 emen-

1088 2291 1144 2312 sae.
1169 2296 1214 2305 -
1235 2278 1376 2313 Stabula
1395 2280 1471 2312 alta
1487 2277 1593 2311 etiam
1618 2276 1761 2312 Latinus

1088 2329 1254 2372 habebat,
1272 2327 1412 2362 AEneid.
1430 2328 1482 2362 IX
1494 2354 1504 2372 ‚
1523 2328 1597 2364 388.
1608 2346 1652 2354 —
1663 2329 1763 2363 Silm‘s

1089 2384 1230 2416 obscura
1240 2383 1397 2421 vetustis,
1413 2379 1493 2413 ideo
1502 2380 1646 2415 obscura
1656 2406 1665 2424 ‚
1684 2381 1762 2426 quia

1089 2434 1171 2468 silva
1184 2459 1193 2477 ,
1213 2433 1250 2467 in
1275 2445 1342 2477 qua
1359 2431 1497 2466 arbores
1515 2432 1619 2467 nulla:
1642 2444 1735 2467 coesae
1753 2458 1761 2474 ‚

1089 2486 1196 2527 densa
1205 2492 1289 2520 erat.
1301 2484 1384 2520 AEn.
1397 2485 1451 2520 VI
1464 2510 1473 2529 ,
1490 2498 1567 2532 179:
1577 2487 1763 2519 Ilurinan-

1088 2540 1212 2581 tiquam
1222 2539 1342 2571 savam
1351 2563 1359 2577 ,
1378 2538 1513 2571 stabula
1522 2539 1597 2571 alla
1602 2537 1761 2583 ferarum.

1135 2589 1207 2630 524.
1229 2587 1358 2631 Nesus,
1387 2588 1555 2622 nefariam
1572 2587 1760 2623 libidinem.

1089 2659 1134 2667 —-
1143 2642 1192 2675 Et
1200 2644 1358 2684 virginem
1368 2667 1376 2682 ‚
1404 2645 1439 2674 et
1451 2653 1551 2675 unam
1569 2641 1762 2682 Visuperat.

1091 2692 1283 2726 Maximam
1305 2689 1457 2726 hominis
1481 2691 1675 2727 barbariem
1697 2701 1765 2723 os-

1092 2745 1203 2780 tendit
1218 2752 1319 2790 poeta
1330 2771 1340 2789 ,
1357 2745 1415 2789 qui
1433 2742 1633 2779 sustinuerit
1648 2742 1764 2788 virgi-
