1832 3100
257 298 342 326 212

631 280 683 323 P.
722 279 956 325 ov11311
987 250 1290 322 NAsoms

254 374 617 442 Suppliciumque
639 393 767 423 suum
793 385 887 422 est:
911 373 1107 440 quamvis
1131 384 1276 429 tamen
1301 373 1451 422 oderat
1471 373 1590 422 illam
1606 411 1616 430 ‚

252 455 439 506 Talibus
463 455 606 505 adfata
629 467 694 504 est
715 455 907 504 breviter
928 455 1134 503 Tritonia
1156 454 1285 503 dictis
1305 475 1315 502 :

256 562 278 582 «
307 538 437 587 Infice
459 538 559 587 tabe
583 550 659 586 tua
680 549 883 586 natarum
908 537 1118 603 Cecropis
1141 556 1301 594 unam3

256 645 278 665 »
307 622 379 671 Sic
401 641 513 688 opus
532 634 598 670 est
620 642 630 670 ε
651 620 872 684 Aglauros
891 639 939 668 ea
959 631 1038 668 est.
1061 642 1085 663 »
1108 619 1241 668 Haud
1258 618 1387 685 plura
1403 618 1573 678 locuta,
1596 634 1660 680 785

250 703 407 767 Fugit,
435 715 478 752 et
497 704 709 770 impressa
732 701 934 751 tellurem
958 700 1157 768 reppulit
1176 700 1312 749 hasta.

247 785 330 834 Illa
354 787 492 833 Deam
515 784 702 851 obliquo
724 783 966 846 fugientem
984 782 1149 831 lumine
1173 799 1355 830 cernens
1369 819 1382 839 ‚

249 868 481 915 Murmura
505 885 638 931 parva
660 864 780 913 dedit
801 885 811 923 ;
836 881 1228 929 successurumque
1247 863 1459 911 Minervae

249 949 475 1006 Indoluit3
499 948 796 1014 baculumque
819 948 960 1014 capit3

250 1078 291 1113 ad
318 1077 490 1113 Invidiam
514 1075 748 1110 tabescentem
772 1074 924 1108 transla-

248 1138 335 1165 tum.
353 1129 424 1164 Sed
445 1128 570 1163 eadem
595 1134 630 1162 et
654 1129 784 1170 carpit,
814 1133 925 1171 qu'um

247 1183 290 1217 de
314 1181 563 1217 existimatione
588 1179 735 1214 aliorum
763 1177 924 1212 detrahit.

248 1234 337 1269 Plin.
358 1234 374 1267 Ι
387 1260 396 1275 ,
415 1233 480 1277 Ep.
501 1242 549 1265 1x.

291 1286 363 1331 782.
374 1286 575 1329 Supplicium
585 1288 648 1316 etc.
658 1282 826 1316 Isocrates
834 1279 921 1314 Eva-

248 1349 339 1382 gorae
355 1363 364 1380 ‚
389 1349 463 1381 cap.
490 1349 508 1368 2
521 1361 531 1379 ,
558 1333 697 1368 invidiae
718 1332 784 1367 hoc
809 1343 921 1366 unum
942 1330 944 1332 ’

246 1390 355 1424 inesse
374 1389 420 1423 ait
439 1389 573 1422 bonum
589 1413 598 1430 ‚
626 1388 671 1421 ὅτι
689 1387 818 1431 μίγιςον
834 1387 922 1419 κακόν

245 1449 306 1480 τοῖς
328 1445 450 1485 ’ἔχουσίν
467 1442 542 1482 ε’ςιν.
558 1457 602 1464 --
614 1438 714 1472 Suum
729 1441 790 1471 esl.
805 1436 922 1470 Hein-

243 1493 312 1527 sius
330 1491 480 1526 malebat
499 1494 558 1525 sui
577 1494 639 1524 est.
662 1489 889 1523 Burmannus
910 1513 920 1531 ,

244 1545 273 1579 si
289 1542 373 1589 quid
388 1548 541 1577 mutaret
553 1566 562 1584 ‚
580 1539 699 1574 mallet
714 1542 786 1574 sibi
801 1543 862 1573 est.
878 1555 922 1565 --

247 1597 368 1630 Odium
381 1593 466 1628 illud
483 1605 563 1627 mox
579 1590 741 1638 praeclare
757 1597 921 1624 notatum

243 1654 277 1682 et
297 1646 465 1681 brevitate
489 1651 524 1678 et
541 1643 745 1678 confusione
771 1640 922 1686 quadam

243 1700 430 1734 verborum
443 1723 452 1741 ,
471 1709 539 1742 qua
556 1697 725 1739 Aglauros
747 1706 789 1727 ea
811 1698 866 1727 est
884 1692 922 1726 in

245 1751 355 1785 finem
367 1749 549 1794 rejectum.
562 1746 732 1790 Corrupit
745 1745 819 1780 haec
830 1743 921 1779 Rod.

243 1805 378 1837 Floesse
407 1801 467 1834 der
497 1799 668 1842 Aglauros
693 1824 702 1838 ,
746 1799 838 1831 einer
866 1798 926 1829 der

249 1854 410 1888 Toechler
418 1853 478 1885 des
492 1851 635 1893 Cecrops
646 1876 654 1889 ,
672 1850 748 1882 deire
768 1847 849 1891 Gis!
858 1850 922 1881 ein.

243 1923 286 1931 —
306 1906 458 1939 Tritonia
471 1900 557 1935 vela
570 1904 660 1951 τριτὼ
671 1925 680 1943 ,
694 1898 789 1944 quod
805 1898 923 1944 lingua

246 1957 396 1992 Cretum
418 1959 522 1999 capu!
538 1952 730 1998 significat;
762 1963 804 1985 eo
827 1950 922 1996 quod

245 2024 263 2044 e
281 2009 391 2054 capite
402 2008 501 2042 Jovis
517 2013 599 2041 nata
613 2005 676 2047 sit3
694 2004 748 2038 vel
765 2016 784 2038 a
798 2003 923 2049 palude

247 2062 395 2096 Tritone
420 2060 558 2106 Libyae,
591 2058 687 2102 juxta
712 2069 818 2100 quam
844 2063 925 2090 nata

245 2122 316 2158 est,
335 2114 394 2149 ubi
408 2115 563 2156 stagni...
575 2114 687 2155 quieta
708 2112 828 2145 Vultus
839 2111 928 2143 vidit

244 2180 335 2212 aqua
345 2193 353 2206 ‚
371 2168 550 2209 posuitque
563 2166 598 2196 in
612 2163 922 2206 margineplanlas,

243 2222 293 2253 Et
298 2231 335 2253 se
345 2220 469 2252 dilecta
484 2216 659 2249 Tritonida
670 2215 760 2247 dizit
766 2215 810 2246 ab
823 2214 924 2246 unda.

246 2271 375 2306 Lucan.
384 2269 441 2303 lib.
453 2268 506 2302 IX
517 2294 526 2311 ‚
540 2267 615 2301 352.
626 2268 691 2300 Ed.
705 2283 750 2291 —
759 2266 814 2299 De
826 2268 917 2305 tabe,

245 2326 461 2358 seu‘veneno
472 2346 481 2363 ,
500 2318 579 2353 vide
597 2318 638 2352 ad
652 2317 727 2360 ΙΙΙ,
748 2319 800 2364 49.
813 2335 857 2343 ·—-
868 2318 924 2351 Sic

245 2387 327 2419 opus
353 2377 425 2413 cst,
455 2378 495 2405 ut
518 2371 535 2406 I
550 2397 559 2414 ,
586 2383 659 2417 279.
688 2386 733 2394 —
757 2370 925 2413 Impressa

245 2430 364 2469 hasla,
383 2432 422 2459 ut
436 2424 508 2458 vim
526 2422 669 2457 adderet
685 2421 820 2466 corpori
834 2433 870 2454 se
885 2421 923 2454 in

248 2491 327 2512 aera
335 2477 471 2512 tollenti
481 2482 538 2519 ,ut
547 2474 612 2517 IV,
627 2485 690 2518 71⁰
700 2487 708 2514 ;
718 2472 810 2507 VIII
821 2499 830 2516 ,
843 2472 919 2507 366:

245 2533 393 2564 lellurcm
413 2530 573 2572 reppulit,
593 2525 673 2570 quia
689 2525 759 2569 ipsa
781 2524 924 2569 aufugit.

247 2581 363 2616 Poetis
385 2580 459 2613 loca
484 2579 630 2612 recedere
653 2583 712 2610 aut
734 2578 852 2619 repelli
869 2574 925 2608 di-

244 2639 375 2666 cuntur
396 2644 414 2665 a
432 2630 556 2675 quibus
575 2628 639 2674 ipsi
664 2628 808 2662 abimus.
831 2625 923 2660 Vide

249 2683 291 2718 ad
308 2683 383 2725 XI,
401 2682 474 2725 466.

290 2736 363 2781 788.
381 2736 553 2768 Murmura
562 2745 678 2776 parva.
697 2731 820 2765 Heius.
837 2743 924 2764 con-

246 2789 394 2833 jecturat
412 2787 583 2820 Murmura
600 2797 703 2818 muca
715 2810 722 2823 ‚
753 2782 806 2816 vel
832 2796 922 2816 rara.

985 947 1109 1014 quod
1133 947 1285 1013 spinea
1310 956 1454 993 totum

990 1075 1076 1117 Mox
1108 1072 1278 1107 Vivianus
1308 1085 1349 1107 ex
1379 1071 1447 1107 suis
1465 1097 1475 1115 ,
1507 1083 1666 1111 successu

989 1139 1138 1170 namque.
1152 1125 1205 1159 Ita
1218 1132 1253 1160 et
1266 1124 1398 1170 primus
1411 1123 1542 1159 Medic.
1558 1121 1594 1158 et
1609 1123 1666 1158 alii

988 1176 1152 1212 nonnulli
1181 1176 1329 1210 Heinsii.
1353 1175 1395 1210 Id
1425 1175 1558 1210 dictum
1582 1202 1592 1220 ,
1616 1182 1666 1210 ut

986 1229 1060 1263 VII
1073 1255 1082 1272 ,
1113 1229 1224 1262 doluit
1245 1239 1401 1262 successu
1413 1229 1511 1272 flava
1537 1231 1664 1272 virago.

988 1280 1147 1325 Quidam
1157 1293 1197 1314 ex
1211 1279 1504 1325 praestantioribus
1515 1305 1524 1322 ,
1535 1291 1664 1318 succes,-

985 1335 1078 1367 sibus
1091 1335 1191 1376 atque
1201 1337 1379 1376 autusque.
1397 1324 1501 1365 Prior
1513 1330 1664 1377 Regius,

985 1395 1160 1419 successus
1173 1379 1321 1428 namque.
1342 1381 1497 1416 Florent.
1515 1381 1551 1416 S.
1566 1382 1664 1416 Mar-

985 1435 1016 1471 ci
1029 1461 1038 1479 ,
1063 1447 1252 1469 successum
1268 1437 1389 1478 utique.
1406 1433 1572 1468 Heinsius
1587 1447 1664 1468 ma·-

985 1487 1024 1522 lit
1043 1500 1083 1521 ex
1099 1485 1346 1520 emendatione
1373 1484 1513 1519 viviani
1528 1498 1665 1520 succes—

985 1551 1159 1583 sorumque
1173 1551 1183 1572 .·
1198 1549 1355 1572 successa
1378 1537 1475 1571 enim
1491 1536 1611 1582 dixisse
1629 1545 1665 1572 et

988 1592 1062 1628 Cic.
1078 1592 1168 1627 XVI
1180 1618 1189 1635 ,
1208 1591 1251 1626 ad
1269 1591 1350 1626 Div.
1366 1605 1405 1626 21
1423 1606 1432 1634 ;
1451 1599 1486 1626 et
1497 1605 1664 1627 successo-

985 1657 1056 1678 rum
1069 1645 1217 1677 indoluil
1226 1642 1358 1677 dictum
1368 1668 1378 1686 ‚
1397 1649 1436 1676 ut
1449 1647 1589 1677 revereri
1597 1647 1666 1678 ali-

985 1696 1084 1741 cujus
1101 1702 1136 1729 et
1161 1694 1294 1728 similia.
1319 1712 1362 1720 —-
1387 1692 1476 1728 Cod.
1497 1694 1663 1740 Reg.,A,

985 1759 1160 1782 successus
1176 1751 1275 1791 alque
1290 1747 1469 1788 M'nervae;
1499 1744 1589 1780 Cod.
1608 1745 1638 1782 Β
1653 1773 1663 1790 ,

985 1798 1205 1832 successibus.
1243 1795 1406 1830 Emenda
1437 1808 1664 1830 successorum

986 1863 1049 1894 pro
1059 1860 1287 1883 successurum
1296 1874 1305 1888 ‚
1321 1846 1413 1892 quod
1425 1846 1453 1881 si
1463 1846 1546 1892 quid
1557 1847 1665 1893 signi—

986 1900 1078 1944 fieat,
1090 1906 1293 1934 contortum
1305 1906 1368 1942 est,
1379 1906 1414 1933 et
1425 1899 1572 1945 ellipsim
1582 1899 1664 1934 inu—

985 1954 1121 1988 sitatam
1144 1951 1303 1997 postulat.
1324 1952 1392 1985 Ed.
1412 1969 1456 1977 -—
1479 1947 1664 1987 Successu-

985 2016 1118 2048 rumque
1129 2003 1300 2037 stlincroae.
1310 2001 1465 2036 Indoluit
1475 2028 1485 2046 ,
1495 2015 1665 2039 successu-

987 2069 1069 2091 rum
1078 2056 1252 2091 Minervae
1262 2054 1447 2097 consilium
1455 2054 1500 2090 de
1510 2055 1663 2102 Aglauro

986 2107 1125 2142 invidiae
1135 2120 1274 2142 veneno
1284 2106 1481 2142 inficienda.
1488 2126 1534 2134 -
1542 2109 1664 2152 Spiuea

986 2162 1124 2194 virtcula
1134 2186 1142 2200 ‚
1161 2158 1268 2204 spinae
1281 2173 1289 2201 ;
1306 2171 1391 2193 nam
1405 2157 1573 2205 quidquid
1586 2173 1664 2195 rem

987 2211 1095 2245 ambit
1112 2236 1122 2253 ‚
1156 2210 1263 2255 cingit
1281 2236 1290 2253 ,
1319 2212 1487 2245 vinculum
1511 2210 1637 2245 dicitur
1651 2237 1662 2254 ‚

986 2263 1081 2298 unde
1097 2276 1171 2298 non
1187 2276 1268 2309 raro
1290 2263 1332 2298 de
1356 2263 1494 2298 coronis
1509 2263 1663 2309 ponitur.

987 2315 1046 2350 Sic
1058 2315 1154 2350 facile
1171 2328 1288 2350 carere
1303 2327 1484 2360 possumus
1496 2313 1663 2348 emenda-

986 2368 1138 2403 tionibus
1162 2368 1411 2412 Interpretum.
1438 2366 1546 2410 Spinoe
1566 2378 1661 2413 sym-

985 2419 1106 2454 bolum
1115 2419 1296 2461 cruciatus,
1309 2429 1414 2462 quem
1422 2423 1574 2452 creat.——
1586 2419 1661 2452 To—

985 2475 1054 2505 lum
1072 2483 1146 2504 non
1167 2477 1260 2504 caret
1278 2469 1334 2512 vi,
1359 2481 1474 2514 neque
1495 2467 1582 2504 adeo
1600 2475 1651 2503 ιε’

985 2534 1082 2556 mere
1090 2521 1355 2556 sollicitandum.
1368 2519 1547 2555 Caeterum
1556 2520 1661 2555 etiam

985 2575 1140 2607 baculum
1150 2573 1187 2606 in
1201 2585 1264 2606 usu
1275 2572 1340 2607 suit
1350 2599 1359 2616 ,
1372 2579 1412 2606 ut
1423 2572 1524 2606 docet
1537 2571 1660 2606 Heius.

986 2625 1029 2660 ad
1049 2626 1123 2671 687.
1140 2644 1184 2651 —-
1206 2627 1348 2660 Vincula
1370 2626 1535 2660 Heinsius
1555 2623 1659 2658 habet

985 2683 1194 2723 suspectum.
1231 2676 1414 2712 Secundus
1436 2675 1564 2710 Medic.
1594 2687 1658 2720 pro

985 2729 1119 2764 diversa
1134 2729 1210 2764 lect.
1229 2731 1373 2773 cingula.
1391 2728 1467 2773 Ipse
1486 2727 1576 2772 conj.
1591 2740 1657 2761 un-

981 2784 1062 2825 gula
1077 2784 1246 2824 cingebat,
1268 2788 1308 2815 ut
1325 2781 1411 2825 ipsas
1427 2779 1540 2824 spinas
1556 2781 1654 2812 vocet
