1832 3100
369 209 1090 256 METAMORPHOSEON
1128 213 1258 258 LIB.
1300 215 1372 258 ΙΙ.

1506 232 1581 276 191

170 326 193 349 >2
221 305 348 354 Hanc
370 303 513 368 legem
535 301 739 360 dederat,
764 321 844 351 sua
865 321 923 351 ne
943 316 1108 353 secreta
1131 305 1342 355 viderent.

169 407 194 429 »
219 383 387 435 Abdita
409 381 568 432 fronde
591 381 677 431 levi
701 381 835 430 densa
859 381 1120 450 speculabar
1139 383 1194 432 ab
1221 383 1342 433 ulmo
1359 423 1373 444 ‚

167 484 192 506 ‚2
221 460 347 526 Quid
367 459 560 510 facerent
578 479 589 508 e
610 459 845 509 commissa
866 460 962 510 duae
986 461 1080 510 sine
1109 460 1262 510 fraude
1286 474 1467 513 tuentur
1482 503 1494 523 ‚

166 561 192 582 >³
218 537 497 596 Pandrosos,
520 549 655 604 atque
677 538 846 597 Herse;
870 538 1048 588 timidas
1071 551 1201 588 vocat
1223 559 1314 589 una
1334 560 1511 592 sorores

167 638 192 660 »
217 615 465 680 Aglauros,
490 615 727 683 nodosque
749 635 884 665 manu
909 617 1101 676 diducit3
1127 630 1172 666 at
1195 618 1316 668 intus

1528 635 1593 670 560

169 715 193 737 »
218 694 527 761 Infamemque
550 693 725 752 vident,
751 693 1149 762 adporrectumque
1176 696 1424 749 draconem.

169 794 193 814 »
219 772 333 821 Acta
354 772 459 821 Deae
481 771 624 820 refero
645 792 656 819 :
677 790 760 838 pro
786 791 876 838 quo
898 772 1009 820 mihi
1035 773 1175 836 gratia
1198 774 1298 824 talis

169 871 193 893 »
219 849 464 909 Redditur,
487 861 539 898 ut
558 848 679 898 dicar
703 848 841 898 tutela
864 849 996 917 pulsa
1017 851 1230 901 Minervae
1250 873 1260 911 ;

168 948 193 970 >›
216 928 278 976 Et
295 947 439 995 ponar
460 939 567 995 post
589 926 737 976 noctis
760 947 884 977 avem
904 948 914 977 :
936 948 1033 978 mea
1055 949 1187 998 poena
1207 930 1409 981 volucres

166 1065 268 1097 versu
290 1060 405 1107 ejecto
425 1087 437 1105 ‚
461 1067 498 1097 et
524 1060 590 1097 bac
611 1060 764 1096 lectione
786 1073 853 1096 re-

167 1121 278 1161 cepta.
291 1132 336 1140 —
351 1115 482 1150 Noster
497 1114 587 1150 Cod.
599 1114 629 1149 B
643 1114 749 1149 babet
764 1128 853 1149 ver-

167 1179 246 1203 sum
261 1167 367 1203 istum
390 1167 592 1213 Serrandayn
607 1175 672 1202 etc.
689 1167 726 1201 in
749 1180 853 1201 mar—

168 1220 250 1266 gine
275 1218 472 1266 appositum
501 1219 568 1254 alia
595 1232 705 1255 manu
720 1232 729 1261 ;
756 1218 854 1254 deest

168 1272 206 1307 in
227 1270 360 1306 Codice
378 1271 423 1306 A.
439 1273 506 1306 Ed.

214 1326 290 1371 557.
302 1325 416 1360 Levi...
430 1327 529 1359 ulmo.
539 1325 626 1359 Levi
631 1330 769 1360 tantum
784 1338 852 1360 or-

169 1384 242 1412 nat.
269 1378 389 1412 Ulmus
399 1377 500 1423 cujus
516 1377 631 1413 densis
646 1378 736 1414 soliis
753 1379 851 1414 sacile

171 1429 242 1466 avis
258 1429 423 1465 abscondi
445 1436 594 1476 poterat.
617 1448 661 1457 ·--
683 1432 849 1475 Tueatur,

170 1481 322 1517 clausam
331 1489 471 1519 servant
481 1482 602 1517 cistam
613 1493 623 1526 ;
634 1482 850 1527 sincsraude,

168 1534 330 1571 fideliter.
354 1537 459 1580 Duae,·
475 1535 567 1582 apud
587 1536 738 1571 Pausan.
756 1549 827 1571 una
840 1563 849 1581 ,

169 1586 382 1623 Pandrosos.
530 1583 533 1585 ⁵

211 1640 288 1677 560.
314 1641 496 1686 Aglauros.
515 1640 572 1675 Ab
591 1640 753 1686 Apollod.
770 1642 827 1677 ΙΙΙ
840 1668 850 1685 ,

167 1701 233 1736 lv,
262 1706 283 1727 2
301 1718 312 1736 ,
338 1693 512 1737 Apaulos
536 1693 700 1728 scribitur
717 1719 728 1736 ,
756 1693 851 1739 quod

166 1743 286 1792 Heyn.
295 1744 424 1780 rectius
439 1743 572 1790 judicat
580 1770 590 1789 ,
606 1757 717 1791 quum
727 1753 853 1781 contra

165 1796 312 1833 Bal-nes.
337 1796 382 1832 ad
406 1796 528 1843 Eurip.
552 1797 630 1832 Ion.
647 1798 690 1833 23
704 1825 714 1843 ,
731 1799 853 1834 omnia

164 1848 222 1885 illa
231 1850 307 1886 loca
315 1876 326 1895 ,
339 1850 399 1886 ubi
413 1850 487 1886 haec
495 1851 666 1897 scriptura
677 1853 851 1897 occurrit,

165 1902 338 1939 mutanda
353 1910 504 1939 censeat.
519 1921 565 1930 ·—
581 1906 700 1951 Nodos
711 1906 851 1940 diducit.

167 1955 260 1991 Rod.
273 1956 393 2000 vertit,
404 1959 511 1991 Ioesei
518 1958 574 1990 die
582 1958 723 1992 Knoten.
734 1958 852 1993 Immo

167 2009 256 2042 nodi
273 2015 357 2044 sunt
382 2008 454 2055 ipsa
480 2008 613 2043 vimina
634 2015 747 2054 texta,
775 2023 853 2056 quae

167 2061 389 2102 deducuntur,
417 2059 560 2106 quando
576 2061 618 2096 ab
635 2061 676 2096 iis
687 2087 696 2105 ‚
715 2062 774 2107 qui
789 2062 854 2097 in·-

171 2113 361 2159 trospicere
368 2114 529 2159 cupiunt,
539 2113 783 2150 distrahuntur
791 2128 799 2150 :
807 2116 855 2152 sic

168 2169 255 2202 nodi
265 2167 333 2202 reti
353 2167 560 2203 tribuuntur
581 2168 706 2213 nexili,
730 2169 854 2216 Virgil.

169 2219 314 2255 AEneid.
325 2221 359 2255 V
371 2246 381 2264 ,
402 2222 478 2255 510.
491 2220 613 2267 Eurip.
623 2226 714 2258 λῦσαι
727 2228 852 2267 τεῦχος,

169 2272 308 2308 solvisse
338 2285 466 2308 arcam.
501 2273 572 2308 Alii
599 2275 744 2319 ἄνοι’-χειν.
779 2274 852 2310 Sed

168 2326 489 2372 Nosterspecialem
500 2328 685 2363 notionem
693 2329 852 2374 subjecit.

167 2379 373 2412 —De'duce't.
385 2378 547 2422 Veteres,
562 2381 712 2423 deduci&
728 2381 853 2417 Heius.

167 2429 387 2474 coniectat-at
399 2432 554 2466 seducit:
571 2431 631 2466 sed
650 2432 740 2467 bene
752 2435 853 2468 didu-

166 2484 224 2516 cit.
249 2500 294 2508 -
321 2481 442 2517 Nostri
467 2481 616 2519 Codices
641 2484 742 2530 Regii
767 2485 799 2520 A
816 2492 853 2521 et

167 2531 199 2567 Β
215 2531 347 2568 habent
362 2535 508 2569 deducit.
523 2553 567 2561 -
582 2536 713 2571 Plurali
739 2540 855 2572 viden!

167 2597 242 2619 non
251 2584 401 2620 debebat
409 2585 558 2633 Schepp.
568 2588 715 2631 offendi;
724 2588 852 2636 Aglau-

168 2651 226 2674 ros
239 2639 373 2675 etenim
388 2648 576 2678 arcesserat
584 2642 722 2679 sorores
733 2643 853 2679 diduc—

170 2689 213 2726 tis
224 2690 339 2727 nodis.

225 2743 299 2779 561.
331 2745 640 2791 Adponesstumqne
664 2748 853 2783 draconem.

1423 1028 1433 1042 δ

919 1063 1012 1098 Rod.
1035 1065 1099 1099 das
1121 1066 1218 1100 Kz'nd
1234 1067 1314 1100 halb
1330 1067 1493 1107 Memmi,
1521 1069 1602 1102 halb

917 1118 1067 1151 Dracbe.
1091 1117 1295 1152 Tradebant
1313 1131 1395 1152 sane
1413 1120 1576 1154 nonnulli
1591 1147 1600 1164 ,

918 1180 1001 1202 eum
1014 1167 1171 1203 habuisse
1181 1182 1282 1203 crura
1291 1170 1460 1216 anguina,
1475 1184 1603 1219 quern-

919 1220 1111 1256 admodum
1126 1235 1208 1256 eum
1224 1222 1279 1256 alii
1293 1235 1432 1257 merum
1447 1236 1602 1269 anguem

917 1274 1021 1310 fuisse
1032 1275 1288 1310 fabulabantur.
1303 1275 1437 1323 Hygin.
1448 1275 1511 1310 d.l.
1531 1276 1604 1311 Sed

918 1328 1014 1363 illam
1029 1328 1358 1375 interpretationem
1376 1342 1447 1364 non
1466 1329 1604 1364 admit—

918 1387 1000 1416 tunt
1013 1381 1135 1416 Ovidii
1150 1382 1266 1416 verba.
1283 1382 1316 1416 Is
1329 1380 1445 1427 potius
1455 1393 1605 1417 consen-

918 1432 960 1467 tit
977 1446 1058 1467 cuin
1076 1432 1240 1479 Apollod.
1257 1440 1292 1468 et
1313 1433 1485 1477 Fulgent;
1505 1446 1603 1478 quo-

917 1497 999 1519 rum
1023 1484 1079 1519 hic
1091 1511 1101 1528 ,
1128 1485 1283 1519 Minerva
1298 1498 1372 1519 eum
1390 1487 1609 1519 abscondidit

916 1541 953 1572 e‘n
978 1540 1119 1577 emam,
1159 1540 1303 1572 dracone
1332 1541 1512 1582 appos1'lo,·
1546 1538 1605 1573 ille

916 1591 1020 1637 plane
1033 1618 1042 1635 ,
1067 1598 1107 1626 ut
1124 1591 1255 1627 Noster
1268 1617 1277 1634 ‚
1302 1595 1420 1626 vident
1435 1598 1478 1627 τῶ
1501 1594 1605 1642 βρέφει

916 1646 1210 1695 παρεσπειρατμὲνον
1228 1645 1384 1694 ὴάκοντα.
1405 1643 1509 1690 Apud
1529 1644 1604 1684 Eu-

899 1736 906 1742 ,
919 1697 985 1743 rip.
1003 1698 1080 1732 Ion.
1099 1711 1139 1731 22
1152 1723 1162 1741 ‚
1178 1703 1214 1732 et
1234 1698 1331 1743 ¹4²7,
1348 1698 1378 1731 ei
1392 1697 1434 1731 ad
1449 1697 1605 1743 corporis

917 1750 1114 1786 custodiam
1143 1749 1214 1784 duo
1239 1750 1409 1787 dracones
1435 1750 1604 1794 adjuncti.

919 1803 977 1839 Sic
992 1810 1026 1839 et
1045 1803 1135 1849 apud
1152 1803 1321 1849 Antigon.
1338 1805 1456 1838 Draco
1469 1803 1525 1838 ille
1539 1804 1602 1839 sub
1620 1803 1622 1806 ⁴

918 1856 1141 1891 Erichthonii
1158 1856 1304 1890 nomine
1330 1856 1367 1890 in
1383 1855 1505 1890 statuis
1522 1856 1604 1890 Mi-

917 1921 1035 1944 nervae
1047 1909 1268 1942 cernebatur.
1282 1908 1431 1942 Pausan.
1448 1908 1464 1942 I
1478 1935 1487 1952 ,
1505 1922 1538 1954 p.
1550 1909 1605 1944 58.

918 1961 1016 1994 Hinc
1041 1972 1118 2004 pars
1143 1958 1266 1993 sabulae
1292 1966 1379 1993 orta.
1409 1965 1454 1986 ‘—
1478 1960 1602 2005 Quam

917 2025 1058 2059 poenam
1076 2012 1281 2047 temeritatis
1298 2025 1403 2058 passae
1419 2013 1489 2049 sint
1508 2014 1578 2049 istae
1592 2040 1602 2057 ,

917 2065 975 2100 hic
999 2078 1073 2100 non
1102 2065 1252 2100 additur.
1297 2066 1435 2112 Nempe
1466 2067 1603 2102 insania

917 2125 1087 2164 correptae
1103 2131 1122 2152 e
1140 2125 1318 2163 praerupto
1334 2118 1411 2154 loco
1426 2132 1461 2154 se
1478 2113 1616 2165 praeci·>

918 2171 1086 2217 pitarunt.
1105 2170 1228 2217 Eurip.
1246 2171 1396 2206 Pausan.
1414 2172 1578 2218 Apollod.

964 2222 1143 2257 562.Acta
1152 2224 1236 2257 Deae
1245 2223 1360 2268 rcfi’ro.
1374 2223 1480 2258 Gesta
1495 2237 1514 2259 a
1532 2223 1602 2258 Ce-

917 2274 1030 2321 cropis
1045 2274 1180 2310 filiabus
1197 2275 1371 2311 Minervae
1385 2276 1521 2311 nuntio.
1532 2278 1601 2311 Ed.

960 2327 1036 2362 563.
1052 2328 1101 2361 Ul
1109 2329 1215 2363 dicar.
1231 2327 1422 2363 Cornicem
1433 2355 1442 2372 ,
1461 2329 1506 2362 ob
1521 2341 1606 2374 gar-·

915 2378 1108 2422 rulitatem,
1122 2387 1300 2414 aversatur
1308 2380 1504 2426 prudentiae
1513 2380 1602 2415 Dea.

917 2431 960 2467 In
980 2431 1118 2476 templis
1141 2439 1175 2466 et
1198 2432 1282 2467 lucis
1304 2433 1477 2468 Minervae
1496 2446 1576 2467 raro
1589 2459 1599 2477 ‚

917 2483 1068 2520 Athenis
1079 2485 1227 2519 omnino
1239 2497 1313 2519 non
1327 2484 1525 2530 adspicitur.
1532 2487 1599 2520 Ed.

915 2555 959 2563 -
984 2536 1189 2572 Animantia
1213 2544 1249 2572 et
1275 2537 1415 2572 arbores
1436 2537 1513 2572 Diis
1536 2551 1599 2573 sa·-

916 2601 983 2624 crae
1003 2588 1170 2623 dicuntur
1188 2589 1225 2623 in
1245 2601 1368 2624 eorum
1388 2592 1495 2624 tulela
1514 2603 1598 2624 esse.

916 2640 1056 2676 Pbaedr.
1083 2641 1137 2675 111
1151 2667 1161 2684 ‚
1188 2651 1278 2676 xvn.
1305 2659 1350 2668 ·—
1365 2643 1481 2677 Ponat
1496 2647 1597 2687 post,

915 2694 1032 2729 locum
1048 2707 1168 2729 meum
1186 2694 1309 2731 cedere
1326 2704 1444 2732 coacta
1459 2697 1535 2732 sim.
1552 2715 1599 2722 -·

923 2749 1200 2791 Volucres,etiam
1207 2749 1531 2793 homines,monere
1540 2763 1599 2795 po-
