1832 3100
218 225 220 227 ν
269 209 320 251 ,ὃ
781 210 1165 270 PRAEFArio

259 300 408 359 Adde,
436 319 533 368 quae
559 302 607 349 in
627 301 926 352 Deucalioneo
959 303 1128 352 diluvio
1154 304 1208 352 de
1234 305 1356 353 Noto
1379 305 1605 365 evolante,
1629 306 1684 354 de

269 389 482 455 Neptuno
507 408 655 438 amnes
677 402 946 440 convocante
961 428 972 450 ,
998 391 1051 439 de
1071 391 1254 440 Tritone
1271 392 1445 455 signum
1468 392 1677 441 fluctibus

260 476 415 536 dante,
444 477 496 526 de
513 477 799 526 Deucalionis
821 477 1031 544 querelis,
1057 479 1112 527 ab
1130 498 1183 527 eo
1203 479 1380 528 inventa
1403 491 1520 528 sunt.
1547 480 1682 548 Spre-

258 577 378 615 verat
410 565 556 615 Niobe
579 567 794 614 Latonam
817 586 907 633 prae
931 586 977 616 se
993 604 1005 624 ‚
1040 586 1120 616 nec
1144 568 1238 634 pati
1268 567 1468 618 voluerat
1496 587 1617 618 sacra
1637 571 1679 618 ei

254 652 374 718 fieri„
386 652 628 716 Quomodo
649 653 735 701 hoc
753 654 953 702 tractavit
968 656 1128 721 poeta?
1143 657 1313 722 Nempe
1327 667 1468 707 vatem
1485 656 1678 722 primum

255 741 426 790 inducit
439 744 623 790 Latonae
638 761 758 791 sacra
772 742 1036 792 indicentem
1049 782 1060 803 ‚
1082 756 1176 792 tum
1191 745 1369 793 Nioben
1383 744 1431 792 in
1446 743 1678 811 publicum

255 850 354 879 cum
370 830 488 879 fastu
503 830 799 897 prodeuntem
812 867 823 888 ‚
847 843 981 897 atque
997 831 1195 880 oratione
1210 832 1496 897 audacissima
1515 851 1560 882 se
1574 833 1678 882 Deae

252 918 568 984 praeferentem.
612 919 674 965 Et
708 917 816 984 quid
851 918 904 966 de
933 919 1086 985 Ceycis
1111 931 1242 985 atque
1268 919 1517 986 Halcyones
1540 920 1676 969 rebus

253 1006 427 1055 dicam?
460 1008 515 1054 In
546 1006 601 1054 iis
641 1006 914 1072 tempestatis
933 1043 945 1064 ,
987 1007 1093 1054 artis
1129 1007 1315 1054 nauticae
1332 1043 1344 1065 ,
1371 1007 1526 1055 Somni
1549 1008 1676 1056 Mor-

249 1095 443 1161 pheiquc
459 1094 775 1160 descriptiones
786 1132 797 1153 ‚
815 1107 911 1142 tum
929 1094 1179 1142 adfectuum
1192 1095 1442 1143 notationes
1458 1106 1675 1144 testantur

248 1183 498 1231 faecundum
520 1182 657 1231 fuisse
688 1182 840 1231 Ovidii
871 1182 918 1230 in
953 1175 1216 1231 inveniendo
1245 1183 1484 1246 ingenium.
1532 1184 1671 1241 Mitto

247 1270 377 1336 plura
400 1269 584 1329 addere3
609 1289 711 1318 nam
734 1270 936 1336 plurimae
959 1269 1120 1318 fabulae
1138 1270 1226 1317 huc
1253 1269 1455 1318 advocari
1472 1283 1668 1336 possent.

246 1357 407 1406 Monui
427 1358 605 1424 quidem
622 1376 756 1423 supra
770 1394 781 1415 ‚
807 1357 973 1405 nescire
991 1376 1075 1405 nos
1088 1394 1099 1415 ‚
1127 1357 1255 1423 quid,
1275 1369 1320 1405 et
1335 1369 1550 1424 quantum
1566 1358 1607 1407 ei
1624 1358 1669 1407 in

246 1436 409 1494 fabulis
434 1445 684 1495 excolendis
719 1445 859 1493 Graeci
883 1456 1026 1511 poetae
1047 1444 1418 1503 ministraverint3
1446 1446 1522 1494 sed
1546 1446 1669 1509 inge-

247 1534 370 1582 nium
405 1533 662 1600 praeclarum
680 1570 692 1591 ‚
719 1532 847 1599 quale
883 1533 932 1580 in
968 1533 1174 1580 omnibus
1210 1532 1361 1581 Ovidii
1399 1532 1668 1582 carminibus

246 1623 407 1681 elucet,
434 1623 668 1689 impetrare
694 1642 719 1670 a
743 1641 788 1670 se
812 1641 906 1669 non
928 1633 1100 1688 potest,
1123 1632 1197 1679 ut,
1224 1620 1371 1669 missis
1396 1621 1487 1670 suis
1508 1621 1664 1679 boniS‚

245 1724 454 1779 tanquam
476 1712 591 1760 fidus
615 1712 854 1777 interpres,
881 1710 992 1759 alios
1017 1730 1188 1776 semper
1211 1710 1520 1776 subsequatur.

310 1802 414 1848 Non
433 1819 604 1848 summo
624 1799 781 1846 virium
799 1798 900 1847 nisu
920 1817 1033 1864 opus
1051 1797 1181 1846 Suum
1195 1798 1393 1857 excudit,
1414 1798 1491 1846 sed
1510 1817 1533 1846 e
1549 1797 1666 1846 felici

245 1887 321 1935 illa
338 1887 505 1950 ingenii
527 1906 636 1935 vena
657 1885 852 1952 peperit,
878 1904 974 1950 quae
993 1897 1106 1933 tacta
1124 1885 1272 1951 statim
1289 1884 1521 1951 profundit
1535 1884 1665 1951 quid-

247 1975 355 2040 quid
372 1975 426 2022 ad
446 1994 536 2023 rem
555 1974 768 2040 pertinet,
790 1973 879 2021 sive
897 1971 1043 2020 soluta
1058 1971 1255 2021 oratione
1274 1972 1412 2020 utaris
1425 2008 1437 2030 ‚
1464 1972 1552 2020 sive
1570 1990 1663 2020 me-

246 2063 326 2110 tris
350 2062 596 2110 constricta.
625 2062 769 2109 Datur
790 2061 907 2109 enim
929 2060 1016 2108 hoc
1039 2059 1227 2122 ingeniis
1251 2059 1516 2125 quibusdam
1539 2079 1564 2108 a
1583 2079 1660 2108 na-

248 2163 345 2198 tura
357 2188 369 2208 ‚
389 2161 462 2207 ut,
481 2149 562 2197 ubi
581 2148 815 2196 scribendo
831 2148 1109 2196 incaluerunt
1122 2185 1136 2206 ,
1161 2144 1281 2195 illico
1299 2166 1450 2196 omnes
1464 2148 1528 2196 rei
1547 2159 1660 2196 trac-

246 2237 388 2285 tandae
403 2248 562 2303 partes,
572 2255 720 2284 earum
732 2254 893 2284 nexum
908 2234 1229 2301 verborumque
1240 2234 1467 2284 involucra
1476 2236 1658 2284 maxime

243 2325 404 2373 idonea
428 2323 664 2371 clarissime
688 2321 970 2389 perspiciant.
1007 2322 1124 2369 Hinc
1149 2321 1223 2370 illa
1228 2322 1438 2388 facilitas,
1464 2340 1560 2387 quae
1576 2321 1659 2369 mi-

245 2412 363 2460 rifice
400 2412 564 2478 scripta
596 2409 894 2468 commendat,
921 2408 1084 2475 quibus
1117 2409 1352 2457 oblectatio
1377 2408 1659 2474 potissimum

248 2501 457 2566 quaeritur
477 2520 487 2548 :
510 2499 704 2556 eamdem
723 2510 767 2546 et
790 2517 869 2564 per
887 2509 1030 2545 totum
1053 2496 1320 2545 Ovidianum
1339 2516 1453 2563 opus
1473 2495 1656 2545 effusam

246 2588 465 2645 videmus;
490 2587 537 2634 in
561 2586 734 2634 nullum
759 2586 872 2635 enim
896 2583 1129 2632 incidimus
1155 2583 1326 2641 locum,
1355 2583 1430 2649 qui
1453 2582 1623 2631 vultum
1640 2620 1652 2640 ,

245 2688 297 2724 ut
312 2675 373 2723 ita
388 2674 527 2724 dicam
543 2711 555 2732 ,
578 2674 757 2722 nitentis
780 2673 964 2732 habeat;
988 2671 1065 2720 sed
1087 2671 1233 2719 omnia
1254 2682 1457 2736 apparet,
1481 2681 1652 2718 senten—
