1832 3100
289 210 381 256 DE
417 208 649 254 OPERE
689 206 1419 253 METAMORPHOSEON.
1518 210 1569 254 31

136 305 275 363 bene,
299 303 393 362 Vl,
418 301 508 364 48,
532 300 751 350 Arachnae
773 301 936 360 rubor,
957 301 1151 350 vicissim
1179 321 1397 368 apparens
1421 315 1465 352 et
1484 322 1583 352 eva·-

138 406 348 447 nescens,
373 406 476 436 cum
499 405 596 436 aere
621 385 707 435 sub
733 386 920 435 Aurorae
945 397 1095 434 ortum
1118 404 1362 453 purpureo.
1393 416 1445 424 —
1481 388 1548 436 IX
1567 425 1579 446 ,

144 489 257 540 170,
283 469 493 520 Herculis
513 489 650 519 cruor
667 469 827 529 stridit,
847 488 919 518 ceu
939 469 1094 518 lamina
1112 469 1289 518 candens
1303 470 1457 519 Tincta
1474 471 1580 519 lacu.

135 558 346 615 Temere,
369 557 452 616 IV,
479 553 664 621 362-67
678 592 691 613 ,
718 553 1035 604 similitudines
1059 553 1301 604 cumulavit
1323 567 1367 604 et
1392 555 1485 604 sine
1506 555 1585 604 de-

136 641 256 692 lectu
279 641 451 709 posuit.
487 639 614 690 Idem
641 639 933 706 judicandum
956 651 1025 688 est
1059 639 1114 688 de
1135 640 1340 688 sententiis
1369 640 1550 689 incertis
1570 679 1582 699 ‚

139 744 328 794 quarum
343 724 438 775 aliae
449 723 650 792 placent,
671 724 767 773 aliae
783 723 1090 792 improbandae
1111 736 1230 773 sunt.
1252 725 1384 783 Vere,
1394 726 1455 783 II,
1472 725 1582 791 447,

137 821 315 868 monet,
339 809 465 867 IIeu,
490 827 612 876 quam
634 808 804 877 difficile
825 818 888 857 est
902 847 915 866 ,
943 809 1093 857 crimen
1124 825 1205 857 non
1227 807 1405 874 prodere
1426 808 1548 856 vulta
1565 813 1586 855 Ι

137 894 254 943 Vere
277 892 432 952 etiam,
456 893 536 952 IV,
563 891 628 954 64
648 912 659 941 :
687 892 787 959 Quo
807 892 938 959 magas
956 893 1116 959 tegitur,
1140 901 1267 940 tectus
1283 892 1414 958 magis
1436 902 1587 941 (estuat

137 980 267 1047 lignes,
289 997 450 1046 nempe
466 979 644 1027 amoris.
666 978 791 1046 Saepe
807 978 951 1045 repeti
969 977 1171 1026 videmus
1184 1015 1196 1035 ,
1216 987 1269 1026 ut
1286 977 1586 1035 verissimum,

139 1082 194 1113 ex
229 1064 321 1113 VII
336 1100 349 1122 ,
382 1080 441 1111 21
478 1082 490 1112 ε
518 1062 660 1112 Video
697 1063 866 1111 meliora
900 1062 1111 1130 proboque
1125 1081 1144 1118 ;
1173 1062 1399 1112 Deteriora
1429 1081 1585 1130 sequor.

144 1147 312 1198 Graecis
352 1146 514 1206 debet,
548 1165 667 1213 quae,
693 1148 763 1195 III
781 1185 793 1205 ,
832 1145 921 1194 135
939 1185 951 1206 ,
983 1146 1040 1195 ad
1071 1146 1291 1195 Cadmum
1322 1146 1554 1196 transtulit
1575 1187 1586 1205 ,

142 1231 313 1281 scilicet
328 1269 341 1291 ,
368 1231 517 1280 ultima
549 1249 709 1298 semper
740 1230 1045 1298 Exspectanda
1082 1230 1170 1279 dies
1204 1229 1364 1279 homini
1377 1268 1390 1295 ,
1435 1230 1592 1299 dictique

142 1316 285 1366 beatus
303 1316 426 1366 Ante
445 1315 599 1364 obitum
619 1334 735 1364 nemo
755 1332 1024 1382 supremaque
1027 1314 1188 1381 funera
1205 1313 1335 1362 debet.

208 1399 541 1451 Anachmm'smi
557 1418 604 1449 se
623 1418 738 1467 saepe
755 1417 884 1448 reum
899 1398 1004 1447 fecit
1025 1417 1035 1446 :
1056 1399 1100 1456 I,
1122 1397 1232 1457 218,
1252 1398 1449 1447 Arcades
1471 1418 1592 1447 com-

143 1495 468 1542 memorantur,
504 1483 583 1551 qui
605 1484 748 1533 serius
775 1483 832 1532 ab
859 1482 1033 1532 Arcade
1057 1500 1223 1532 nomen
1253 1483 1497 1543 invenere3
1537 1484 1589 1541 I,

144 1565 255 1634 373,
274 1566 329 1616 de
345 1567 620 1617 ornamentis
639 1566 911 1635 templorum
927 1565 1217 1616 Deucalionis
1231 1578 1356 1616 aetate
1376 1566 1591 1634 loquitur,

143 1663 197 1701 ut
208 1651 264 1701 de
277 1671 362 1701 suo
375 1664 589 1720 tempore.
606 1653 760 1702 Serius
771 1652 904 1701 etiam
928 1651 1212 1711 acciderunt,
1240 1670 1338 1720 quae
1358 1653 1451 1711 ΙΙΙ,
1475 1652 1592 1719 559,

145 1735 200 1786 de
218 1738 390 1787 Acrisio
408 1749 641 1787 memorat.
665 1738 769 1787 Jam
792 1737 1040 1787 Pandionis
1066 1749 1266 1805 tempore
1295 1737 1567 1787 Corinthum
1581 1775 1592 1794 ‚

144 1823 210 1871 VI
228 1860 241 1882 ,
272 1821 369 1885 416
388 1861 401 1882 ,
436 1823 609 1872 nobilem
638 1841 721 1874 αἵτε
748 1834 900 1882 vocat,
930 1835 1062 1890 atque
1086 1842 1198 1872 vers.
1242 1822 1336 1885 423
1355 1861 1367 1882 ,
1399 1824 1592 1873 Athenis

144 1918 246 1957 ante
265 1906 439 1957 Thesea
462 1926 599 1956 muros
616 1907 799 1966 tribuit;
822 1907 1067 1974 eodemque
1090 1919 1292 1975 tempore
1314 1919 1358 1956 et
1381 1909 1589 1958 convivas

145 1991 451 2049 discumbentes,
479 1991 608 2048 VIII,
633 1989 742 2050 565,
763 1991 868 2049 XII,
901 1989 1005 2050 155,
1028 1990 1171 2057 fingit.
1192 1990 1425 2040 Interdum
1445 2004 1592 2041 tamen

150 2073 408 2138 diligentius
422 2075 603 2134 scribit,
620 2087 694 2133 ut,
713 2076 783 2133 11,
807 2091 924 2142 219,
944 2073 1124 2123 nondum
1147 2073 1366 2141 OEagn'us
1388 2074 1595 2131 litemus,-

150 2158 240 2217 VI,
266 2157 382 2220 415,
403 2159 606 2209 Nondum
629 2168 755 2207 torvoe
779 2157 969 2230 Calydon
987 2159 1115 2209 invisa
1130 2159 1317 2217 Dianoe,·
1335 2179 1447 2208 vers.
1471 2159 1566 2222 418
1582 2198 1592 2210 .

150 2242 301 2311 Neque
322 2241 459 2292 adhuc
477 2242 664 2292 Pittheia
684 2241 732 2293 T
730 2262 876 2293 roezen.
911 2243 1246 2312 Mythologiam
1270 2257 1315 2294 et
1335 2265 1482 2294 rerum
1514 2266 1596 2294 na-

151 2337 296 2376 turam
317 2347 645 2396 nonnunquam
663 2325 911 2378 confundit.
928 2329 1122 2379 Triones
1135 2368 1147 2390 ,
1172 2329 1454 2379 Phaethonte
1476 2330 1595 2378 Solis

154 2428 335 2460 currum
357 2409 538 2476 agente,
561 2424 759 2472 tentant,
783 2414 849 2470 ΙΙ,
883 2430 993 2480 172,
1008 2414 1135 2462 vetito
1156 2432 1317 2482 oequore
1333 2413 1502 2477 tingui,
1526 2427 1594 2469 et,

154 2512 266 2543 vers.
295 2494 416 2554 530,
439 2496 617 2546 demum
640 2498 763 2546 Juno
788 2497 875 2546 hoc
898 2486 1158 2564 impetrasse
1183 2497 1371 2561 legitur,
1400 2509 1453 2546 ut
1475 2510 1597 2547 veta—

162 2591 321 2628 rentur
343 2579 505 2642 tingui.
544 2581 673 2629 Vers.
700 2580 818 2640 253,
843 2582 970 2648 cycni
994 2580 1218 2630 calescunt
1240 2581 1287 2628 in
1315 2581 1527 2648 Caystro,
1554 2595 1598 2630 et

90 2704 93 2707 .
155 2664 291 2732 paulo
310 2664 472 2723 serius,
499 2683 610 2714 vers.
627 2664 736 2731 377,
762 2666 940 2733 Cycnus
962 2686 1038 2715 rex
1057 2666 1109 2715 fit
1130 2686 1234 2716 nova
1252 2667 1343 2715 avis
1358 2667 1493 2733 hujus
1511 2673 1597 2716 n'o-

156 2748 304 2797 minis.
332 2750 491 2798 Peccat
511 2748 704 2799 Ovidius
723 2749 949 2799 interdum
971 2761 1016 2799 et
1037 2750 1085 2798 in
1106 2750 1327 2816 physicis,
1360 2763 1412 2799 ut
1433 2771 1569 2817 quum
1584 2791 1594 2809 ,
