1832 3100
279 202 368 246 DE
409 200 633 246 OPERE
669 195 1397 242 METAMORPHOSEON.
1515 196 1564 238 15

129 293 395 364 Polyphemi
409 294 539 352 XIII,
555 291 649 359 789
665 310 781 358 sqq.,
796 289 1091 339 Theocritum
1104 300 1204 337 ante
1218 287 1374 337 oculos
1390 287 1566 337 habuit.

127 381 357 434 Nonnulla
372 382 531 432 sumsit
543 381 600 430 ab
613 379 831 447 Euripide
847 399 858 428 :
875 397 1020 446 neque
1041 390 1188 427 tamen
1206 377 1457 443 putandum
1476 388 1565 435 est,

129 490 284 541 presso
309 491 412 522 eum
436 470 551 539 pede
576 481 780 519 auctores
805 467 910 516 illos
932 479 1134 525 secutum
1161 485 1256 516 esse
1274 504 1285 525 ,
1313 466 1391 515 sed
1413 467 1475 515 ita
1493 485 1570 516 eos

128 561 324 629 respexit
337 598 350 620 ,
384 571 436 609 ut
457 558 606 608 solent.
639 557 850 626 praeclara
884 557 1063 621 ingenia
1101 555 1291 605 aliorum
1323 555 1501 604 inventa
1523 557 1572 604 in

131 670 264 719 suum
285 669 419 700 usum
443 660 711 698 convertere.
733 650 787 696 In
804 645 1077 714 Tisiphones
1094 645 1254 694 habitu
1280 643 1571 693 describendo

131 741 212 800 IV,
228 738 345 802 480,
361 737 633 788 concertavit
645 756 746 814 cum
764 734 970 798 Virgilio,
990 753 1179 802 eumque
1197 733 1306 783 adeo
1324 734 1573 800 superavit:

132 840 177 878 et
200 848 299 897 quae
321 828 396 879 ille
423 829 476 878 de
496 828 664 878 lumine
690 846 772 895 per
804 838 966 875 terram
996 824 1145 874 fissam
1177 824 1226 872 in
1253 836 1415 873 tartara
1436 843 1577 891 pene-

133 929 278 967 trante
309 918 460 967 obiter
487 929 684 976 tantum,
718 914 1065 983 comparationis
1088 932 1221 963 causa
1241 951 1253 971 ,
1286 913 1458 961 dixerat
1477 951 1489 972 ,
1527 932 1578 962 ea

133 1009 300 1057 Noster
314 1009 372 1068 V,
396 1006 491 1056 356
507 1027 606 1076 sqq.
617 1045 628 1067 ‚
647 993 793 1056 multo
809 1004 970 1054 melius
989 1023 1090 1052 cum
1105 1004 1304 1052 Homero
1316 1040 1327 1061 ,
1349 1002 1427 1069 qui
1446 1003 1577 1051 etiam

132 1096 328 1162 Virgilio
361 1097 619 1165 praeiverat,
647 1095 866 1145 adhibuit.
892 1095 1141 1161 Superatur
1165 1092 1345 1159 quidem
1369 1093 1485 1150 XII,
1524 1109 1579 1138 12

135 1204 234 1254 sqq.
246 1223 259 1246 ,
280 1186 329 1234 in
346 1185 501 1235 fabula
516 1185 570 1235 de
588 1185 777 1233 dracone
797 1183 845 1231 in
863 1171 1058 1250 lapidem
1075 1193 1247 1230 mutato
1269 1182 1325 1231 ab
1347 1183 1548 1230 Homero
1564 1200 1575 1239 ;

137 1274 216 1324 sed
246 1276 385 1333 VIII,
414 1273 508 1342 738
526 1311 538 1333 ‚
564 1274 613 1322 in
633 1272 952 1322 Erisichthone
984 1271 1188 1320 notando
1213 1270 1419 1338 superior
1445 1269 1582 1319 Calli-

136 1362 320 1422 macho,
346 1375 463 1413 certe
480 1382 575 1411 non
595 1362 809 1420 deterior,
833 1355 1067 1428 reperitur.
1090 1359 1289 1408 Laudem
1307 1358 1446 1422 igitur
1467 1370 1511 1407 et
1532 1358 1580 1406 in

139 1452 236 1503 aliis
257 1452 463 1501 irne'tandis
491 1463 686 1501 meretur
712 1471 722 1500 ε
748 1469 895 1518 neque
919 1469 1024 1499 vero
1049 1448 1285 1498 inventionis
1312 1446 1456 1511 gloria
1475 1467 1589 1496 eum

138 1542 341 1592 fraudare
365 1542 504 1592 decet.
530 1541 710 1591 Etenim
734 1559 833 1608 quae
857 1539 913 1588 ad
931 1538 1120 1588 aliorum
1138 1537 1435 1586 imitationem
1457 1556 1578 1586 com-

138 1633 314 1699 posuit,
337 1651 388 1681 ea
408 1632 636 1681 minimam
663 1628 927 1697 amplissimi
952 1627 1101 1695 operis
1131 1627 1267 1693 hujus
1288 1637 1460 1693 partem
1487 1624 1582 1674 effi-

140 1720 266 1770 ciunt
278 1759 291 1780 ,
317 1740 456 1788 quum
472 1721 705 1769 innumera
718 1718 817 1767 loca
829 1717 962 1767 variis
979 1716 1223 1765 virtutibus
1243 1716 1401 1765 eximia
1415 1753 1427 1774 ,
1447 1716 1581 1764 innu-

139 1828 260 1859 mera
282 1809 515 1874 figmenta,
540 1809 744 1878 plurimae
766 1806 1155 1875 amplificationeS,
1185 1804 1442 1853 notationes
1456 1842 1468 1863 ,
1484 1804 1579 1853 *de-

141 1899 422 1967 scriptiones,
434 1898 766 1966 dispositiones,
779 1895 1110 1954 similitudines,
1130 1894 1303 1960 aliaque
1321 1905 1580 1942 ornamenta

142 1989 233 2038 sint
247 2028 259 2051 ,
281 1990 405 2058 quod
425 1991 616 2039 sciamus
635 2027 647 2048 ,
672 1989 816 2056 ipsius
841 1986 1008 2035 Ovidii.
1050 1986 1195 2033 Famae
1218 1983 1579 2051 prosopopoeiam

143 2098 424 2128 communem
443 2078 623 2146 quidem
637 2097 742 2126 cum
751 2074 945 2139 Virgilio
963 2074 1123 2132 haben
1148 2073 1225 2123 sed
1244 2073 1288 2121 in
1307 2093 1356 2122 ea
1373 2073 1580 2137 fingenda

145 2186 275 2216 suum
299 2167 530 2230 ingenium
553 2176 732 2214 secutus
749 2175 817 2212 est
834 2201 845 2223 ,
865 2161 990 2230 quod
1008 2173 1053 2211 et
1072 2162 1120 2210 in
1136 2161 1283 2210 Famis
1299 2199 1310 2221 ,
1334 2161 1517 2210 Invidiae
1537 2174 1582 2210 et

146 2255 303 2304 Somni
322 2256 529 2323 personis
546 2254 807 2318 effingendis
830 2254 878 2302 in
902 2272 1108 2316 magnam
1127 2272 1251 2301 suam
1273 2251 1447 2303 laudem
1463 2251 1578 2300 fecit.
1623 2252 1627 2259 “

145 2345 364 2413 Lycaonis
388 2345 660 2412 impietatem
675 2356 719 2393 et
733 2363 909 2411 poenam
923 2363 1016 2392 non
1034 2343 1129 2410 ipse
1144 2342 1279 2392 refert
1292 2381 1304 2402 ,
1332 2342 1408 2391 sed
1425 2344 1452 2390 J
1456 2361 1584 2395 ovem¹

145 2444 396 2482 narrantem
411 2434 597 2483 inducit.
623 2433 710 2482 Hic
734 2433 873 2496 igitur
891 2431 1011 2483 haud
1034 2431 1169 2479 dubie
1187 2429 1282 2498 ipse
1301 2449 1393 2478 rem
1411 2430 1471 2478 ita
1490 2429 1583 2478 dis—

147 2524 324 2590 posuit,
347 2535 400 2572 ut
424 2523 517 2574 caeli
539 2524 706 2588 regiam
721 2561 732 2582 ,
759 2534 1027 2571 conventum
1058 2522 1258 2570 Deorum
1275 2558 1285 2578 ,
1325 2519 1451 2568 Jovis
1469 2538 1583 2586 prae-

150 2613 312 2662 sidium
335 2612 470 2662 nobis
489 2624 590 2662 ante
615 2612 769 2661 oculos
792 2623 1006 2679 poneret,
1033 2610 1262 2676 eidemque
1293 2609 1390 2657 Deo
1415 2608 1583 2676 oratio-

151 2721 250 2752 nem
266 2703 482 2752 tribueret
498 2701 845 2759 disertissimam,
861 2700 935 2750 cui
947 2698 1097 2748 fabula
1111 2698 1165 2748 de
1181 2701 1384 2765 Lycaone
1397 2698 1578 2746 intexta.
