1832 3100
526 200 1252 286 METAMORrHOSEoN.
1537 237 1596 297 39

161 338 336 389 rediens
358 336 414 386 ad
434 335 671 386 Acheloum
694 333 936 383 devertitur
954 344 998 381 et
1019 331 1259 380 Echinades
1287 329 1456 380 insulas
1483 349 1595 379 con-

163 415 316 483 spicit,
339 414 387 462 in
405 432 514 480 quas
534 411 726 462 Naiadas
744 422 869 460 erant
888 429 1120 459 conversae.
1149 408 1288 474 Quod
1312 409 1374 457 ita
1396 407 1490 456 fieri
1509 427 1599 474 po-

141 506 144 509 '
165 493 302 543 tuisse
316 530 329 551 ,
350 503 542 554 negante
569 491 772 539 Pirithoo
787 528 799 548 ‚
826 488 960 538 Lelex
983 489 1178 556 primum
1207 486 1412 536 Baucidis
1431 498 1475 534 et
1496 485 1603 534 Phi-

165 571 333 621 lemonis
352 569 518 637 probat
535 568 738 635 exemplo
752 606 764 626 ‚
787 568 864 634 qui
887 568 934 616 in
952 568 1116 616 arbores
1133 565 1302 614 suerint
1321 563 1602 622 commutati,

169 650 288 702 sicut
307 648 452 702 domus
471 667 626 696 eorum
654 648 701 695 in
725 647 940 713 templum,
969 665 1018 694 ac
1035 663 1172 712 pagus
1194 644 1289 710 ipse
1319 642 1366 690 in
1396 652 1598 708 stagnum.

166 727 395 777 Achelous
418 726 576 775 deinde
593 725 740 774 Protei
758 737 803 774 et
826 724 1026 782 Mestroe,
1062 722 1379 773 Erisichthona
1395 759 1407 779 ‚
1432 733 1603 788 patrem

165 805 524 855 fame'surentem
537 842 549 864 ‚
575 803 733 853 alentis
759 813 948 852 naturam
971 801 1250 868 transfhrmem
1270 800 1407 849 addit.

184 914 189 919 ’
233 921 338 970 Lm.
371 922 451 968 IX.
493 920 612 968 Tum
631 937 728 967 suas
754 917 920 968 formas
940 917 1103 976 refert,
1130 937 1240 985 quas
1266 915 1491 983 quondam
1509 934 1608 963 mu-

164 1010 331 1048 taverat
343 1035 356 1057 ‚
383 1008 523 1065 quum
542 998 690 1064 ipsum
709 1008 928 1064 premeret
947 994 1164 1044 Hercules
1177 1033 1188 1053 ‚
1216 994 1268 1043 de
1284 993 1493 1061 Dejam'm
1513 1011 1605 1040 cer-

167 1090 280 1127 tans.
316 1078 445 1127 Hanc
468 1077 629 1126 victori
653 1077 700 1124 in
722 1076 909 1144 patriam
930 1074 1133 1123 redeunti
1166 1075 1328 1123 Nessus
1346 1091 1499 1138 rapere
1522 1090 1604 1118 vo-

166 1155 273 1214 luit3
297 1156 377 1205 sed
400 1155 609 1205 Herculis
634 1155 796 1218 sagitta
821 1164 1033 1202 venenata
1056 1151 1290 1200 confossus
1327 1149 1508 1207 cecidit,
1534 1161 1599 1207 et,

169 1254 226 1284 ne
244 1234 422 1283 inultus
438 1234 630 1301 periret,
651 1245 787 1300 raptae
809 1244 975 1281 vestem
1000 1230 1123 1279 dedit
1147 1229 1362 1298 sanguine
1386 1247 1469 1276 suo
1497 1229 1610 1276 tinc-

172 1325 276 1363 tam.
303 1315 370 1363 Ea
396 1313 608 1362 dubitans
630 1312 860 1379 aliquanto
879 1322 984 1378 post
1007 1309 1059 1357 de
1078 1308 1227 1358 mariti
1250 1327 1421 1365 amore,
1445 1319 1611 1356 vestem

172 1392 214 1440 ei
243 1391 366 1440 misit
401 1391 627 1449 eamdem,
654 1410 742 1457 qua
772 1389 958 1437 indutus
991 1406 1130 1454 quum
1160 1397 1542 1443 concremaretur,
1569 1397 1613 1433 et

171 1469 329 1520 Lichas
340 1468 532 1519 famulus
549 1469 606 1517 ab
626 1488 679 1517 eo
698 1487 778 1535 per
793 1473 892 1515 ae'ra
908 1466 1072 1514 missus
1086 1465 1133 1513 in
1146 1484 1295 1514 saxum
1316 1464 1604 1528 obriguisset‚

169 1548 326 1616 periit,
346 1560 414 1607 et,
431 1557 622 1597 renovata
638 1547 734 1613 ejus
733 1546 872 1613 facie,
897 1545 944 1593 in
961 1544 1115 1593 caelum
1138 1557 1205 1593 est
1227 1544 1469 1592 traductus.
1491 1544 1609 1590 Tum

168 1627 380 1678 Alcmena
397 1638 540 1676 mater
557 1626 613 1674 ad
637 1625 760 1674 Iolen
782 1643 948 1673 nurum
975 1642 1021 1672 se
1046 1622 1264 1680 contulit,
1291 1622 1420 1689 eique
1448 1622 1611 1671 Galan-

166 1704 319 1754 tlu'dem
340 1705 389 1753 in
405 1705 618 1754 mustelam
633 1744 645 1761 ,
673 1716 719 1753 et
736 1703 815 1752 illa
830 1702 1035 1751 vicissim
1046 1702 1249 1773 Dryopen
1268 1720 1469 1749 sororem
1485 1720 1609 1749 suam

166 1784 215 1833 in
261 1784 372 1835 loton
415 1802 674 1832 conversam
714 1781 922 1831 narravit.
968 1780 1154 1829 Interim
1197 1779 1456 1846 supervenit
1498 1778 1610 1845 ipsis

169 1862 346 1919 Iolaus,
374 1874 577 1929 reparata
599 1879 680 1929 per
699 1860 859 1910 Heben
873 1859 1086 1927 juventute
1113 1878 1122 1905 :
1147 1857 1194 1905 id
1215 1857 1336 1923 quod
1358 1863 1610 1923 non‘posse

172 1940 384 1990 omnibus
406 1940 692 2003 contingere,
716 1938 897 2006 Jupiter
922 1936 1071 1985 AEaci
1083 1934 1285 2000 exemplo
1307 1934 1450 1983 docet.
1478 1936 1611 1983 Hunc

167 2018 349 2082 fugiens
370 2018 546 2067 Miletus
562 2018 610 2065 in
628 2017 781 2066 Asiam
802 2014 1005 2064 discessit
1020 2051 1032 2072 ,
1056 2024 1101 2062 et
1117 2011 1340 2082 Byblidem
1360 2013 1610 2079 procreavit

174 2107 308 2162 atque
350 2093 539 2144 Caunum
552 2114 570 2149 ,·
608 2094 734 2158 cujus
770 2092 845 2141 illa
882 2090 1099 2140 desiderio
1138 2089 1354 2138 tabefacta
1378 2089 1424 2137 in
1442 2089 1609 2155 sontem

174 2172 365 2222 transiit.
404 2175 519 2236 Quae
543 2171 724 2238 quidem
747 2190 819 2219 res
843 2170 984 2234 magis
1007 2168 1119 2217 mira
1141 2167 1313 2217 cunctis
1337 2168 1431 2217 visa
1456 2180 1572 2217 esset
1597 2207 1608 2226 ‚

171 2252 260 2301 nisi
280 2249 417 2319 paulo
439 2262 540 2299 ante
565 2249 690 2317 Iphis
704 2290 716 2308 ‚
749 2250 850 2317 ipso
873 2249 1134 2316 nuptiarum
1157 2247 1226 2296 die
1243 2286 1255 2306 ‚
1281 2248 1443 2296 virilem
1465 2267 1610 2296 sexum

168 2331 423 2399 accepisset.

233 2448 338 2496 Lm.
367 2448 425 2495 X.
454 2445 540 2494 His
563 2445 736 2513 nuptiis
762 2445 839 2513 qui
862 2443 1124 2494 interfuerat
1147 2444 1415 2510 Hymenaeus
1437 2442 1494 2490 ad
1519 2441 1609 2492 Or-

162 2524 317 2592 pheum
339 2523 443 2573 inde
468 2543 515 2573 se
544 2523 760 2583 contulit‘,
785 2523 863 2573 sed
888 2522 1005 2573 malo
1033 2522 1180 2571 omine
1201 2560 1212 2580 ‚
1245 2520 1609 2588 quandoquidem

170 2622 278 2652 mox
302 2602 418 2651 obiit
436 2601 672 2673 Eutydz'ce,
695 2621 840 2669 neque
860 2602 916 2651 ad
932 2619 1119 2668 superos
1139 2599 1292 2648 reduci
1314 2599 1480 2667 potuit.
1501 2600 1612 2647 Μω-

174 2699 276 2731 rore
314 2680 455 2744 igitur
488 2679 721 2747 perculsus
746 2678 959 2747 Orpheus
983 2690 1162 2728 montes
1193 2677 1421 2728 solitarios
1451 2678 1612 2746 petiit,

181 2779 296 2827 quo,
322 2779 434 2810 sono
455 2758 558 2826 lyrae
572 2758 667 2825 ejus
681 2757 904 2825 impulsae,
929 2769 1214 2808 accurrerunt
1228 2758 1423 2819 arbores,
1441 2769 1485 2808 et
1502 2757 1618 2807 inter
