1832 3100
326 210 1049 267 METAMORPHOSEON
1085 224 1220 270 LIB.
1262 226 1322 273 v.

110 316 272 376 Ponit,
294 324 340 366 ‘et
361 327 568 366 extenuat
589 334 855 379 magnorum
876 316 991 366 facta
1013 318 1213 368 Deorum
1230 358 1243 380 ‚

1447 227 1530 272 381

1469 337 1535 371 320

39 425 43 428 -
108 394 420 460 Emissumque
446 393 543 442 ima-
560 393 614 442 de
637 393 740 443 sede
762 394 979 461 Typhoea
1002 407 1126 445 terrae

110 470 340 522 Caelitibus
360 469 514 520 fecisse
534 483 700 520 metum
717 491 728 530 ;
754 484 1029 539 cunctosque
1051 473 1228 523 dedisse

107 549 251 612 Terga
267 547 406 612 sugae3
432 547 575 598 donec
596 549 737 598 fessos
759 550 972 617 AEgyptia
992 550 1125 599 tellus

108 625 287 693 Ceperit
302 663 315 685 ‚
341 637 385 675 et
408 638 580 694 septem
604 626 822 676 discretus
846 628 895 676 in
921 627 1034 676 ostia
1055 627 1203 678 Nilus.

106 709 208 758 Huc
231 728 412 776 quoque
438 697 702 774 terrigenam
723 711 893 760 venisse
917 711 1134 779 Typhoea
1151 725 1328 772 narrat,
1468 730 1536 763 325

104 793 165 840 Et
186 810 233 840 se
256 785 455 841 mentitis
477 793 675 861 Superos
700 793 861 843 celasse
885 794 1068 857 figuris3

109 895 133 916 «
159 858 352 941 Duxque
377 875 548 939 gregis,
573 875 713 934 dixit,
738 876 791 925 fit
812 877 1022 944 Jupiter:
1044 876 1163 926 unde
1186 878 1382 926 recurvis

102 1013 268 1050 tuebatur
280 1042 290 1060 ,
307 1022 388 1051 uter
401 1016 614 1052 certantium
623 1020 719 1062 prior
733 1017 789 1051 di-

0 1106 6 1119 ι
46 1067 52 1072 ”
101 1074 208 1103 ceret.
222 1069 330 1105 Nunc
342 1082 415 1105 una
431 1070 615 1105 Pieridum
632 1070 705 1116 ipsa
720 1070 788 1106 hoc

99 1121 166 1157 sibi
179 1130 328 1169 arrogat.
343 1123 494 1159 Lenzius
503 1137 588 1159 vero
603 1124 652 1159 sic
667 1125 787 1159 inter-

99 1174 251 1222 pungit,
272 1179 353 1211 lunc
364 1203 373 1217 ,
390 1179 466 1211 sine
479 1181 570 1211 sorte
580 1204 588 1218 ‚
599 1179 702 1221 prior,
717 1190 789 1222 qua·

100 1238 138 1261 se
153 1233 220 1262 etc.
233 1253 244 1271 ‚
267 1234 307 1262 ut
316 1231 415 1272 prior
431 1228 475 1263 sit
493 1235 580 1264 natu
596 1229 712 1274 major
727 1242 789 1264 seu

99 1278 262 1314 maxima.
285 1279 407 1327 Turpe
426 1288 547 1316 autem
572 1281 649 1316 Diis
675 1295 788 1327 argu-

100 1338 266 1367 mentum
286 1339 362 1368 erat
378 1333 543 1369 carrninis
564 1347 635 1379 seq.
652 1353 697 1359 —
711 1336 788 1368 Po-

99 1397 176 1419 nen-
185 1387 222 1418 in
231 1386 371 1426 bonore,
385 1385 534 1421 reddere
550 1385 766 1421 honoratum
775 1413 785 1430 ,

99 1439 423 1474 commemorandis
437 1440 513 1485 ejus
525 1440 722 1476 virtutibus.
734 1441 787 1476 Si-

99 1489 357 1535 militerpoaere
364 1495 530 1536 ingratia,
545 1491 619 1528 Cic.
629 1493 784 1538 Attic.V,

98 1552 168 1586 111,
201 1555 236 1578 11
259 1556 267 1578 :
283 1543 353 1578 vid.
372 1544 513 1580 Ernesti
541 1545 638 1581 Clav.
659 1545 734 1581 Cic.
753 1559 785 1581 v.

94 1599 220 1639 gralia.
234 1614 281 1623 —
294 1597 487 1639 Extenuat,
505 1598 695 1634 imminuit.

141 1647 219 1684 321.
239 1650 416 1696 Typhoeus
438 1658 499 1686 aut
519 1653 660 1699 Typhon
682 1651 785 1698 (Τυ-

99 1705 194 1747 φωεὺς
204 1726 215 1746 ,
233 1701 372 1749 Τυφὼν)
387 1710 588 1739 monstrum
603 1704 759 1739 immane
771 1731 781 1749 ‚

97 1753 193 1799 quod
203 1753 330 1800 Terra,
341 1755 484 1792 devictis
492 1756 703 1803 Gigantibus
712 1771 783 1792 ma-

97 1806 148 1852 gis
166 1808 367 1843 exacerbata
380 1835 390 1853 ,
417 1823 436 1844 e
462 1810 613 1845 Tartaro
636 1811 783 1857 peperit.

98 1858 133 1895 Is
147 1867 183 1895 et
199 1860 271 1906 ipse
287 1862 412 1897 caelum
434 1863 648 1908 oppugnavit
667 1890 676 1907 ,
703 1865 784 1908 jac-

96 1911 210 1958 tisque
226 1926 308 1948 cum
325 1915 425 1950 sibilo
441 1922 477 1950 et
492 1916 599 1950 boatu
616 1915 783 1950 canden—

97 1963 190 2000 tibus
198 1966 285 2002 saxis
295 1966 392 2002 Deos
404 1967 541 2003 terruit.
554 1967 701 2003 Hesiod.
713 1968 782 2004 Th.

98 2015 164 2051 820
172 2029 246 2063 sqq.
259 2031 269 2059 ς
287 2017 451 2064 Apollod.
464 2019 481 2054 I
492 2047 500 2060 ,
514 2030 553 2053 vx
566 2045 576 2063 ,
589 2020 610 2054 3
623 2034 631 2059 3
647 2019 781 2056 Anton.

97 2068 174 2104 Lib.
185 2080 306 2106 xxvm
314 2078 351 2106 et
362 2082 463 2106 xcvn
475 2087 484 2114 ;
499 2071 782 2121 Sch01.AEschyli

97 2121 140 2156 ad
153 2122 274 2158 Prom.
286 2123 347 2158 351
363 2138 372 2166 ;
391 2123 484 2171 Hyg.
495 2124 562 2159 sab.
582 2126 641 2159 152
655 2132 690 2160 et
710 2126 781 2173 196.

97 2173 374 2222 Edescriptione
394 2176 540 2212 Hesiodi
559 2178 656 2212 facile
674 2191 782 2225 appa-

95 2234 151 2263 ret
160 2254 170 2272 ,
184 2235 308 2264 ventos
316 2229 538 2275 procellosos,
549 2237 667 2266 motus
679 2238 781 2267 terrae

95 2279 327 2328 flammasque
347 2282 431 2317 inde
454 2291 682 2329 erumpentes
699 2284 782 2320 huic

95 2334 230 2370 fictioni
240 2335 414 2382 originem
428 2335 573 2371 dedisse.
585 2338 679 2383 Fuga
688 2338 781 2372 Deo-

95 2399 178 2422 rum
197 2394 418 2424 mutatorum
432 2388 467 2423 in
484 2389 679 2436 AEgyptum
694 2416 704 2433 ,
721 2390 780 2425 ubi

96 2437 158 2474 Dii
167 2440 232 2475 sub
240 2441 362 2476 formis
372 2441 604 2476 animantium
617 2442 780 2476 coleban-

95 2499 167 2537 tur,
179 2493 297 2528 addita
309 2501 373 2537 est,
389 2502 429 2529 ut
441 2495 561 2541 religio
573 2495 779 2543 AEgyptiaca

94 2545 422 2582 accommodaretur
428 2546 569 2583 Graecae.
578 2548 712 2583 Eadem
720 2549 779 2595 igi-

94 2607 155 2636 tur
180 2600 367 2636 tradebant
389 2602 585 2638 sacerdotes
609 2603 778 2651 AEgyptii.

95 2653 260 2701 Hyginus
272 2680 281 2697 ,
305 2653 345 2688 Ρ.
365 2653 408 2688 Α.
426 2654 462 2688 11
474 2680 484 2697 ‚
503 2655 556 2690 28.

140 2707 214 2742 322.
228 2707 443 2752 Cunctosque.
458 2705 580 2742 Codex
598 2707 779 2742 Basileen-

96 2757 154 2802 sis,
166 2758 293 2806 Margo
307 2759 455 2806 Micylli‚
467 2758 618 2806 Gryphii
628 2759 778 2795 etBers-

853 1017 1001 1060 manni,
1019 1021 1191 1064 victosque
1202 1044 1211 1059 ,
1231 1017 1325 1063 quod
1336 1030 1410 1053 non
1425 1017 1542 1066 displi-

853 1070 956 1105 cebat
975 1070 1136 1107 Heinsio.
1161 1069 1312 1106 Codices
1329 1071 1440 1106 nostri
1461 1085 1542 1107 ser-

855 1128 940 1156 vant
954 1127 1094 1157 cunctos
1104 1150 1113 1165 ‚
1142 1122 1236 1168 quod
1253 1123 1392 1159 rectius.
1407 1125 1475 1158 Ed.

898 1175 974 1209 325.
1005 1176 1228 1220 Terrigenam.
1253 1181 1387 1220 Γηγενὴς
1413 1175 1541 1212 dicitur

854 1225 961 1260 etiam
979 1226 1158 1275 AEschylo.
1175 1227 1207 1262 A
1217 1227 1364 1262 Junone
1378 1240 1541 1274 procrea-

854 1285 913 1313 tur
936 1278 975 1312 in
999 1278 1033 1313 h.
1060 1279 1096 1314 in
1123 1279 1237 1326 Apoll.
1261 1280 1327 1315 306
1350 1294 1424 1326 sqq.
1444 1308 1455 1325 ,
1484 1281 1542 1316 ubi

853 1331 910 1366 hic
926 1330 1069 1378 mythus
1093 1331 1193 1367 aliter
1211 1340 1386 1368 narratur.
1406 1332 1483 1379 Qui
1503 1334 1540 1368 in

851 1384 954 1419 aliam
970 1385 1124 1418 sormam
1143 1391 1328 1420 transeunt
1341 1411 1351 1429 ‚
1376 1398 1417 1420 ea
1433 1399 1471 1420 se
1484 1399 1542 1421 ce·-

849 1439 922 1471 larc
932 1436 1110 1471 dicuntur.
1122 1437 1175 1471 VI
1186 1463 1196 1481 ‚
1218 1451 1232 1472 1
1242 1451 1281 1472 ιο
1290 1464 1300 1482 ,
1316 1438 1423 1472 etiam
1435 1440 1539 1481 abdi,

849 1498 908 1535 ut,
920 1492 938 1527 I
952 1490 1077 1526 Amor.
1090 1503 1113 1526 x
1123 1517 1133 1535 ‚
1152 1492 1172 1526 3
1182 1493 1327 1535 ,plumis
1337 1493 1476 1526 abditus
1487 1494 1541 1527 al-

850 1546 913 1577 bis.
922 1561 967 1569 —
978 1544 1125 1577 Mmlt‘ri
1133 1543 1285 1588 aliquem
1297 1543 1477 1589 eleganter
1488 1543 1541 1578 di-

849 1597 942 1632 citur
953 1623 963 1641 ‚
977 1597 1036 1642 qui
1052 1597 1204 1631 formam
1218 1597 1294 1642 ejus
1311 1597 1438 1633 induit.
1448 1597 1540 1632 Vide

850 1651 934 1685 Intt.
945 1650 987 1684 a'd
1002 1650 1062 1685 Sil.
1075 1650 1125 1694 11,
1138 1651 1213 1696 637.
1228 1651 1408 1696 Quaerunt
1419 1658 1539 1686 autem

848 1701 1080 1738 Grammatici
1095 1729 1105 1748 ,
1133 1709 1257 1738 utrum
1279 1707 1416 1738 mentiri
1430 1703 1540 1739 etiam

847 1769 905 1791 res
921 1755 1103 1801 dicantur,
1120 1763 1223 1801 atque
1240 1758 1274 1792 τὸ
1289 1759 1448 1790 mentitus
1459 1756 1540 1791 ubi-

849 1821 917 1853 que
931 1808 1039 1842 active
1055 1807 1348 1842 sive.neutraliter
1357 1807 1539 1853 accipien-

850 1863 935 1897 dum
949 1863 993 1897 sit
1004 1889 1013 1906 ,
1033 1875 1076 1896 an
1091 1862 1221 1908 passive
1239 1862 1274 1896 in
1288 1861 1361 1896 istis
1373 1862 1538 1908 exemplis

848 1915 1071 1961 capiendum.
1091 1915 1182 1950 Vide
1196 1915 1372 1949 Schwarz.
1385 1914 1426 1949 ad
1446 1915 1537 1949 Plin.

849 1968 938 2003 Pan.
954 1969 1007 2002 81.
1027 1968 1123 2002 lnsra
1138 1968 1171 2003 X
1186 1994 1196 2011 ,
1219 1969 1282 2015 ¹59
1294 1994 1304 2011 ‚
1320 1969 1537 2002 mendacibus

841 2023 964 2065 pennis
973 2020 1110 2054 deJove
1120 2020 1156 2054 in
1168 2019 1320 2064 aquilam
1330 2018 1533 2053 mutato.De

848 2072 912 2107 hac
932 2072 1095 2108 Deorum
1122 2072 1430 2107 transformatione
1453 2071 1533 2105 vide.

848 2124 1024 2160 Eratosth.
1046 2133 1202 2168 Karsten,
1221 2137 1294 2170 cap.
1316 2138 1379 2171 27;
1399 2123 1534 2171 Hygin.

847 2177 1036 2213 dictislocis
1046 2192 1055 2220 3
1066 2178 1201 2213 An‘ton.
1211 2176 1329 2211 Lib.d.
1342 2177 1375 2220 l.,
1386 2176 1444 2210 ubi
1454 2176 1531 2219 alia,

847 2243 953 2275 quam
980 2230 1037 2265 hic
1054 2257 1065 2274 ,
1090 2230 1281 2265 animantia
1304 2224 1533 2265 commmo-

845 2290 991 2327 rantur,
1010 2284 1074 2318 sub
1093 2296 1245 2329 quorum
1265 2282 1386 2329 figuris
1403 2283 1462 2317 Dii
1481 2282 1533 2317 la-

846 2340 989 2373 tuerint.
1013 2338 1137 2383 Neque
1156 2337 1200 2372 ibi
1218 2337 1361 2382 Jupiter
1432 2337 1531 2371 Juno

845 2397 1044 2433 mutantur,
1060 2389 1120 2424 sed
1132 2396 1256 2424 contra
1273 2389 1437 2423 Minerva
1450 2401 1532 2423 cum

845 2443 918 2478 aliis
928 2442 1004 2477 Diis
1013 2441 1331 2487 additur.Apollod.
1343 2442 1408 2475 hoc
1418 2454 1533 2475 unum

844 2496 950 2530 habet
961 2522 969 2538 ‚
987 2498 1040 2534 τοὶς
1052 2498 1136 2534 ’ἰδέας
1146 2497 1307 2540 μετέέαλον
1318 2497 1361 2532 ‘fig
1373 2501 1447 2535 ζῶα.
1462 2493 1533 2527 Eu-

843 2547 914 2582 seb.
927 2547 1114 2593 Praeparat.
1131 2546 1262 2590 Evang.
1278 2559 1309 2590 p.
1323 2546 1378 2588 31,
1390 2552 1527 2590 monet,

843 2613 884 2634 ex
896 2599 959 2634 bac
971 2599 1079 2633 Deor.
1090 2598 1396 2633 transformatione
1410 2605 1529 2633 ortum

843 2665 916 2687 esse
935 2664 1060 2686 eorum
1076 2651 1210 2685 cultum
1226 2649 1318 2696 apud
1334 2649 1530 2698 AEgyptios.

888 2707 963 2752 327.
981 2707 1065 2739 Dux
1079 2709 1207 2749 gregis,
1229 2704 1353 2739 hircus.
1368 2705 1529 2740 —Peri-

845 2759 979 2805 phrasis
994 2766 1047 2795 est
1062 2760 1190 2796 arietis.
1218 2760 1311 2796 Nam
1333 2759 1475 2805 Jupiter
1492 2771 1529 2793 se
