1832 3100
351 205 1049 255 METAMORPHOSEON
1080 208 1212 253 LIB.
1246 208 1306 254 V.

1450 210 1536 254 365

122 301 395 369 lust-egitque
417 301 513 357 viro
534 321 545 349 :
565 299 755 349 rutilum
772 300 912 348 vomit
933 299 1007 348 ille
1028 303 1229 349 cruorem
1247 321 1259 359 3

119 382 183 430 Et
200 379 438 447 resupinus
458 378 645 429 humum
666 374 938 428 moribundo
960 377 1120 425 vertice
1142 375 1305 443 pulsat.
1356 379 1359 383 ⁴

122 458 232 508 Inde
249 456 506 518 Semiramio
530 455 847 523 Polydaemona·
867 454 1078 518 sanguine
1103 467 1272 503 cretum
1287 493 1299 514 ‚
1499 472 1543 508 ss.

125 527 471 602 Caucasiumque
493 534 689 592 Abarin,
718 532 1159 601 Sperchionidenque
1182 534 1393 599 Lycetum
1407 572 1420 593 ‚

123 614 445 681 Intons'umque
470 631 617 665 comas
638 611 802 679 Elycen
819 646 832 669 ‚
857 610 1194 678 Phlegiamque,
1220 611 1488 679 Clytumque

125 688 319 749 Sternit;
345 702 391 740 et
411 691 662 740 adstructos
685 690 952 739 morientum
976 688 1114 752 calcat
1137 707 1328 738 acervos.

121 769 215 818 Nec
238 769 437 832 Phineus
456 779 590 822 ausus
610 786 871 818 concurrere
896 766 1098 816 cominus
1120 767 1270 826 hosti5

124 847 360 914 Intorquet
378 848 575 914 jaculum
593 866 603 895 :
625 845 748 913 quod
771 844 931 894 detulit
952 864 1075 894 error
1091 845 1138 894 in
1159 846 1270 894 Idan
1286 882 1299 903 ‚
1504 872 1549 906 90

124 925 362 992 Expertem
382 925 547 975 frustra
565 924 699 982 belli,
724 935 769 973 et
791 935 952 973 neutra
966 943 1089 973 arma
1110 935 1360 990 sequutum.

122 1005 204 1057 Ille
226 1019 354 1058 tuens
378 1007 518 1058 oculis
542 1007 754 1056 immitem
778 1006 947 1056 Phinea
967 1007 1131 1064 torvis,
1163 1004 1167 1009 ⁵

131 1111 155 1132 «
183 1090 562 1158 Quandoquidem
579 1091 627 1139 in
645 1102 792 1158 partes
805 1128 817 1149 ‚
838 1091 920 1148 ait,
940 1090 1150 1148 attrahor,
1168 1089 1315 1155 accipe
1326 1126 1338 1147 ‚
1355 1088 1550 1146 Phineu,

133 1194 156 1214 »
183 1173 330 1236 Quem
349 1173 491 1222 fecisti
510 1173 717 1232 hostem3
741 1191 964 1239 pensaque
986 1173 1073 1220 hoc
1091 1171 1272 1220 vulnere
1293 1170 1466 1220 vulnus.
1492 1193 1516 1215 >›

129 1255 318 1323 Jamque
339 1256 604 1306 remissurus
625 1268 815 1305 tractum
837 1255 891 1305 de
914 1274 1099 1324 corpore
1120 1254 1281 1313 telum,
1507 1268 1552 1316 95

132 1338 355 1403 Sanguine
378 1339 573 1390 defectos
594 1340 752 1390 cecidit
773 1339 996 1407 collapsus
1019 1339 1067 1387 in
1089 1351 1224 1388 artus.

195 1422 283 1470 Hie
307 1441 486 1490 quoque
512 1423 772 1490 Cephenum
796 1434 901 1490 post
923 1441 1069 1486 regem
1093 1422 1263 1489 primus
1288 1420 1449 1470 Odites

129 1503 250 1554 Ense
270 1505 386 1571 jacet
410 1504 634 1572 Clymeni;
653 1507 897 1555 Protenora
920 1504 1111 1572 perculit
1134 1506 1370 1571 Hypseus;

128 1636 220 1682 pha;
246 1638 369 1673 confer
390 1637 463 1674 XII
476 1663 487 1682 ,
517 1637 592 1674 235.
607 1656 652 1665 -
666 1638 813 1683 Insregit

129 1693 203 1724 w'm
217 1689 367 1726 Lennius
381 1690 525 1736 explicat
535 1715 545 1734 ,
558 1690 662 1735 fregit
673 1690 710 1724 in
722 1691 809 1725 viro.

129 1742 253 1778 Potius
277 1742 511 1789 capiendum,
535 1749 576 1778 ut
602 1743 639 1778 in
659 1743 810 1778 formula

127 1796 309 1842 infringere
318 1798 490 1842 colaphos.
506 1796 623 1832 Versu
643 1811 701 1832 121
718 1823 727 1841 ,
746 1810 810 1843 pro

129 1860 174 1883 eo
186 1850 326 1885 illidere.
342 1849 417 1884 ΧΠ
429 1874 439 1893 ,
457 1850 519 1895 237
531 1876 540 1894 ,
563 1856 697 1884 cratera
721 1852 814 1884 misit

129 1904 167 1935 ιἰι
181 1914 252 1936 ora.
265 1919 310 1930 —·
321 1902 475 1937 Rutilum
490 1908 554 1936 etc.
572 1901 714 1935 AEneid.
736 1902 787 1935 lx
799 1927 809 1946 ,

130 1952 198 2000 349
211 1965 429 1998 :purpuream
442 1957 548 1988 wmit
560 1955 620 1987 ille
634 1955 783 1987 animam
796 1964 808 1993 ‚·

132 2006 284 2040 Homer.
308 2005 350 2041 Il.
369 2009 416 2049 Ξ,
448 2006 511 2051 437
529 2018 538 2040 :
553 2010 720 2049 κελαινεφὲς
742 2005 812 2051 αἷμ’

134 2060 314 2105 ἀπέμεσσεν.

176 2113 230 2149 88.
246 2114 472 2156 Adsum-tos,-
493 2113 598 2159 vulgo
613 2117 782 2148 extructos
796 2140 806 2154 ,

133 2165 229 2211 quod
245 2164 376 2202 habent
391 2166 503 2202 nostri
533 2165 645 2212 Regii.
661 2184 706 2192 ·—
726 2166 812 2200 Ad-

131 2223 258 2254 struere
267 2245 277 2259 ‚
293 2226 429 2254 struere
442 2245 452 2262 ,
469 2218 660 2254 cumulare.
675 2235 720 2245 ·-·
730 2219 813 2253 Cal-

131 2283 363 2317 concorpora
375 2297 385 2314 ‚
399 2271 436 2305 in
447 2270 568 2317 primis
577 2277 682 2316 caput
691 2277 726 2305 et
741 2282 814 2305 cer·

131 2323 244 2358 vicem
258 2349 268 2367 ,
286 2335 307 2358 e
332 2323 461 2358 ferocia
483 2322 658 2358 victorum
675 2321 813 2367 prisco-'-

130 2387 224 2410 rum.
246 2375 380 2411 Passim
397 2374 489 2421 apud
507 2375 709 2410 Homerum
727 2400 736 2418 ,
757 2376 814 2419 λὺξ

131 2445 152 2463 n·
171 2433 323 2471 oceoehu,
347 2434 408 2463 aut
425 2430 484 2473 λὰξ
509 2429 538 2462 ἓν
561 2431 686 2468 στήθεσι
702 2432 814 2472 βαίνει.

180 2479 274 2514 neid.
287 2481 339 2523 Χ,
359 2482 422 2527 495
442 2493 450 2515 :
471 2482 552 2515 levo
561 2484 690 2524 pressit
694 2481 812 2524 pede...

130 2533 344 2567 Exanimem.
372 2532 469 2566 Hinc
498 2539 534 2567 et
562 2533 600 2567 in
626 2531 814 2577 venatione

132 2584 216 2619 serae
234 2583 424 2619 nobiliores
446 2590 564 2619 stratae
584 2584 814 2619 calcabantur.

133 2635 226 2672 vlu
240 2662 251 2680 ,
266 2637 340 2680 425.
354 2634 447 2670 Vide
462 2636 654 2672 Bruckhus.
668 2636 711 2671 ad
724 2637 815 2672 Pro-

134 2689 308 2734 pertium,
326 2689 364 2732 Ι,
383 2699 397 2723 1
409 2715 419 2732 ,
440 2690 479 2733 4,
497 2689 557 2724 uhi
573 2688 617 2724 ad
642 2689 815 2724 Amorem

135 2740 204 2777 hoc
218 2742 436 2778 translatum.

917 1649 973 1686 9⁰·
997 1639 1122 1678 Error,
1141 1637 1312 1684 ἁμάρτημα
1324 1663 1334 1681 ,
1352 1649 1463 1682 quum
1479 1637 1556 1682 quis

874 1701 949 1723 non
963 1689 1045 1724 serit
1057 1701 1212 1735 scopum.
1246 1688 1429 1724 Claudian.
1452 1689 1555 1734 Rapt.

875 1742 926 1786 II,
948 1743 1022 1786 134,
1034 1747 1067 1776 le
1075 1744 1167 1776 disci
1171 1744 1318 1787 perculit
1327 1755 1424 1776 error.
1439 1741 1557 1776 Etiam

875 1793 968 1840 apud
981 1794 1183 1828 Homerum
1193 1793 1373 1829 interdum
1388 1806 1488 1828 error
1499 1793 1556 1828 de-

876 1848 945 1881 sert
961 1846 1070 1881 telum
1087 1847 1124 1880 in
1142 1846 1267 1889 alium,
1286 1853 1326 1881 ut
1344 1846 1384 1881 ll.
1400 1853 1426 1882 Θ
1437 1872 1446 1889 ,
1465 1846 1556 1880 302-

877 1899 952 1932 311.
968 1917 1013 1924 —-
1024 1900 1155 1942 Expers
1169 1901 1266 1940 belli,
1284 1904 1342 1942 ut,
1360 1897 1432 1932 XII
1445 1924 1455 1942 ,
1472 1898 1556 1941 320,

877 1949 1043 1996 Aphidas.

917 2004 972 2051 93.
983 2005 1166 2048 lupar-les,
1191 2003 1228 2038 in
1242 2003 1419 2038 sactiones.
1437 2005 1557 2038 Ed.-

876 2057 1044 2091 Atlrabor
1053 2070 1072 2092 e
1089 2057 1292 2095 melioribus
1300 2056 1452 2102 pretulit
1463 2056 1559 2090 Bur-

876 2121 1029 2145 mannus
1047 2115 1090 2158 τῷ
1110 2111 1295 2144 abstrahor.
1323 2109 1459 2144 Nostris
1476 2108 1559 2144 Co—

876 2160 1009 2198 dicibus
1024 2169 1075 2197 est
1090 2164 1303 2197 attrahan—
1312 2164 1488 2206 Pensaque
1495 2164 1559 2197 hoc

876 2218 1010 2250 vulnere
1027 2217 1148 2250 vulnus
1161 2226 1173 2257 ‚·
1197 2214 1312 2260 accipe
1337 2215 1463 2249 vulnus
1493 2227 1558 2260 pro

877 2266 944 2303 hoc
967 2268 1112 2303 vulnere
1132 2295 1141 2312 ,
1168 2266 1263 2312 quod
1287 2267 1375 2302 mihi
1398 2267 1557 2302 intulisti.

879 2320 1007 2366 Quum
1023 2321 1121 2356 enim
1136 2321 1212 2367 quis
1227 2321 1307 2356 facit
1319 2347 1329 2365 ,
1353 2327 1393 2355 ut
1409 2321 1488 2355 duae
1503 2333 1560 2355 res

878 2387 978 2421 pares
994 2375 1064 2410 sint
1077 2401 1086 2419 ,
1104 2382 1181 2410 tum
1189 2388 1333 2419 pensare
1349 2375 1494 2410 alteram
1510 2373 1562 2408 al-

879 2434 953 2462 tera
963 2427 1091 2462 dicitur
1104 2446 1148 2453 -
1161 2428 1341 2473 Destctos,
1359 2427 1542 2462 destitutos
1552 2454 1562 2468 ‚

879 2480 1031 2525 privatos
1041 2491 1050 2514 ε
1060 2479 1140 2515 vide
1153 2479 1392 2526 Schwarziugn
1402 2478 1445 2513 ad
1456 2478 1562 2513 Plinii

880 2534 1054 2580 Panegyr.
1072 2533 1133 2586 25..
1492 2527 1494 2531 ’

924 2598 977 2632 97.
985 2586 1055 2619 Hic
1063 2597 1187 2630 quoque
1200 2585 1387 2629 Cephenum
1398 2591 1463 2619 etc,
1472 2584 1563 2618 Hac-

880 2642 984 2671 tenus
995 2641 1076 2670 c'um
1091 2648 1164 2671 uno
1180 2637 1311 2671 Perseo
1325 2649 1460 2682 pugna:
1479 2635 1561 2670 hinc

882 2701 979 2724 arma
986 2695 1173 2723 vertuntur
1180 2695 1216 2724 et
1224 2687 1294 2723 inc
1300 2688 1478 2735 eph‘enum
1485 2700 1563 2734 pro-

882 2754 988 2776 ceres.
998 2758 1041 2769 ·-
1051 2743 1136 2778 Post
1142 2754 1247 2785 regem
1256 2745 1395 2786 primus.
1414 2741 1503 2786 Regi
1515 2740 1563 2774 di-
