1832 3100
310 227 395 281 438

679 231 729 272 P.
773 228 1010 276 0V1D11
1041 231 1341 277 NASONIS

309 319 458 368 Altera
479 340 557 388 per
575 321 777 387 jugulum
799 324 955 390 pennis
979 336 1107 373 tenus
1131 337 1226 374 acta
1250 327 1409 389 sagitta
1430 338 1521 375 est:

312 398 496 464 Expulit
517 399 628 449 hanc
653 402 830 464 sanguis
844 439 856 460 ‚
883 421 1016 468 seque
1034 402 1269 467 eiaculatus
1292 405 1340 452 in
1363 403 1498 453 altum

311 474 505 533 Emicat,
532 489 575 524 et
595 476 727 540 longe
749 478 965 527 terebrata
985 478 1163 544 prosilit
1184 498 1300 528 aura.

1658 481 1722 528 2260

312 551 506 600 Ultimus
527 552 723 603 Ilioneus
746 574 839 602 non
862 555 1112 620 profectura
1134 555 1355 621 precando

311 631 498 679 Brachia
518 631 781 690 sustulerat3
815 655 837 675 «
861 632 1006 699 Dique
1032 634 1082 680 o!
1108 655 1131 675 »
1156 633 1446 696 communiter
1468 650 1618 683 omnes

310 711 515 770 Dixerat,
541 713 719 776 ignarus
742 727 833 761 non
857 733 1010 763 omnes
1034 733 1127 763 esse
1150 715 1399 778 rogandos,

313 817 336 836 υ
365 796 562 844 Parcite!
591 820 613 839 »
636 809 784 845 motus
804 809 920 855 erat,
946 816 1082 864 quum
1099 798 1188 863 jam
1209 797 1452 846 revocabile
1468 796 1604 846 telum

309 879 414 926 Non
437 878 547 937 suit,
571 879 830 928 Arcitenens
849 899 859 936 ;
882 880 1066 928 minimo
1091 892 1236 929 tamen
1260 873 1422 929 occidit
1441 879 1516 929 ille

1601 889 1605 892 ⁴
1642 888 1726 928 '265

313 958 506 1008 Vulnere
523 999 534 1019 ,
560 980 652 1008 non
676 961 759 1010 alte
784 970 992 1028 percusso
1018 962 1149 1011 corde
1168 962 1339 1024 sagitta.

313 1041 446 1088 Fama
468 1041 595 1100 mali,
619 1043 864 1110 populique
885 1043 1033 1100 dolor,
1060 1043 1346 1110 lacrymaeque
1370 1053 1551 1092 suorum

314 1124 422 1171 Tam
445 1124 601 1172 subitae
624 1137 805 1173 matrem
832 1134 993 1174 certam
1018 1126 1156 1174 fecere
1180 1125 1343 1184 ruinae,

316 1204 552 1253 Mirantem
575 1207 799 1272 potuisse,
827 1207 1197 1274 irascentemque,
1225 1207 1348 1274 quod
1371 1206 1473 1275 ausi
1537 1228 1543 1235 ¹

315 1286 415 1334 Hoc
440 1300 584 1335 essent
608 1288 791 1354 Superi,
818 1289 940 1355 quod
959 1297 1127 1338 tantum
1148 1288 1259 1354 juris
1283 1288 1525 1345 h'ab‘ere'iit‘ss
1558 1281 1561 1285 ¹

1666 1299 1731 1346 '270

315 1370 427 1416 Nam
454 1381 578 1435 pater
599 1371 851 1437 Amphion,
877 1372 992 1420 ferro
1020 1391 1100 1438 per
1123 1383 1276 1438 pectus
1303 1367 1482 1428 adacto,

316 1450 508 1500 Finierat
529 1454 718 1501 moriens
742 1455 906 1520 pariter
933 1466 1032 1503 cum
1051 1454 1147 1503 luce
1170 1447 1381 1502 dolorem.

359 1595 431 1630 260.
456 1597 632 1630 Terebrala
640 1600 784 1640 prosilit.
796 1598 909 1642 Supra
922 1598 990 1641 IV,

320 1649 396 1691 124,
414 1652 553 1692 sanguis
569 1662 587 1683 e
610 1650 754 1685 vulnere
773 1651 925 1684 emicans
941 1654 993 1684 ic-

315 1702 403 1734 tibus
421 1713 500 1734 aera
515 1704 652 1745 rumpit,
673 1701 739 1736 hoc
756 1709 873 1736 autem
888 1702 964 1736 ‘loco
981 1723 990 1746 ,

317 1756 474 1793 terebrat,
493 1755 644 1798 perforat
662 1768 788 1788 auram.
803 1755 874 1790 Sed
888 1756 993 1790 verba

289 1819 291 1824 ¹
318 1811 451 1838 temere
477 1804 667 1839 cumulasse
695 1805 846 1840 videtur>
863 1807 993 1840 secun-

319 1855 404 1889 dum
433 1855 552 1891 Ovidii
573 1856 762 1902 ingenium»
779 1871 786 1892 :
804 1858 944 1903 sanguis
959 1870 998 1898 se

316 1910 518 1953 ejaculatur,
533 1914 670 1950 emicat,
683 1914 835 1955 prosilit,
856 1913 999 1944 terebrat

318 1977 443 1998 auram.
456 1964 565 1998 Paulo
574 1972 652 2010 post
662 1965 698 1999 in
714 1967 850 1999 minimo
864 1966 996 1998 vulnere

321 2014 409 2049 ludit
426 2015 584 2050 Ovidius.

375 2067 448 2103 266.
484 2068 566 2100 Alte
591 2079 759 2109 pereusso-
787 2064 997 2100 Oxoniensis

321 2118 380 2154 dat
408 2121 482 2152 alla
494 2146 501 2158 ‚
529 2119 623 2163 quod
653 2119 776 2163 probat
802 2118 968 2152 Heinsius
986 2141 995 2160 ,

323 2169 546 2204 dissentiente
564 2169 781 2203 Burmanno.
800 2168 901 2214 Regii
916 2180 998 2202 nos-

324 2221 395 2264 tri,
426 2224 503 2255 alte.

369 2273 443 2317 267.
455 2274 562 2306 Fama
581 2274 667 2306 mali
673 2298 682 2311 ‚
702 2274 880 2315 populique
894 2272 998 2305 dolor.

327 2324 448 2359 Codex
461 2324 590 2369 Regius
605 2323 634 2357 B
645 2350 655 2367 ‚
669 2326 775 2358 Fama
786 2325 909 2356 malum
921 2349 928 2362 ‚
939 2335 998 2365 po-

318 2379 454 2421 pulique
475 2378 571 2410 dolor
578 2388 590 2418 ,·
607 2375 655 2409 ita
672 2373 975 2420 interpretandum
989 2386 997 2408 z

326 2430 408 2464 Non
434 2428 547 2463 solum
569 2428 660 2462 sama
677 2439 754 2471 quae
777 2426 935 2471 pervenit
956 2425 999 2459 ad

326 2496 403 2517 eam
418 2509 427 2525 ,
445 2482 505 2517 sed
523 2489 558 2516 et
574 2482 703 2516 malum
720 2481 811 2527 quod
830 2481 935 2515 oculis
947 2480 1000 2514 vi·-

325 2535 376 2569 dit
398 2547 406 2568 ε
424 2541 560 2580 praestat
582 2542 698 2569 tamen
719 2533 820 2569 lectio
836 2534 972 2579 vulgata
989 2547 998 2576 ,-

329 2599 405 2632 quae
426 2594 477 2621 est
491 2586 615 2621 codicis
634 2586 675 2620 A.
696 2589 761 2622 Ed.
778 2605 821 2613 -—-
845 2589 928 2621 Tam
942 2599 1000 2620 su-

325 2641 398 2672 bitoe
407 2642 530 2680 ruinae5
544 2645 673 2684 strages
684 2645 734 2673 tot
744 2638 895 2672 filiorum
907 2650 1000 2683 egre·

327 2690 379 2734 gie
392 2703 552 2724 carorum
566 2704 573 2731 3
591 2695 714 2725 ceriam
722 2690 837 2733 fecere
849 2718 857 2731 ,
878 2690 1002 2725 admo—

327 2754 446 2777 nuere.
463 2744 657 2778 -Miralm
673 2743 709 2777 in
725 2755 864 2777 summo
881 2742 999 2777 dolore

1056 1599 1111 1632 vix
1126 1599 1238 1632 locum
1259 1598 1418 1633 habebat.
1432 1598 1559 1633 Verius
1569 1611 1656 1633 vers.
1667 1599 1731 1634 280

1057 1663 1126 1694 seq.
1144 1651 1218 1694 ejus
1235 1651 1379 1684 affectus
1394 1659 1580 1693 expressus.

1072 1713 1074 1715 ’
1103 1715 1142 1744 27
1151 1715 1162 1734 ι
1170 1727 1177 1734 .
1188 1702 1356 1744 Amphion
1366 1699 1458 1745 apud
1469 1701 1675 1743 Lutfia'r'mm3
1687 1700 1731 1734 de
1756 1703 1761 1709 '

1059 1753 1178 1787 Saltat.
1195 1755 1231 1796 4¹
1246 1770 1256 1795 ,
1275 1765 1346 1797 prae
1362 1752 1484 1786 dolore
1501 1752 1542 1786 ad
1561 1752 1732 1787 insaniam

1060 1804 1209 1850 adigitur
1222 1819 1230 1846 ;
1244 1804 1326 1838 inde
1338 1805 1428 1838 forte
1441 1804 1513 1850 ipse
1524 1805 1661 1838 serrum
1669 1817 1734 1850 per

1059 1863 1178 1901 peetus
1189 1855 1303 1901 adegit
1313 1869 1321 1897 ;
1336 1856 1732 1901 quanquam·haec‘verha

1060 1908 1164 1942 etiam
1176 1921 1217 1941 ex
1235 1907 1392 1952 Apollod.
1407 1908 1566 1953 'explicari
1580 1908 1712 1954 possint
1723 1934 1732 1951 ‚

1062 1961 1194 2003 ἐτοξεύθη
1215 1963 1248 1993 δῖ
1259 1965 1313 1999 καὶ
1327 1967 1423 1999 Ζῖίθας
1430 1965 1485 1996 καὶ
1493 1953 1635 2006 Α’μφέωνω
1645 1959 1735 1995 Ave-

1061 2017 1136 2045 tore
1150 2011 1293 2057 Hygino
1305 2037 1315 2054 ‚
1330 2011 1444 2046 sabula
1455 2025 1492 2059 9,
1509 2011 1736 2057 quum'Apo'l—

1060 2062 1138 2097 linis
1154 2063 1325 2108 templum
1336 2066 1532 2108 eipugnare
1543 2063 1647 2098 vellet
1657 2080 1666 2106 ς
1678 2062 1736 2096 in*-

1062 2114 1232 2149 tersrcitur
1242 2115 1399 2159 ejusdem
1412 2115 1493 2149 Dei·
1504 2115 1588 2149 telis.
1601 2115 1736 2150 Secun-

1063 2166 1147 2200 dum
1156 2167 1381 2212 Timagoram
1388 2170 1494 2202 cbsus
1504 2174 1557 2201 est
1565 2179 1583 2201 a
1589 2166 1734 2212 spartis.

1061 2237 1105 2247 ·-
1114 2223 1253 2262 Pariter,
1271 2222 1497 2255 Burmannus
1511 2220 1735 2265 conjecitpa-

1062 2276 1169 2307 triam.
1191 2273 1292 2319 Regii
1313 2273 1423 2315 nostri
1438 2272 1579 2306 habent
1598 2274 1735 2316 pomer.

1062 2342 1107 2350 ·—·
1117 2327 1275 2359 Dolorem
1286 2325 1435 2359 Lenzius
1451 2323 1612 2368 intelligit
1622 2335 1641 2356 e
1658 2323 1738 2356 vul-

1063 2390 1148 2411 nere
1168 2383 1393 2422 conceptum:
1411 2376 1554 2419 malim,
1572 2388 1590 2409 e
1603 2375 1736 2420 jactura

1062 2427 1262 2462 liberor-uma
1286 2428 1398 2462 Niobe
1417 2427 1512 2462 dolet
1526 2452 1535 2471 ‚
1554 2426 1614 2462 sed
1639 2428 1736 2461 Am—

1064 2479 1172 2524 phion
1192 2479 1270 2513 finit
1285 2479 1464 2514 dolorem:
1481 2479 1542 2514 sed
1559 2492 1610 2514 ne·
1623 2485 1737 2513 morte

1064 2530 1207 2575 quidem
1216 2531 1374 2566 dolorem
1385 2532 1486 2566 finire
1496 2533 1610 2577 potui!
1622 2545 1631 2574 ;
1646 2530 1734 2576 apud

1064 2583 1193 2617 inferos
1205 2583 1299 2618 enim
1319 2585 1393 2629 ejus
1406 2582 1629 2619 contumelioe
1639 2609 1650 2627 ,
1668 2592 1735 2627 qua

1065 2635 1175 2669 Niobe
1190 2635 1361 2670 Latonam
1373 2636 1487 2671 affecit
1496 2662 1505 2680 ‚
1519 2645 1639 2681 poenas
1647 2640 1738 2681 pen-

1064 2688 1146 2722 dere
1166 2687 1388 2724 credebatur:
1400 2688 1587 2725 Pausanias
1596 2714 1606 2732 ,
1623 2687 1735 2722 Boeot.

1064 2754 1096 2786 p.
1117 2754 1188 2785 72¹·
