1832 3100
125 0 169 14 ’κ-

0 0 161 97 ων
223 20 227 23 Δ
273 30 285 41 .

65 67 83 82 τιῚ
126 52 132 71 ³

0 111 2 113 .
127 92 140 106 ε

0 184 21 204 0⁸

382 240 1081 292 METAM'ORPHOSEON
1109 245 1241 289 LIB.
1276 246 1365 291 IV.

169 340 400 391 Diffudere
425 340 623 398 animos;
648 338 884 405 cultusque
904 337 1175 404 habitusque
1198 338 1402 388 locorum

1503 244 1587 288 353

1526 354 1592 400 765

171 424 344 490 Quaerit
363 421 659 482 Abantiades;
683 421 897 489 quaerenti
916 420 1123 488 protinus
1145 439 1261 469 unus

213 561 380 610 765—767.
394 561 575 608 Diffudere
583 563 717 597 animos
726 569 791 597 etc.
803 562 848 598 In

166 614 222 651 lais
234 627 362 662 magna
378 614 572 659 lectionum
590 614 748 650 varietas.
777 614 849 649 Pro

166 670 312 703 locorum
329 665 499 714 Ciosanus
511 693 522 711 ,
542 680 583 702 ex
599 666 735 702 duobus
747 693 756 711 ,
772 679 849 701 no·-

166 721 252 756 tavit
271 723 426 756 vimmm.
439 720 602 756 Vicissim
618 733 700 755 mox
715 733 780 766 pro
794 722 850 754 vi-

166 786 292 815 rmn,
306 772 468 818 quidam,
482 775 637 808 Iocorum.
650 773 683 807 A
697 772 848 818 Berneg.

167 825 284 872 primo
303 825 437 860 Moreti
451 850 462 869 ‚
479 824 635 860 secundo
652 822 818 859 Mediceo
837 850 847 868 ,

168 876 327 924 Spirensi
336 884 372 912 et
378 876 515 912 duobus
525 876 598 912 aliis
608 876 734 911 absunt
743 876 849 911 verba

165 932 478 975 quaeaentt'protinus
488 942 573 964 unus
583 930 712 964 Narrat
720 929 851 974 Lynci-

167 983 238 1016 des.
247 980 420 1018 Nonnulli
431 993 475 1016 ex
490 980 739 1016 vetustioribus
753 980 851 1026 prio-

166 1047 244 1070 rem
260 1047 400 1070 versum
415 1040 530 1069 totum
547 1034 727 1069 omittunt.
738 1033 851 1069 Sche-

167 1088 222 1124 dae
231 1088 356 1124 Theat.
369 1094 405 1123 et
416 1087 540 1123 tertius
555 1087 686 1122 Medic.
702 1100 710 1123 ε
726 1088 854 1131 Quoen't

166 1142 337 1189 Lyncides
347 1153 516 1186 moresque
531 1142 744 1185 habitumque
758 1143 851 1174 viro-

166 1206 248 1228 rum.
259 1191 368 1228 Mitto
377 1192 527 1238 reliquas
537 1192 730 1226 varietates.
740 1191 851 1225 Hein-

168 1245 238 1281 sius
253 1244 426 1291 triplicem
449 1243 737 1279 emendationem
760 1256 851 1288 pro-

169 1296 285 1343 posuit
302 1309 311 1332 :
331 1295 425 1341 Diff-
445 1309 500 1331 an.
524 1298 683 1340 querenti
697 1298 852 1339 protinus

166 1361 255 1383 unus
285 1349 414 1383 Narrat
439 1347 648 1382 Abantiadoe
679 1349 853 1392 cultusque

169 1404 381 1447 habitumque
393 1404 550 1437 Iocorum.
579 1401 654 1435 Aut
671 1401 718 1435 sic
731 1427 740 1444 ‚
757 1399 852 1445 Diffi

168 1469 224 1491 an.
235 1457 410 1500 cultusque
417 1457 628 1499 habitumque
641 1457 707 1489 loc.
728 1455 855 1497 Quaen't

169 1509 394 1543 Abantiades.
415 1508 585 1551 Quaerenti
588 1508 743 1551 prodidit
754 1519 850 1542 unus.

174 1561 256 1604 Qua
275 1562 380 1594 simul
397 1566 462 1595 etc.
493 1558 567 1593 Aut
594 1558 746 1604 denique
773 1558 821 1593 sic
838 1583 848 1602 ,

174 1614 377 1656 (Merentem
383 1615 540 1656 protinus
549 1624 636 1645 unus
651 1614 731 1654 (luae
740 1612 851 1644 simul.

170 1665 285 1700 Faber
301 1677 443 1700 versum
465 1663 528 1711 755
545 1663 715 1698 intactum
733 1662 850 1697 relin—

170 1718 264 1764 quit,
278 1716 340 1753 sed
349 1742 359 1760 ,
371 1727 476 1751 versu
487 1716 562 1763 767,
573 1715 658 1761 legit
666 1715 720 1750 vel
729 1718 852 1750 cultus-

167 1784 230 1816 que
241 1783 411 1816 genusque
423 1771 568 1804 locorum
576 1795 585 1810 ‚
603 1768 658 1804 vel
670 1782 853 1814 moremque

169 1821 324 1868 (scilicet
344 1819 442 1868 celi)
462 1823 675 1866 habitumque
695 1822 851 1855 Iocorum.

170 1874 347 1911 Schirach.
368 1874 521 1920 denique
545 1874 733 1918 emendat,
750 1887 853 1909 versu

173 1926 234 1973 787
249 1953 259 1972 ,
285 1929 458 1973 cultusque
480 1929 677 1971 habitusque
697 1929 854 1961 Iocorum.

171 1979 228 2014 De
250 1979 359 2014 verbo
381 1977 573 2023 dffsundere
595 1977 675 2012 vide
699 1976 742 2012 ad
768 1977 851 2021 111,

172 2031 248 2066 318.
267 2030 463 2075 Sequentia
483 2043 556 2065 esse
581 2036 745 2075 corrupta
767 2029 854 2074 qui·-

172 2082 258 2118 libet
272 2088 397 2131 sponte
412 2082 529 2124 viden
546 2088 641 2118 'certe
655 2095 775 2116 versus
791 2082 852 2129 767

173 2149 193 2171 a
211 2148 322 2171 manu
349 2134 469 2170 Ovidii
491 2136 668 2182 profectus
694 2148 767 2170 non
792 2142 854 2171 est.

174 2186 338 2223 offendit
352 2200 439 2222 unus
454 2188 633 2234 Lyncides.
653 2187 748 2222 Tum
762 2199 856 2232 quae-

172 2241 278 2276 sierat
303 2242 453 2276 Perseus
477 2242 630 2280 babitus,
661 2247 825 2274 naturam
844 2265 854 2283 ‚

173 2294 340 2341 genium,
354 2295 517 2333 Iocorum,
539 2299 574 2326 et
589 2294 719 2333 cultus,
742 2292 856 2326 ratio-

172 2358 274 2389 nem,
293 2358 361 2391 qua
376 2345 442 2380 coli
452 2344 587 2380 soleant
600 2344 657 2379 illa
671 2344 746 2380 loca
760 2344 857 2379 labo-

173 2397 268 2433 ribus
295 2396 496 2432 hominum.
530 2395 703 2444 Lyncides
736 2402 856 2430 narrat

174 2462 283 2485 mores
296 2457 332 2485 et
346 2452 484 2485 babitus
496 2453 639 2484 virorum
649 2476 658 2490 ‚
680 2461 758 2494 quae
773 2461 855 2484 sane

175 2510 212 2538 et
227 2503 301 2548 ipsa
315 2501 422 2548 digna
439 2509 522 2537 sunt
545 2503 688 2549 cognitu
702 2529 712 2546 ,
734 2501 793 2538 sed
815 2515 856 2538 ea

174 2556 326 2591 Perseus
341 2567 415 2588 non
434 2555 648 2599 quaesiverat.
675 2554 784 2600 Quod
803 2554 855 2598 si,

175 2614 217 2643 ut
246 2607 427 2653 responsio
455 2607 643 2642 conveniat
674 2607 858 2652 quaestioni

174 2658 362 2705 proposita
374 2684 385 2702 ‚
411 2664 562 2703 utroque
578 2657 656 2693 loco
672 2664 732 2692 aut
755 2660 856 2692 loco-

177 2724 248 2745 rum
263 2717 324 2746 aut
333 2714 478 2745 viromm
490 2709 657 2755 legamus,
666 2708 761 2754 quod
774 2722 857 2744 sane

178 2762 287 2800 MSS.
307 2762 453 2809 quidam
468 2761 663 2799 concedant
678 2787 688 2806 ‚
714 2760 860 2796 molesta

363 2830 470 2874 III.

915 566 1035 596 tamen
1055 572 1152 595 nnnc
1177 558 1322 605 quidem
1338 566 1389 594 est
1411 559 1469 594 illa
1487 573 1596 606 repe—

914 614 1012 659 titio,
1041 613 1219 660 magisque
1247 612 1415 657 ossendit,
1435 626 1540 659 quam
1557 614 1595 649 in

912 666 1080 701 similibus
1105 666 1206 710 locis,
1225 678 1313 700 vers.
1335 667 1402 712 674
1417 678 1489 711 sqq.
1503 693 1513 710 ‚
1532 666 1597 700 685

914 726 951 754 et
966 719 1031 767 679
1041 745 1052 764 ,
1069 725 1130 754 aut
1145 718 1306 766 306-309
1316 745 1326 762 ,
1345 719 1403 753 ubi
1421 718 1509 753 adeo
1521 731 1599 753 sua-

915 771 1001 806 vitas
1009 770 1170 816 quaedam
1180 771 1281 805 inest.
1293 770 1408 816 Eligat
1421 770 1528 817 igitur
1534 771 1597 805 sibi

915 821 1060 867 quisque
1078 834 1096 856 e
1114 821 1272 856 lectionis
1289 822 1453 856 varietate
1467 848 1477 865 ‚
1505 820 1600 866 quod

914 875 1222 920 sequatur.-Post
1237 875 1298 909 has
1307 874 1419 909 varias
1431 875 1598 909 lectiones

914 934 951 962 et
961 927 1161 976 opiniones,
1174 934 1289 962 totum
1299 928 1417 962 locum
1427 954 1436 971 ,
1450 927 1599 962 omnino

915 979 1115 1024 turbatum,
1134 993 1175 1014 ex
1187 980 1314 1016 nostris
1334 979 1521 1016 Codicibus
1534 981 1599 1015 in·-

914 1039 1054 1078 tegrum
1066 1032 1148 1067 dare
1163 1034 1374 1077 curavimus,
1386 1041 1425 1068 ut
1438 1047 1479 1068 ex
1492 1047 1598 1069 com—

915 1085 1096 1130 paratione
1119 1084 1221 1121 lectio
1248 1099 1330 1121 vera
1353 1086 1467 1133 detegi
1483 1087 1600 1133 possit.

916 1136 964 1171 Et
979 1137 1135 1182 primum
1157 1136 1280 1172 Codex
1299 1138 1429 1184 Regius
1447 1139 1477 1173 B
1496 1138 1602 1174 habet

915 1189 1097 1233 Diffudere
1112 1194 1266 1234 am'mos5
1288 1193 1462 1235 cultusque
1469 1204 1601 1235 genus-

914 1254 976 1286 que
985 1244 1131 1275 locorum
1145 1244 1272 1286 Quaerit
1281 1243 1499 1277 Abantiades
1507 1270 1516 1283 ‚
1532 1257 1600 1278 mo-

914 1305 1028 1338 resque
1038 1297 1248 1339 am'mumque
1258 1298 1412 1329 virorum.
1422 1295 1468 1329 Et
1479 1294 1602 1331 Codex

918 1345 1050 1392 Regius
1067 1346 1100 1380 A
1115 1347 1342 1392 :Dissuadere
1359 1352 1491 1383 animos
1501 1376 1510 1391 ‚
1527 1352 1604 1384 cul-

913 1406 1032 1441 rusque
1036 1410 1202 1443 genusque
1210 1401 1356 1433 locorum
1362 1401 1604 1443 Quoerae‘tAban-

915 1452 1026 1484 tiades
1045 1462 1057 1493 ‚·
1083 1464 1253 1497 moresque
1277 1455 1490 1498 habitumque
1512 1458 1605 1491 viro-

915 1516 996 1538 rum.
1022 1503 1108 1539 Post
1130 1504 1225 1540 hunc
1249 1506 1415 1540 ultimum
1437 1520 1576 1542 versum
1589 1534 1598 1552 ,

914 1555 1008 1590 inter
1035 1556 1143 1591 lineas
1165 1564 1200 1592 et
1236 1571 1255 1592 a
1276 1558 1430 1594 secunda
1457 1572 1567 1595 manu
1591 1572 1599 1592 :

914 1609 1045 1642 Narrat
1059 1609 1252 1654 Lynciddes
1263 1624 1432 1657 moresque
1445 1616 1602 1647 animos-—

913 1673 976 1705 que
989 1665 1142 1696 virorum.
1155 1663 1250 1698 Male
1262 1678 1271 1706 ;
1283 1677 1367 1698 nam
1384 1657 1600 1702 Abantiades

907 1713 1039 1758 ,quaerit
1050 1714 1161 1749 cultus
1173 1714 1343 1761 locorum,
1356 1724 1391 1751 et
1404 1718 1601 1766 Lynciddes

913 1766 1016 1800 aliam
1032 1780 1174 1813 prorsus
1194 1782 1271 1803 rem
1289 1770 1450 1815 exponit,
1471 1771 1600 1807 scilicet

912 1832 1030 1856 mores
1052 1821 1221 1856 virorum.
1239 1823 1390 1869 Vulgata
1406 1832 1475 1860 tres
1491 1825 1597 1860 habet

913 1885 1033 1907 versus
1045 1886 1197 1918 quorum
1212 1887 1304 1910 unus
1320 1876 1443 1910 saltem
1462 1877 1600 1922 spurius

920 1930 981 1959 est.
993 1925 1075 1961 Non
1096 1937 1183 1971 opus
1198 1933 1272 1961 erat
1287 1926 1403 1962 dicere
1420 1928 1601 1963 Abantia-

915 1977 988 2010 dem
1002 1979 1183 2020 questas-se,
1196 1984 1232 2012 et
1247 1991 1347 2012 unum
1359 1980 1555 2026 Lynciddea
1567 1980 1600 2015 ei

915 2030 1125 2072 respond11rse
1137 2055 1146 2071 ,
1170 2029 1223 2063 vel
1241 2043 1398 2065 narrasse
1407 2042 1420 2073 ‚¹
1438 2043 1479 2065 ea
1502 2032 1601 2067 facile

913 2079 1091 2115 subaudiri
1102 2087 1276 2126 poterant.
1285 2081 1391 2128 Apud
1402 2083 1551 2119 Homer.
1563 2092 1599 2120 et

918 2132 1018 2178 Virg.
1032 2158 1042 2175 ,
1058 2133 1218 2169 videmus
1233 2134 1377 2180 hujusce
1393 2136 1490 2172 modi
1507 2151 1600 2172 nar-

915 2183 1069 2219 rationes
1086 2210 1096 2228 ,
1122 2191 1201 2230 post
1223 2185 1342 2231 epulas
1355 2214 1366 2231 ,
1392 2200 1599 2234 mensasque

917 2242 1070 2270 remotas
1082 2261 1091 2279 ,
1108 2236 1182 2270 sine
1197 2249 1262 2283 ope
1277 2238 1527 2286 interrogantis
1539 2267 1548 2284 ,
1566 2247 1602 2275 et

917 2286 960 2321 ab
977 2299 1057 2321 -uno
1083 2301 1124 2322 ex
1155 2289 1309 2324 convivis
1326 2316 1335 2333 ,
1362 2291 1399 2325 in
1425 2291 1599 2327 honorem

917 2337 1079 2373 Deorum
1092 2366 1101 2383 ,
1120 2340 1174 2375 vel
1192 2341 1376 2386 Heroum,
1396 2343 1450 2377 vel
1473 2345 1601 2379 Patriae

916 2391 1033 2427 factas.
1050 2391 1190 2428 Omitto
1206 2393 1242 2428 in
1259 2393 1311 2428 his
1320 2395 1435 2437 ,tribus
1446 2396 1601 2431 versibus

916 2443 1083 2480 insulsam
1105 2446 1352 2491 repetitionem
1368 2474 1377 2491 ,
1403 2450 1601 2494 habitusque

918 2499 1086 2538 locorum,
1120 2504 1156 2532 et
1180 2498 1293 2542 infra,
1320 2501 1518 2544 habitusque
1541 2503 1602 2534 vi·—

917 2563 1036 2584 rorum.
1049 2550 1187 2595 Quidni
1199 2564 1240 2584 ex
1251 2550 1384 2586 duabus
1394 2551 1598 2589 lectionibus

915 2609 1119 2638 nostrorum
1138 2603 1251 2638 Codd.
1273 2616 1382 2638 unam
1406 2596 1597 2642 efficiamus

919 2662 955 2690 et
964 2655 1168 2701 simplicem,
1180 2662 1215 2690 et
1226 2655 1268 2690 ad
1281 2669 1357 2691 rem
1368 2658 1597 2703 aptissimam:

918 2707 1099 2752 Dtssudere
1108 2712 1429 2757 art1‘mos,·cullusque
1435 2713 1600 2757 genasque

917 2763 1061 2796 latorum
1072 2761 1201 2798 Narrat
1214 2762 1418 2808 Lynciddes,
1435 2777 1602 2809 moresque

1364 2830 1429 2872 23.
