1832 3100
351 250 1067 301 METAMORPHOSEON
1102 255 1232 298 LIB.
1271 255 1330 299 V.

142 354 290 419 Atque
310 349 448 399 levem
472 365 649 396 currum
669 344 903 394 Tritonida
925 344 1047 393 misit
1068 345 1115 392 in
1138 364 1278 397 arcem

1468 253 1556 314 409

1489 360 1557 406 645

141 425 416 496 Triptolemo
431 445 456 484 ·,-·
467 423 716 492 partimque
738 422 839 472 rudi
861 422 964 472 data
985 423 1150 471 semina
1169 423 1303 488 jussit

143 507 354 574 Spargere
378 504 541 562 humo,
567 502 728 570 partim
748 513 855 568 post
878 512 1079 568 tempora
1099 500 1235 564 longa
1254 500 1442 550 recultae.

139 589 239 637 Jam
261 605 397 654 super
418 588 633 652 Europen
656 583 859 634 sublimis
881 595 925 632 et
944 583 1086 632 Asida
1108 595 1245 632 terras
1315 610 1319 613 <

139 670 305 719 Ventus
329 681 423 718 erat
438 668 634 735 juvenis3
660 667 886 734 Scythicas
910 666 1152 715 advertitur
1170 685 1269 715 oras
1288 687 1297 713 :

139 752 235 801 Rex
255 751 321 800 ihi
343 753 519 819 Lyncus
538 763 632 801 erat
654 770 664 798 :
686 750 803 815 regis
824 749 947 798 subit
966 748 1042 799 ille
1064 761 1260 817 penates.

137 886 213 933 409.
225 903 269 911 —
282 886 388 920 Vecta
403 889 464 920 est.
481 883 648 919 Heinsius
663 883 783 919 mallet
802 909 813 928 ‚

137 937 300 983 exprimo
312 936 482 973 Gronovii
491 963 500 981 ‚
505 937 627 982 fertur,
640 936 721 982 quia
734 949 816 970 mox

137 989 295 1035 sequitur
302 994 417 1024 vectus
423 993 505 1024 erat.
516 989 618 1035 Regii
629 989 741 1024 nostri
751 988 816 1023 ha·-

136 1041 222 1077 bent
239 1042 414 1088 vulgatam
432 1068 442 1086 ,
465 1047 563 1077 vecta
583 1046 644 1076 est.
668 1059 713 1066 --
739 1042 818 1075 Tri-

137 1096 256 1129 tonida
268 1098 305 1129 in
326 1108 447 1129 arcem.
469 1093 571 1130 Idem
588 1093 756 1129 Heinsius
776 1106 818 1128 ex

138 1147 248 1183 tribus
263 1149 396 1195 scriptis
408 1148 504 1184 dedit
514 1160 578 1195 pro
596 1150 773 1183 Tritonida
784 1152 820 1183 in

138 1203 249 1235 urbem
259 1228 267 1242 ‚
287 1201 382 1247 quod
396 1201 527 1236 habent
543 1201 655 1248 Regii.
665 1202 796 1236 —Arx
806 1228 815 1242 ,

138 1253 209 1289 sive
229 1257 310 1289 urbs
335 1256 499 1295 Tritonir,
529 1254 680 1290 Athenae
704 1253 816 1301 (vide

139 1306 342 1341 Bentleium
365 1306 408 1341 ad
433 1306 645 1351 Horatium,
671 1307 688 1342 Ι
707 1333 728 1350 ,f
745 1306 817 1342 od.

139 1369 194 1394 vn
206 1385 216 1403 ‚
234 1360 277 1403 5)
293 1386 303 1404 ,
323 1372 473 1405 quarum
484 1372 562 1406 pars
577 1359 816 1405 antiquissima

128 1417 220 1453 ἀντ,
247 1412 404 1463 ἀκρόπολις
419 1438 428 1456 ,
457 1413 629 1447 Tritonidi
641 1411 677 1446 in
696 1410 817 1457 primis

139 1476 245 1499 sacra.
323 1493 326 1496 .

180 1516 257 1560 646.
294 1518 513 1561 Triptolemo‚·
538 1523 603 1552 etc..
628 1516 817 1551 Hordeum

137 1569 295 1615 primum
325 1581 399 1605 esse
416 1576 532 1604 satum
550 1581 570 1603 a
593 1568 816 1614 Triptolemo

136 1621 243 1656 tradit
254 1621 402 1656 Pausan.
421 1621 526 1656 Attic.
540 1634 575 1666 p.
590 1621 817 1669 93.—-Rud1·s

135 1678 224 1709 terra
240 1701 250 1715 ‚
292 1673 454 1708 nondum
494 1672 588 1708 culta
605 1699 615 1717 ,
652 1670 815 1707 nondum

135 1727 321 1773 proscissa,
339 1731 494 1764 aratrum
509 1738 606 1773 passa
619 1752 630 1771 ,
653 1725 755 1772 plane
776 1733 816 1761 ut

133 1783 229 1817 rudis
238 1793 394 1826 campus,
410 1778 508 1827 Virg.
523 1779 652 1827 Georg.
663 1781 700 1816 II
711 1804 721 1824 ,
740 1794 777 1816 21
788 1794 815 1814 1.

135 1835 335 1870 —Beculta
356 1841 478 1881 potest
495 1847 568 1870 esse
583 1861 592 1879 ,
622 1846 700 1884 quae
719 1860 729 1877 ‚
756 1834 816 1868 ubi

135 1885 338 1932 aliquandiu
355 1886 487 1934 quievit
501 1913 510 1930 ,
536 1886 655 1923 denuo
672 1886 813 1929 colitur,

135 1938 279 1974 novalis.
305 1938 363 1974 Sic
382 1938 475 1985 cepit
493 1938 602 1975 etiam
626 1937 728 1972 Rode
743 1964 753 1982 ,
779 1942 816 1973 in

136 1993 258 2026 breche
285 1993 471 2036 gelegeuem
497 1992 628 2027 Bodere.
653 1990 726 2026 Sed
742 2003 817 2026 non

136 2050 297 2090 apparet,
311 2057 375 2080 cur
383 2048 466 2090 post
477 2049 626 2090 tempora
643 2046 746 2089 longa
757 2044 818 2079 ad-

137 2095 262 2132 ditum.
279 2095 350 2138 Alii
360 2097 521 2140 referunt
538 2095 582 2131 ad
599 2108 709 2132 unam
730 2095 819 2131 Sici-

135 2147 220 2185 liam
230 2161 333 2197 ,yquae
346 2156 424 2197 post
437 2148 658 2197 sterilitatem
669 2175 679 2193 ,
691 2147 736 2183 de
748 2161 818 2195 qua

136 2214 223 2239 vers.
241 2201 307 2249 476
319 2214 369 2248 sq.
382 2228 392 2245 ,
413 2201 537 2249 denuo
550 2201 615 2237 coli
635 2207 747 2246 coepta
762 2200 816 2236 sit.

138 2252 187 2287 At
201 2251 260 2288 illa
273 2252 462 2300 sterilitatis
471 2252 600 2298 injuria
610 2265 685 2287 non
702 2251 816 2287 dura-

134 2304 184 2343 vit
199 2311 361 2354 tempora
374 2305 488 2352 longa.
501 2304 722 2341 Schirachius
734 2317 818 2351 ergo

134 2358 297 2405 intelligit
322 2366 452 2403 terras,
472 2371 551 2407 quae
575 2359 661 2394 olim
684 2359 817 2394 suerint

134 2411 257 2456 cultae,
272 2419 482 2463 monetque,
499 2424 522 2446 e
533 2418 654 2447 mente
671 2410 812 2455 Ovidii,

139 2456 344 2507 Cererem*
334 2477 409 2513 ‚am
429 2471 511 2500 ante
529 2463 625 2500 hunc
647 2470 817 2500 eventum

134 2516 236 2562 fuisse
248 2517 400 2564 frugum
419 2508 591 2563 matrem,
610 2516 671 2553 sed
696 2529 815 2560 nunc,

135 2568 279 2603 inventa
294 2568 385 2613 filia,
410 2575 523 2605 artem
538 2543 675 2606 colendi
693 2583 817 2616 agrum

136 2621 255 2657 denuo
277 2615 496 2667 Triptolemo
514 2630 735 2659 monstrasse.

179 2676 254 2721 648.
271 2678 354 2711 Jam
369 2690 470 2721 super
482 2679 645 2721 Europen.
669 2677 722 2712 Ex
738 2678 820 2725 Hy-

138 2728 208 2775 gin.
222 2729 263 2764 P.
289 2729 332 2763 A.
350 2729 386 2764 II
399 2755 409 2773 ‚
429 2731 471 2774 24
487 2742 496 2764 :
527 2731 761 2774 Triptolemum
782 2732 819 2763 in

139 2793 234 2817 curru
269 2784 450 2818 draconum
479 2784 678 2818 collocatum
706 2782 823 2826 jussit

1493 762 1560 797 650

879 886 1024 919 omnium
1043 886 1213 918 nationum
1235 895 1336 928 agros
1350 885 1563 917 circumeam-

881 941 945 971 tem
963 938 1091 970 semina
1098 938 1240 979 partiri,
1265 948 1329 981 quo
1332 935 1480 980 facilius
1497 936 1567 979 ψει·

874 991 1064 1034 posterique
1078 987 1186 1032 asem
1201 990 1293 1022 victu
1307 990 1564 1031 segregarentur.

883 1041 1001 1076 Etiam
1018 1040 1181 1087 Apollod.
1200 1040 1232 1075 d.
1252 1040 1275 1076 l.
1303 1040 1401 1076 dedit
1424 1040 1457 1075 ei
1473 1053 1563 1075 cur-

881 1107 963 1128 rum
977 1100 1011 1128 et
1025 1094 1248 1129 frumentum
1260 1119 1269 1137 ,
1287 1093 1376 1141 ᾦτῆν
1386 1094 1456 1128 ὅλην
1471 1095 1565 1127 οἰκου-

883 1150 976 1192 μένην
1002 1146 1043 1182 δι’
1066 1149 1187 1192 obsum&
1207 1148 1361 1196 αἶρέμενος
1380 1147 1563 1194 κατ-ἔσπειρε.

884 1199 1005 1236 Curru
1012 1207 1130 1235 autem
1139 1200 1196 1235 illo
1205 1199 1366 1234 velocitas
1373 1198 1560 1240 indicatur,

882 1266 948 1299 qua
968 1252 1177 1298 agricultura
1199 1259 1397 1298 propagata.
1413 1268 1458 1277 —-
1477 1251 1564 1285 Asis

879 1311 984 1346 terra,
1002 1304 1083 1340 Asia
1093 1331 1103 1348 ,
1115 1311 1155 1339 ut
1164 1305 1217 1339 lx
1226 1330 1236 1348 ‚
1250 1305 1323 1349 447.
1334 1302 1498 1350 Micyllus
1507 1302 1567 1336 in-

883 1358 1005 1404 telligit
1022 1364 1209 1403 angustum
1226 1357 1325 1391 illum
1343 1355 1463 1404 Lydiae
1475 1361 1565 1389 trac-

882 1418 959 1446 tum
967 1409 1156 1456 palustrem
1167 1408 1211 1444 ad
1224 1407 1415 1456 Caystrum
1427 1434 1436 1451 ,
1457 1419 1564 1452 quem

883 1463 1034 1498 Homer.
1050 1457 1148 1501 Rem
1156 1467 1311 1507 λιιμῶνα;
1326 1459 1492 1506 Virgilius
1504 1472 1567 1494 au-
1600 1462 1604 1468 “

883 1525 956 1552 tem
971 1545 981 1562 ,
997 1516 1137 1552 AEneid.
1151 1516 1245 1559 VII,
1258 1527 1320 1561 70¹
1332 1541 1342 1558 ,
1360 1515 1486 1549 Asiam
1495 1526 1566 1558 pa—

881 1570 991 1603 ludem
1001 1568 1108 1612 dixit,
1126 1566 1208 1612 quia
1222 1566 1313 1601 Asia
1324 1593 1332 1607 ‚
1356 1577 1467 1611 quum
1482 1577 1566 1611 par-

881 1629 955 1658 tem
975 1622 1068 1657 orbis
1086 1627 1264 1656 terrarum
1278 1618 1470 1667 significet,
1488 1617 1564 1664 pri—

882 1687 979 1710 mam
996 1674 1179 1720 corripiat3
1199 1685 1310 1719 quum
1323 1671 1366 1707 de
1382 1671 1442 1706 illo
1452 1677 1565 1706 tractu

882 1735 1083 1774 usurpetur,
1094 1726 1275 1774 producat.
1289 1725 1427 1760 Falsam
1444 1731 1564 1759 autem

882 1795 955 1817 esse
969 1782 1062 1816 hanc
1078 1782 1248 1816 observat.
1260 1793 1367 1826 quam
1379 1779 1565 1814 Gramma·

882 1835 940 1871 tici
958 1834 1090 1870 debent
1111 1832 1236 1868 Servio
1252 1832 1298 1868 ad
1316 1831 1415 1877 Virg.
1432 1830 1563 1877 Georg.

882 1887 901 1923 Ι
912 1914 925 1930 ,,
943 1887 1003 1922 38ι
1016 1913 1026 1931 ,
1050 1893 1085 1921 et
1098 1885 1250 1932 primam
1261 1885 1298 1920 in
1315 1884 1409 1920 Asia
1421 1896 1494 1919 esse
1507 1883 1564 1918 in-

883 1940 1108 1976 differentem
1123 1967 1132 1984 ,
1165 1946 1290 1975 monet
1319 1937 1500 1974 Gesnerus
1523 1938 1562 1972 in

884 1993 1067 2030 Thesauro
1078 1993 1183 2030 Fabri
1197 2007 1224 2028 s.
1236 1992 1385 2030 v.Asia.·
1394 1998 1430 2027 et
1440 2003 1565 2036 quem-

883 2061 950 2093 que
960 2047 1017 2082 hic
1026 2047 1096 2092 ipse
1105 2046 1201 2081 locus
1209 2045 1336 2086 docere
1346 2044 1565 2091 potestAsia

883 2099 980 2134 enim
996 2124 1007 2143 ,
1031 2110 1142 2144 quum
1171 2096 1363 2143 opponitur
1389 2098 1532 2141 Europa
1554 2123 1563 2136 .

882 2150 980 2186 nullo
991 2149 1099 2185 modo
1109 2149 1153 2185 de
1165 2155 1279 2185 tractu
1292 2149 1352 2190 illo
1362 2147 1506 2195 palustri
1520 2147 1565 2183 ad

885 2202 1075 2251 Caystrum
1085 2201 1230 2248 intelligi
1243 2208 1368 2248 potest.
1375 2218 1420 2229 ν-
1429 2200 1478 2235 Et
1486 2212 1566 2234 eam

883 2254 1032 2292 Gesneri
1051 2254 1258 2301 opinionem
1276 2253 1464 2290 confirmat
1481 2252 1565 2286 Ro-

881 2309 970 2344 hert.
986 2307 1202 2354 Stephanus,
1215 2307 1253 2342 in
1265 2305 1450 2341 Thesauro
1461 2303 1564 2349 Ling.

882 2363 958 2398 Lat.
964 2361 1008 2397 ad
1015 2361 1192 2403 voc.As1·a‚
1202 2359 1262 2394 ubi
1273 2371 1356 2394 eum
1363 2356 1490 2392 videas.
1498 2358 1565 2391 Ed.

925 2415 1001 2451 650.
1019 2415 1096 2449 Bet
1104 2415 1155 2448 ibi
1163 2412 1298 2458 Lyncus
1311 2414 1402 2445 erat.-
1413 2416 1477 2444 etc.
1490 2407 1567 2456 Hy-

881 2466 1006 2512 ginus,
1023 2466 1090 2501 sab.
1110 2466 1178 2511 259
1190 2490 1200 2508 ,
1218 2470 1255 2499 et
1272 2463 1302 2497 1
1304 2461 1502 2516 actantius,
1510 2459 1565 2495 ad

882 2518 994 2554 Theb.
1008 2519 1076 2561 1V;
1066 2517 1174 2560 4358,
1191 2517 1341 2563 Lyncum
1355 2513 1490 2557 faciunt
1492 2487 1563 2548 Si—

882 2570 967 2605 ciliae
989 2582 1132 2616 regem;
1151 2567 1316 2615 Micyllus
1339 2572 1376 2602 et
1396 2552 1565 2602 Munker.

882 2635 966 2660 vero
983 2622 1030 2657 ihi
1048 2633 1188 2667 quoque
1209 2618 1402 2666 legendum
1417 2625 1566 2656 censent

883 2676 1035 2722 Scythiae.
1044 2692 1089 2701 —
1098 2673 1217 2708 Etiam
1235 2672 1427 2708 Carnabon
1436 2698 1447 2716 ,
1459 2670 1564 2706 Geta-

883 2739 965 2763 rum
981 2740 1062 2770 rex,
1087 2726 1217 2762 similes
1233 2724 1454 2772 Triptolemo
1470 2722 1562 2758 insi-

884 2781 956 2817 dias
968 2780 1103 2818 struxit.
1120 2779 1252 2828 Hygin.
1271 2780 1312 2815 P.
1327 2779 1369 2815 A.
1386 2778 1447 2822 ΙΙ,
1470 2779 1517 2821 ι4.
