1832 3100
274 222 359 266 532

636 219 688 262 P.
733 218 980 263 OVIDII
1018 217 1335 262 NASONIS

273 313 488 379 Conjugis
510 312 702 370 amissae,
725 310 931 379 lacrymis
942 312 1013 360 'ita
1035 311 1154 360 fatur
1178 311 1350 360 obortis
1371 332 1380 360 :

277 413 300 433 «
322 391 423 438 Hoc
444 409 513 438 me
527 427 539 449 ‚
564 401 666 438 nate
689 389 783 437 Dea
797 426 809 446 ‚
835 388 934 454 quis
957 388 1100 454 possit
1121 388 1324 437 credere?
1346 389 1481 439 telum

272 466 396 515 Flere
420 466 548 524 facit,
574 465 789 532 facietque
813 465 890 513 diu
906 502 917 522 ‚
942 464 979 512 si
1003 465 1144 513 vivere
1166 465 1300 514 nohis

1619 405 1687 452 690

273 551 382 598 Fata
407 549 485 597 diu
504 548 706 597 dederint
726 567 735 596 :
757 547 844 595 hoc
867 565 936 594 me
957 564 1056 594 cum
1076 547 1266 611 conjuge
1285 565 1381 595 cara

275 629 474 679 Perdidit
493 648 503 677 ε
525 629 611 677 hoc
635 629 804 677 utinam
826 626 1062 675 caruissem
1085 645 1265 675 munere
1290 631 1491 694 semper!

277 711 455 763 Procris
479 722 572 759 erat
586 748 598 768 ‚
625 710 663 758 si
686 709 800 757 sorte
824 708 964 770 magis
985 708 1185 774 pervenit
1208 707 1262 757 ad
1281 727 1406 757 aures

279 794 485 860 Orithyia
506 805 603 841 tuas
618 830 629 850 ‚
650 803 786 858 raptae
806 809 934 840 soror
951 790 1180 857 Orithyiae.

1631 808 1699 855 695

277 876 326 925 Si
346 875 499 924 faciem
516 912 528 933 ‚
554 892 788 939 moresque
811 872 919 921 velis
945 871 1143 921 conferre
1166 871 1350 920 duarum
1364 911 1376 930 ‚

276 957 466 1021 Dignior
489 956 586 1022 ipsa
606 954 703 1021 rapi
725 974 734 1002 :
755 965 880 1020 pater
902 954 1016 1002 hanc
1033 953 1144 1002 mihi
1164 954 1312 1019 junxit
1332 953 1606 1004 Erechtheus
1623 974 1653 1014 ;v

278 1040 404 1087 Hanc
428 1036 537 1085 mihi
557 1036 704 1102 junxit
726 1053 850 1082 amor
868 1055 877 1083 :
898 1034 1004 1083 felix
1024 1034 1202 1083 dicebar
1215 1073 1226 1093 ‚
1249 1054 1481 1102 eramque3

277 1122 380 1168 Non
408 1119 470 1168 ita
491 1118 574 1167 Dis
597 1118 739 1166 visum
764 1129 854 1175 est,
879 1136 927 1165 ac
950 1136 1070 1166 nunc
1091 1137 1270 1184 quoque
1291 1117 1479 1167 forsitan
1499 1137 1651 1168 essem.

281 1202 407 1251 Alter
430 1201 644 1265 agebatur
666 1211 772 1266 post
795 1218 916 1248 sacra
934 1199 1099 1265 jugalia
1120 1200 1283 1248 mensis
1301 1219 1311 1257 ;

1637 1227 1700 1262 700

281 1287 435 1349 Quum
456 1302 551 1342 me,
576 1281 816 1344 'cornigeris
840 1282 1091 1332 tendentem
1115 1282 1224 1331 retia
1243 1281 1401 1350 cervis²

283 1428 390 1464 modo
401 1427 535 1472 reliqua
546 1426 701 1471 prosecta
712 1424 782 1459 sint
793 1424 834 1459 ab
841 1423 961 1459 Ovidii

285 1493 404 1516 manu.
420 1478 530 1514 MSS.
546 1475 708 1512 nonnulli
721 1502 731 1519 ,
747 1477 827 1519 Qua·
833 1479 966 1520 patitur

278 1534 386 1577 pudor
393 1532 451 1565 ille
457 1529 559 1574 refer!
564 1533 599 1562 et
605 1533 725 1562 catera
734 1531 860 1565 narrat,
867 1525 921 1560 vel
931 1529 967 1560 el

284 1590 402 1619 catera
411 1582 538 1626 disfiert.
549 1580 776 1615 Florentinus
791 1579 827 1613 S.
835 1578 961 1621 Marci,

283 1641 433 1671 ceterum
444 1645 580 1668 narrare
587 1633 719 1677 pudori.
745 1629 833 1664 Inde
847 1629 964 1664 Hein-

287 1688 356 1723 sius
372 1684 522 1721 correxit
535 1710 544 1728 ,
570 1685 635 1718 sed
646 1695 716 1727 quoe
739 1694 875 1716 narrare
889 1695 964 1726 pu-

286 1742 364 1774 dori
381 1742 455 1778 est,
485 1734 578 1782 quod
598 1747 663 1769 nos
685 1746 824 1779 quoque
843 1759 852 1777 ,
885 1733 965 1778 quia

286 1789 411 1825 melius
419 1801 493 1823 non
506 1786 732 1830 habebamus,
743 1784 966 1820 servavimus.

285 1843 515 1877 Burmannus
539 1837 681 1883 coniicit
698 1863 707 1881 ‚
745 1838 821 1880 Qua
838 1838 970 1880 palilur

281 1898 405 1940 pudor,
423 1895 482 1928 ille
494 1891 596 1937 refert
604 1903 615 1935 ;
640 1895 675 1925 et
689 1895 812 1925 coelera
828 1900 970 1923 narrans

292 1952 368 1991 (lua
378 1949 492 1982 tulerit
500 1942 763 1985 etQ—Codices
774 1942 885 1977 nostri
896 1942 971 1977 Re-

290 2002 335 2047 gii
351 2000 483 2035 habent
505 1999 585 2042 Quoe
595 2001 702 2042 petil,
724 1999 782 2031 ille
795 1995 896 2039 refert
905 2007 917 2038 ;
937 2000 972 2030 et

289 2058 407 2088 caetera
424 2056 504 2086 nola
515 2052 655 2094 pudori:
664 2048 857 2094 spectabilis
867 2047 969 2083 lectio

291 2118 368 2151 quae
384 2105 456 2148 jam
475 2101 610 2149 Mycilli
625 2107 660 2135 et
677 2099 841 2135 Glareani
858 2111 969 2133 men-

290 2163 364 2192 tem
380 2154 561 2190 sollicitam
576 2153 724 2186 fecerat:
737 2158 861 2186 caetera
872 2157 967 2194 nota,

292 2214 332 2242 ut
354 2206 473 2248 aiunt,
498 2203 554 2237 vel
575 2215 640 2247 quo
658 2205 765 2245 pretio
787 2205 964 2246 receperit,

295 2257 470 2304 Cephalus
486 2255 531 2290 ob
547 2253 720 2300 pudorem
736 2254 868 2290 reticet.

336 2311 412 2358 694.
426 2312 559 2345 Procris
570 2312 682 2343 emh...
693 2312 866 2352 raplaeetc.
880 2305 970 2341 Vide

295 2369 329 2397 et
346 2362 468 2397 confer
485 2373 566 2395 cum
582 2360 649 2394 hoc
674 2358 750 2394 loco
763 2384 773 2402 ,
791 2359 845 2393 Vl
860 2384 869 2402 ,
895 2358 972 2392 681.

301 2416 460 2459 Orithyia
480 2412 601 2458 rapina
620 2418 694 2446 erat
714 2411 749 2445 in
767 2409 902 2445 Graecia
919 2422 972 2444 res

297 2466 488 2508 notissima,
504 2464 697 2508 eademque
713 2462 818 2497 veluti
828 2474 891 2496 suo
905 2474 973 2496 co·-

298 2518 464 2564 gnomine
472 2521 570 2560 rapta
578 2513 974 2550 dicebatur.VideHein-

299 2570 399 2603 sium.
412 2587 456 2594 —
469 2568 641 2611 Sisaclkrn
654 2593 662 2607 ,
687 2574 752 2601 etc.
765 2581 772 2608 ;
791 2578 864 2600 nou
875 2577 975 2599 com—

302 2620 407 2655 mode
424 2620 531 2654 modo
548 2632 626 2654 eam
642 2619 690 2654 sic
704 2618 820 2653 laudat
835 2645 844 2662 ‚
862 2617 922 2652 sed
940 2624 975 2652 et

301 2672 445 2707 consilio
455 2672 743 2706 convenienter.-
749 2672 975 2714 D12qn1'or1'psa

302 2727 403 2769 παρή·
423 2723 604 2768 auteponit
630 2722 804 2767 Cephalus
829 2721 975 2756 Procrin

1028 1422 1201 1470 Orithyiae
1212 1449 1221 1467 ‚
1239 1422 1396 1468 quamvis
1407 1421 1481 1457 haec.
1490 1422 1535 1457 ob
1549 1423 1703 1468 pulchri-

1027 1475 1190 1511 tudinem
1214 1487 1233 1509 a
1255 1475 1370 1509 Borea
1393 1480 1491 1528 rapta
1514 1474 1616 1510 fuisse
1642 1475 1703 1509 vi—

1029 1527 1162 1563 deatur.
1180 1529 1246 1562 Ed.
1256 1545 1299 1553 —·
1309 1528 1483 1562 Paleretc.
1498 1527 1574 1563 vult
1588 1527 1703 1564 dicere

1006 1580 1223 1625 *legitimum
1235 1578 1337 1614 fuisse
1351 1579 1617 1623 matrimonium
1628 1606 1637 1624 ,
1649 1581 1705 1615 cui

1030 1631 1136 1665 etiam
1152 1630 1211 1664 Dii
1228 1631 1343 1665 favere
1354 1629 1603 1666 debuerint.·—
1613 1633 1706 1666 Ere-

1028 1685 1166 1717 chtheus
1177 1689 1270 1717 recte
1284 1695 1303 1717 a
1318 1682 1476 1728 plurimis
1484 1683 1707 1728 scriptoribus

1029 1735 1255 1776 nominatum
1276 1734 1366 1769 male
1387 1735 1551 1782 Hyginus
1566 1762 1576 1779 ‚
1592 1736 1707 1771 sabula

1035 1790 1098 1836 189
1109 1815 1118 1832 ‚
1142 1790 1322 1824 Pandiona
1349 1795 1534 1824 memorat.
1559 1807 1605 1814 —
1620 1790 1709 1824 Ere-

1031 1841 1169 1874 chtheus
1180 1838 1404 1874 Athenarum
1417 1840 1485 1874 suit
1498 1853 1559 1874 rex
1576 1866 1586 1883 ,
1611 1840 1706 1876 unde

1034 1890 1268 1926 Athenienses
1283 1890 1465 1926 interdum
1477 1893 1709 1927 Erechlht‘adoe

1034 1942 1257 1977 vocabantur.
1269 1942 1537 1977 Ed—Amorem
1550 1943 1640 1979 bene
1654 1942 1710 1978 hic
1741 1942 1749 1945 Α

1033 2000 1220 2037 memorat,
1235 1994 1323 2028 utin
1336 1994 1401 2038 lv,
1422 1996 1484 2041 757
1497 2008 1506 2037 ;
1518 1995 1592 2030 sine
1608 2008 1709 2031 causa

1033 2045 1139 2091 igitur
1155 2044 1322 2080 Heinsius
1347 2047 1480 2092 Hymen
1498 2046 1622 2092 reponi
1638 2059 1709 2081 vo-

1033 2098 1108 2133 luit.
1118 2117 1162 2124 —
1174 2101 1271 2133 Felix
1284 2099 1433 2144 conjuge
1451 2099 1549 2144 quasi
1559 2100 1710 2134 formula

1035 2149 1198 2184 solemnis
1215 2162 1223 2183 :
1239 2150 1360 2184 conser
1375 2149 1466 2185 infra
1481 2163 1568 2185 vers.
1587 2163 1710 2198 799.—

1035 2204 1112 2237 Non
1128 2206 1179 2237 ila
1189 2204 1258 2237 Dis
1271 2205 1395 2244 vt'wrn,
1409 2215 1474 2237 vox
1485 2215 1609 2238 eorum
1621 2230 1632 2248 ,
1650 2204 1710 2249 qui

1037 2253 1241 2289 exciderunt
1256 2254 1350 2289 bono
1369 2255 1494 2300 aliqu0.

1083 2318 1157 2351 700.
1167 2307 1271 2341 Sacra
1279 2307 1435 2350 jugalia,-
1450 2306 1616 2343 Heinsius
1625 2320 1712 2343 con-

1036 2357 1186 2402 jecturat
1191 2362 1297 2401 pacta
1301 2358 1440 2402 jugalia
1449 2385 1458 2399 ‚
1472 2358 1508 2392 id
1520 2366 1571 2393 est
1582 2385 1592 2402 ‚
1604 2371 1712 2404 spon-

1037 2409 1128 2443 salia.
1142 2409 1258 2444 Immo
1273 2409 1360 2454 ipsas
1375 2410 1514 2455 nuptias
1530 2410 1691 2456 intelligit
1701 2437 1710 2454 ,

1038 2474 1116 2506 quae
1129 2487 1138 2505 ,
1156 2460 1279 2496 additis
1295 2464 1418 2502 saenis,
1437 2461 1712 2498 celebrabantur.

1037 2531 1082 2538 -·-
1094 2512 1230 2547 Heinsii
1246 2513 1448 2557 conjectura
1464 2513 1562 2548 nullo
1581 2513 1711 2550 Codice

1038 2564 1256 2608 confirmata,
1267 2564 1363 2609 parvi
1377 2566 1567 2609 momenti,
1586 2573 1624 2600 ut
1634 2566 1714 2611 plu-

1039 2629 1094 2651 res
1118 2615 1191 2651 aliae
1216 2615 1374 2661 ejusdem
1394 2617 1503 2652 critici
1522 2644 1532 2661 ,
1554 2617 1711 2653 videtur:

1040 2681 1140 2702 sacra
1144 2668 1283 2712 jugalia
1298 2669 1445 2702 verbum
1456 2668 1611 2703 solemne
1621 2667 1712 2714 apud

1041 2722 1222 2768 scriptores
1241 2721 1283 2758 de
1300 2721 1535 2758 matrimonio.
1557 2722 1623 2756 Ed.
