1832 3100
370 275 1086 323 METAMORPHOSEON
1123 279 1251 322 LIB.
1294 279 1385 324 IV.

240 369 368 420 Unde
389 370 447 418 sit
465 370 665 428 infamis3
691 389 825 437 quare
848 369 959 419 male
981 370 1174 419 sortibus
1198 371 1329 420 undis

1501 278 1586 322 313

1524 385 1589 422 285

178 447 384 497 Salmacis
407 459 603 506 enervet,
629 459 857 515 tactosque
880 447 1100 497 remolliat
1123 460 1268 506 artus,

176 523 344 574 Discite
365 544 375 572 :
395 543 525 574 causa
547 524 654 573 latet
677 545 687 573 ε
710 526 776 574 vis
802 538 868 574 est
892 526 1124 575 notissima
1146 527 1295 574 fontis.

175 602 398 651 Mercurio
421 621 609 669 puerum
634 602 733 651 diva
757 603 1018 670 Cythereide
1041 614 1195 652 natum

173 678 336 728 Naides
359 679 487 728 ldaeis
511 681 755 730 enutrivere
781 681 865 730 sub
889 680 1052 739 antris;

171 757 311 822 Cujus
335 770 428 807 erat
449 758 583 807 facies
598 797 610 818 ,
636 760 684 807 in
708 779 795 826 qua
815 771 1040 825 materque
1063 770 1275 824 paterque

170 834 396 898 Cognosci
418 849 605 902 possent
625 856 636 884 ε
657 856 823 885 nomen
847 855 1025 903 quoque
1048 836 1182 885 traxit
1205 836 1261 884 ab
1283 834 1386 885 illis.

165 913 212 961 Is
226 949 239 972 ,
263 912 347 962 tria
368 933 505 980 quum
529 915 723 981 primum
743 914 848 964 fecit
869 914 1194 982 quinquennia,
1218 925 1393 963 montes
1459 961 1463 965 .

166 1030 350 1075 gnomines
365 1032 491 1067 mutati
507 1040 600 1068 sunt.
615 1052 660 1059 —
672 1032 780 1068 Multi
795 1034 848 1069 le-

164 1090 253 1128 gunt
271 1083 407 1119 M'Iace.
427 1085 615 1120 Salmasius
626 1113 635 1129 ,
652 1087 690 1120 in
708 1087 844 1122 exercit.

164 1134 208 1170 ad
225 1135 316 1170 Plin.
336 1136 398 1182 733
413 1163 423 1180 ,
451 1136 554 1172 docet
565 1137 707 1198 differre
723 1140 845 1174 Smila-

164 1199 235 1221 cem
251 1194 287 1221 et
300 1188 470 1223 Milacem.
489 1188 581 1223 Vide
596 1196 713 1224 tamen
732 1190 846 1224 Mun-

163 1237 237 1272 ker.
254 1238 298 1274 ad
313 1239 470 1276 Lactant.
495 1240 642 1287 Argum.
659 1261 703 1268 —
725 1243 845 1277 Nostri

165 1303 306 1337 quoque
323 1291 446 1338 Regii,
463 1294 601 1329 M‘lace.
618 1312 663 1323 -··
687 1297 816 1330 Tenebo
833 1323 842 1337 ‚

165 1342 356 1378 oblectabo.
365 1363 410 1370 —
421 1346 573 1387 Novitas,
589 1347 752 1382 nondum
766 1349 845 1383 vul-

166 1401 244 1440 gata
273 1395 388 1431 fabula
405 1411 414 1438 ς
440 1409 542 1432 novae
572 1406 690 1434 autem
721 1400 844 1436 sabulae

163 1448 279 1481 dulces
292 1455 388 1492 sunt,
400 1449 626 1486 libentissime
640 1451 842 1487 audiuntur.

165 1498 291 1535 Horat.
306 1500 350 1535 A.
362 1501 402 1536 P.
414 1502 491 1548 223,
501 1508 601 1547 grata
610 1508 756 1539 novitate
770 1519 843 1541 mo-

163 1555 236 1586 rari
244 1557 458 1596 spectatores.

205 1605 281 1639 285.
304 1605 451 1650 Infimis
472 1607 564 1653 apud
583 1609 730 1644 Veteres
756 1610 841 1644 Sal-

160 1658 286 1696 macis,
313 1656 393 1692 sous
412 1656 525 1693 Cariae
538 1685 548 1703 ,
576 1658 643 1694 hoc
665 1661 812 1695 nomine
826 1688 836 1705 ,

160 1706 254 1752 quod
277 1721 319 1743 ex
335 1721 379 1743 eo
393 1710 553 1747 bibentes
567 1739 577 1756 ,
598 1725 710 1758 eoque
728 1727 764 1749 se
788 1714 841 1749 la-

158 1766 280 1796 vantes
291 1761 474 1799 effeminet
485 1790 495 1808 ,
512 1764 715 1812 molliatque
728 1776 736 1799 τ
748 1769 840 1802 cons.

158 1808 248 1856 XV,
275 1813 351 1862 3¹9·
378 1813 531 1851 Causam
557 1816 662 1864 hujus
685 1819 839 1855 infamiae

156 1864 392 1909 quasiverunt
401 1868 515 1904 multi.
530 1870 707 1915 Vitruvio,
726 1872 763 1907 11
774 1898 783 1916 ,
796 1873 816 1906 8
825 1898 835 1915 ,

155 1915 319 1951 credibile
340 1918 480 1954 videtur
497 1946 506 1963 ,
538 1920 647 1956 Caras
672 1923 837 1958 barbaros

157 1974 193 2002 et
207 1968 370 2005 efferatos
387 1970 573 2007 dulcedine
598 1973 704 2018 hujus
730 1976 835 2011 sontis

157 2017 296 2054 allectos
320 2033 393 2056 esse
412 2047 422 2065 ,
453 2029 493 2057 ut
517 2036 559 2057 ex
582 2025 763 2060 montibus
791 2025 836 2060 ad

158 2082 240 2105 eum
255 2071 504 2119 decurrerent,
522 2076 658 2122 ibique,
677 2090 787 2123 quum
798 2078 836 2113 in

158 2134 268 2158 unam
282 2125 484 2161 societatem
503 2127 730 2174 coaluissent,
749 2143 837 2176 pau-

156 2174 255 2210 latim
276 2177 452 2214 molliores
469 2192 586 2215 mores
606 2191 835 2219 assumerent.

157 2226 212 2262 Ex
230 2235 350 2264 mente
366 2237 485 2266 autem
498 2232 594 2268 Sexti
605 2234 765 2280 Pompeii
775 2249 834 2271 ne-

155 2278 262 2324 quitia
270 2293 462 2326 puerorum
472 2284 833 2333 puellarumque,pro-

153 2332 284 2368 miscue
301 2334 338 2369 in
356 2335 423 2387 lioc
441 2350 477 2372 se
498 2338 595 2373 sonte
616 2339 807 2376 lavantium
821 2368 830 2386 ,

151 2385 325 2431 originem
340 2387 494 2424 insamiae
505 2390 660 2427 dederat.
680 2393 736 2428 Ab
745 2394 833 2429 effe-

150 2437 291 2473 minatis
301 2440 495 2476 accolarum
505 2443 662 2479 moribus
672 2444 762 2480 hanc
772 2446 832 2481 in-

149 2488 294 2524 famiam
311 2499 431 2536 poetas
454 2496 667 2532 transtulisse
685 2498 727 2532 ad
743 2499 831 2533 son-

149 2547 236 2585 tem,
245 2550 369 2578 monet
378 2545 507 2581 Strabo
515 2573 525 2590 ,
539 2548 597 2584 lib.
607 2549 707 2585 XIV.
716 2551 830 2587 Aucta

151 2601 204 2630 est
219 2596 333 2631 sabula
348 2610 403 2641 eo,
417 2599 511 2644 quod
520 2601 633 2637 vicina
643 2611 744 2638 erant
755 2604 830 2639 Ve-

151 2647 246 2683 neris
256 2655 291 2683 et
302 2649 472 2685 Mercurii
489 2653 618 2698 templa
631 2679 640 2697 ,
656 2667 733 2700 quae
740 2658 829 2690 Her-

149 2702 392 2744 maphroditum
406 2711 615 2748 genuerunt.
629 2705 671 2740 In
685 2707 828 2742 Anthol.

911 1032 1020 1067 miam
1042 1031 1217 1067 amolitur.
1234 1031 1363 1067 Noster
1377 1044 1454 1066 rem
1470 1043 1588 1067 rursus

911 1099 952 1121 ex
973 1085 1095 1120 sabulis
1110 1084 1245 1130 repetit.
1267 1084 1431 1119 Pluribus
1448 1084 1589 1119 virtuti-

909 1137 974 1171 bus
986 1136 1090 1182 hujus
1107 1137 1171 1171 loci
1190 1136 1348 1171 tractatio
1359 1135 1590 1171 commenda-

910 1195 978 1223 tur.
1011 1189 1206 1223 Amoenitas
1234 1188 1340 1223 sontis
1357 1214 1368 1231 ,
1399 1187 1559 1222 mollities
1576 1213 1587 1230 ‚

909 1241 1084 1276 blanditiae
1096 1268 1105 1285 ,
1121 1243 1221 1276 furor
1231 1248 1266 1275 et
1276 1241 1472 1276 colluctatio
1480 1241 1587 1288 Nym-

909 1293 999 1339 phae,
1009 1301 1084 1328 tum
1094 1294 1293 1340 simplicitas
1302 1294 1400 1340 pueri
1408 1294 1497 1342 bene
1507 1299 1590 1328 sunt

909 1344 1079 1391 descripta
1090 1353 1126 1380 et
1136 1346 1293 1391 plurimis
1305 1343 1587 1381 similitudinibus

909 1405 1084 1433 exornata.
1097 1400 1244 1432 —Male
1250 1398 1361 1441 sortes
1377 1397 1510 1432 dictum
1521 1422 1531 1440 ,
1550 1404 1588 1430 ut

913 1448 995 1494 187,
1014 1462 1080 1483 non
1106 1452 1240 1493 inIn-Idm
1268 1453 1356 1485 male
1378 1449 1475 1484 enim
1498 1460 1586 1494 saepe

907 1507 1014 1545 negat
1025 1527 1034 1544 ,
1052 1508 1092 1535 ut
1108 1504 1195 1535 male
1209 1513 1331 1542 sanus,
1351 1503 1440 1535 mole
1447 1503 1586 1535 sobrius.

907 1570 952 1578 —-
964 1554 1162 1594 Remolliat,
1183 1552 1326 1587 molliat.
1337 1552 1405 1586 Vix
1413 1552 1481 1587 hoc
1487 1564 1586 1586 com-

906 1605 1060 1650 positum
1071 1605 1119 1640 sic
1128 1605 1218 1651 apud
1231 1605 1467 1651 antiquiorem
1478 1605 1587 1651 scrip-

907 1663 1023 1691 torem
1044 1657 1204 1692 occurrit.
1226 1656 1432 1692 Secundum
1447 1657 1585 1691 Vitruv.

906 1722 1042 1744 venereo
1065 1712 1176 1744 morbo
1203 1712 1402 1755 implicabat
1425 1709 1489 1755 (in
1516 1722 1584 1744 ve-

905 1774 1031 1802 nerem
1043 1761 1212 1807 proclives
1223 1760 1415 1806 reddebat)
1431 1773 1507 1805 eos,
1525 1761 1588 1806 qui

903 1812 988 1848 inde
1000 1814 1171 1849 biberant.
1189 1815 1261 1849 Pro
1278 1826 1321 1848 eo
1337 1826 1420 1848 mox
1435 1840 1444 1857 ,
1468 1814 1585 1847 molles

903 1871 939 1900 et
962 1869 1148 1910 impudicos
1179 1869 1322 1902 reddere.
1347 1866 1406 1902 Sic
1433 1873 1468 1902 et
1491 1866 1582 1912 apud

904 1917 1118 1952 Strabonem
1142 1917 1175 1952 d.
1207 1918 1228 1952 l.
1254 1923 1435 1963 μαλακίζειν
1460 1918 1581 1964 capies.

905 1969 1028 2014 Quam
1040 1970 1112 2004 vim
1124 1976 1244 2004 autem
1260 1971 1390 2006 Noster
1405 1970 1439 2004 h.
1451 1983 1482 2005 v.
1496 1970 1580 2005 sub·

902 2023 1024 2067 jecerit
1035 2049 1044 2067 ,
1061 2037 1102 2058 ex
1117 2037 1221 2059 versu
1239 2025 1303 2060 385
1313 2051 1324 2069 ‚
1337 2032 1479 2072 apparet
1494 2051 1504 2068 ‚
1520 2025 1580 2060 sa—

901 2090 980 2112 cere
996 2078 1211 2113 semivirum.
1232 2097 1278 2105 -
1299 2079 1424 2121 Latet,
1443 2091 1578 2124 nempe

900 2129 1016 2175 vulgo.
1035 2130 1131 2177 Ergo
1149 2131 1309 2167 Alcithoe
1330 2145 1408 2167 eam
1425 2132 1499 2167 vult
1516 2145 1581 2168 ex—

899 2181 1037 2227 plicare.
1053 2201 1097 2210 —-
1121 2185 1200 2226 Vt's,
1224 2191 1350 2219 natura
1365 2184 1541 2220 mirabilis.

943 2235 1018 2270 288.
1034 2237 1201 2271 Mercurio
1212 2251 1360 2281 puerum.
1376 2238 1485 2272 Hunc
1498 2249 1580 2283 pue-

898 2299 1000 2332 rum,
1026 2301 1046 2323 a
1062 2290 1264 2335 parentibus
1289 2290 1578 2336 Hermaphrodi—

897 2347 976 2376 tum
987 2341 1121 2377 dictum
1133 2370 1142 2387 ,
1162 2344 1326 2390 Hyginus
1335 2370 1345 2388 ,
1357 2343 1424 2378 sab.
1436 2357 1496 2388 27¹
1512 2370 1521 2387 ‚
1540 2343 1577 2377 in

896 2394 1039 2440 ephebis
1065 2397 1321 2432 formosissimis
1343 2403 1511 2431 recenset.
1534 2414 1578 2422 —

895 2448 1045 2491 Naides5
1063 2446 1187 2482 Codex
1198 2448 1328 2494 Regius
1341 2449 1372 2482 A
1381 2474 1391 2491 ,
1405 2449 1574 2490 Naiadas,

895 2505 935 2533 ut
950 2500 1020 2543 jam
1032 2501 1240 2536 notavimus.
1251 2503 1316 2535 Ed.
1326 2520 1371 2527 —-
1379 2502 1420 2535 In
1431 2513 1499 2546 qua
1507 2507 1572 2536 etc.

896 2552 987 2587 Plin.
1005 2554 1052 2597 V,
1070 2554 1135 2599 Ep.
1153 2565 1217 2588 xw
1229 2580 1238 2598 ,
1267 2553 1337 2588 filia
1353 2558 1483 2597 patrem
1506 2567 1575 2590 et-

894 2607 1094 2648 scripserat,
1112 2604 1219 2639 veluti
1237 2604 1280 2638 ad
1297 2604 1487 2651 imaginem
1504 2617 1573 2650 pa·-

895 2655 956 2689 tris
978 2656 1067 2700 picta
1083 2661 1168 2690 erat.
1186 2675 1229 2682 —
1256 2657 1428 2702 cognosci.
1447 2657 1570 2700 Unus,

893 2711 1045 2752 agnosci.
1076 2708 1178 2754 Regii
1207 2709 1318 2744 nostri
1344 2710 1476 2746 habent
1506 2722 1571 2744 co·—

151 2763 184 2796 p.
204 2752 284 2796 130,
302 2761 409 2789 exstat
428 2755 642 2801 epigramma
661 2758 800 2804 elegans
816 2786 826 2804 ,
890 2764 1021 2805 gnos-ci.

152 2803 247 2847 quod
269 2817 414 2843 omnem
440 2808 481 2844 ab
508 2807 574 2845 hoc
607 2810 704 2846 sonte
729 2810 827 2846 insa-

937 2827 1012 2861 29²·
1024 2816 1359 2861 Fecilqm'nquenm'a.
1373 2817 1497 2852 Facere
1510 2826 1573 2848 on-
