1832 3100
401 214 1085 277 METAMORPHOSEON
1123 218 1238 262 ΠΒ.
1273 217 1365 264 1v.

1511 217 1599 280 3377

177 308 396 369 Paulatim
419 310 546 359 tereti
571 309 808 358 sinuantur
827 309 1028 358 acumine
1050 328 1190 358 crura.

175 387 361 438 Brachia
380 386 470 452 jam
492 397 662 435 restant
683 406 693 434 :
716 405 813 454 quae
836 398 1005 435 restant
1020 423 1032 444 ‚
1056 386 1240 436 brachia
1265 386 1434 446 tendit3

1536 401 1602 438 580

174 466 235 515 Et
253 464 456 532 lacrymis
477 483 558 532 per
579 464 725 514 adhuc
746 464 940 513 humana
960 463 1204 512 fluentibus
1230 483 1306 512 ora
1321 501 1333 523 ‚

178 565 202 587 α
229 543 427 602 Accede,
451 562 479 591 o
503 544 691 609 conjux,
716 542 870 592 accede
885 579 896 600 ‚
921 541 1188 599 miserrima,
1209 541 1348 599 dixin

173 642 200 664 »
222 621 443 688 Dumque·
457 621 626 688 aliquid
646 633 852 689 superest
870 620 923 669 de
947 639 1017 669 me
1031 659 1042 679 ‚
1063 640 1133 669 me
1155 632 1286 683 tange
1304 640 1314 676 ;
1337 639 1605 688 manumque

171 719 197 741 >›
222 698 404 766 Accipe,
418 699 525 748 dum
537 720 695 749 manus
709 712 790 755 est3
805 699 911 748 dum
930 719 1021 748 non
1036 711 1182 748 totum
1196 711 1386 767 occupat
1400 699 1571 763 anguis.
1582 723 1605 742 ›>

166 775 248 826 Ille
273 777 452 844 quidem
473 777 571 826 vult
593 778 722 845 plura
747 777 899 845 loqui;
925 778 1002 827 sed
1025 777 1177 840 lingua
1201 789 1382 845 repente

1536 791 1604 829 585

165 855 221 902 In
243 867 392 922 partes
418 868 488 905 est
506 854 608 922 fissa
633 857 742 905 duas
762 876 772 904 :
796 875 878 905 nec
902 856 1036 904 verba
1058 855 1227 904 volenti

165 937 434 996 Sufficiunt3
461 939 726 1006 quotiesque
749 938 925 1006 aliquos
947 951 1075 1006 parat
1096 939 1224 987 edere
1247 949 1430 1005 questus
1446 976 1458 996 ‚

164 1019 327 1069 Sibilat
346 1040 357 1070 :
378 1020 493 1070 hanc
518 1021 586 1069 illi
609 1041 763 1070 vocem
786 1023 958 1070 Natura
977 1021 1206 1088 relinquit.

163 1102 295 1151 Nuda
316 1122 450 1151 manu
475 1103 640 1152 feriens
663 1103 878 1151 exclamat
899 1115 1079 1170 pectora
1103 1104 1266 1169 conjux
1281 1140 1294 1161 ‚

166 1208 191 1229 «
221 1184 388 1234 Cadme
403 1223 416 1243 ,
438 1204 595 1243 mane;
622 1197 756 1252 teque
779 1186 851 1234 his
874 1186 1028 1235 infelix
1051 1205 1162 1234 exue
1185 1186 1413 1235 monstris.

166 1289 191 1310 »
220 1267 402 1327 Cadme,
417 1268 525 1335 quid
535 1268 643 1316 hoc?
654 1269 735 1317 ubi
746 1268 935 1335 pes?ubi
946 1280 1050 1317 sunt
1059 1268 1325 1335 humerique
1333 1287 1579 1335 manusque

1536 1200 1603 1250 590

1583 1270 1603 1303 ἰ’

165 1371 189 1392 >>
216 1350 278 1398 Et
298 1349 448 1408 color,
476 1362 521 1399 et
542 1349 701 1408 facies,
729 1362 774 1399 et
789 1388 802 1409 ‚
826 1350 933 1399 dum
953 1350 1136 1418 loquor,
1163 1351 1346 1404 omnia?
1370 1370 1449 1400 cur
1470 1371 1566 1399 non

163 1454 188 1474 »
213 1432 291 1480 Me
315 1451 493 1500 quoque
508 1470 520 1491 ‚
549 1432 767 1491 caelestes,
793 1433 841 1480 in
862 1434 1061 1483 eamdem
1083 1434 1256 1482 vertitis
1279 1435 1504 1497 anguem?
1523 1456 1549 1476 »

159 1514 375 1564 Dixerat:
394 1513 469 1563 ille
494 1533 583 1564 suae
605 1514 833 1565 lambebat
854 1516 1058 1582 conjugis
1083 1535 1186 1574 ora;

202 1646 276 1681 583.
286 1647 443 1691 Dumque
452 1648 586 1691 aliquid
592 1653 656 1682 etc.
667 1646 838 1692 Expressa

155 1697 230 1733 haee
251 1697 419 1733 videntur
441 1711 483 1734 ex
511 1698 730 1744 Euripideis,
760 1713 838 1745 quae

153 1750 302 1785 servavit
317 1751 565 1797 Hermogenes
578 1778 587 1795 ,
602 1764 636 1797 p.
657 1752 723 1787 226
739 1766 813 1798 sqq.
827 1765 836 1788 :

151 1802 231 1838 vide
248 1803 397 1839 Valken.
414 1803 565 1839 Diatrib.
588 1803 708 1850 Eurip.
727 1818 759 1851 p.
786 1819 836 1840 ια.

153 1860 268 1901 Oinoe*
283 1857 399 1906 δράκων
409 1872 469 1902 μου
479 1862 617 1901 γίγνεται
633 1860 668 1892 τό
682 1856 712 1902 γ’
731 1860 837 1902 ἥμισυ.

152 1911 262 1944 Τὲκννν
281 1935 291 1953 ,
320 1911 520 1959 εερικλάκηθι
549 1916 593 1958 τῷ
619 1915 714 1957 λοιπῷ
735 1915 837 1960 πατρί.

153 1959 292 1996 Confer
312 1962 365 1997 lx
378 1987 388 2003 ,
410 1961 475 1996 386
490 1962 684 2006 sqq—De
697 1974 766 2000 me,
784 1974 840 1996 me

151 2017 260 2057 tange.
267 2012 471 2048 Gronovius
480 2013 618 2048 volebat
624 2014 666 2047 de
676 2026 727 2047 me
736 2015 834 2056 mihi,-

151 2067 275 2109 Iange,
303 2063 398 2110 quod
417 2063 528 2110 placet
548 2065 767 2099 Burmanno.
789 2082 835 2092 —

154 2114 277 2150 Codex
293 2116 424 2162 Regius
439 2117 470 2151 B
483 2116 588 2151 habet
605 2119 647 2151 de
662 2130 729 2156 me,
756 2128 830 2159 me,-

150 2167 188 2202 in
209 2166 343 2203 Codice
360 2168 392 2204 A
413 2168 563 2203 alterum
582 2182 633 2203 me
647 2169 832 2203 omittitur.

149 2238 195 2248 —-
225 2221 344 2255 Totum
366 2225 516 2265 occupat.
545 2221 714 2255 Heinsius
737 2233 832 2255 con-

147 2273 300 2320 jecturat
331 2277 436 2307 totam
448 2300 456 2313 ‚
490 2273 618 2308 scilicet
631 2300 640 2317 ,
671 2285 829 2308 manum.

154 2326 274 2359 Totam
288 2323 412 2359 Codex
431 2325 562 2371 Regius
578 2325 608 2359 Β
626 2325 754 2360 habere
770 2325 830 2360 vi-

148 2376 263 2413 detur.
280 2394 325 2405 ·-
345 2379 503 2422 Repente.
530 2378 737 2414 Basileensis
751 2405 761 2422 ‚
777 2382 832 2413 Io-

146 2433 278 2474 quente'3
292 2430 403 2465 nostri
417 2430 532 2476 Regii,
542 2434 831 2476 repente—Rima

146 2484 244 2516 duas.
266 2481 359 2516 Vide
378 2481 421 2516 ad
440 2482 520 2526 111,
541 2484 594 2527 34.
609 2501 653 2511 —-·
673 2485 827 2525 Valenti,

147 2546 276 2579 nempe
289 2533 386 2578 loqui
398 2533 494 2568 :vide
506 2534 549 2568 ad
567 2535 602 2570 II
613 2561 623 2578 ,
646 2537 716 2571 128.
733 2535 828 2581 Ergo

143 2588 296 2631 loquenti
309 2611 318 2626 ,
348 2584 443 2630 quod
475 2586 637 2621 nonnulli
665 2586 795 2621 habent
815 2614 824 2628 ,

146 2639 247 2675 fluxit
275 2653 294 2675 e
320 2641 548 2676 correctione.
565 2659 609 2668 ·—-
629 2646 829 2686 Quotiesquc

147 2699 213 2727 etc.
235 2691 371 2727 Confer
384 2693 400 2727 1
414 2719 424 2736 ‚
444 2694 520 2740 637.

191 2745 266 2795 590.
281 2747 349 2779 His
367 2749 524 2780 monstris
537 2772 547 2790 ‚
572 2745 636 2781 hac
649 2745 827 2784 horrenda

300 2806 406 2850 III.

903 1649 1029 1683 forma.
1042 1646 1265 1683 Schirachius
1285 1647 1448 1694 intelligit
1459 1649 1594 1695 singula

903 1699 1055 1734 monstri
1079 1701 1239 1735 membra
1254 1727 1263 1744 ‚
1292 1713 1454 1745 squamas
1469 1726 1478 1744 ‚
1506 1700 1594 1735 vul—-

904 1760 960 1788 tus
973 1779 983 1797 ,
1013 1760 1078 1789 etc.
1103 1754 1222 1788 Immo
1245 1750 1386 1799 pluralis
1412 1765 1477 1798 pro
1505 1753 1592 1798 sing.

904 1805 961 1839 III
972 1831 982 1848 ,
1001 1805 1067 1849 673
1082 1818 1090 1839 :
1108 1808 1144 1839 in
1157 1819 1227 1850 quae
1241 1807 1407 1839 miracula
1421 1807 1558 1839 vertet-115
1572 1805 1593 1838 ?

903 1856 1010 1891 Mirae
1044 1863 1164 1891 autem
1196 1856 1523 1891 transformationes
1557 1863 1594 1891 et

902 1913 1052 1943 monstra
1067 1915 1103 1942 et
1116 1911 1281 1942 miracula
1299 1907 1365 1942 dici
1383 1908 1507 1943 solent.
1530 1908 1566 1943 II
1578 1934 1589 1953 ,

902 1963 966 2007 367
979 1976 989 2003 ;
1007 1962 1059 1996 IX
1069 1988 1078 2003 ,
1093 1962 1168 1997 666.
1180 1980 1225 1989 -
1239 1963 1372 2006 Ubtpes
1382 1962 1401 1996 ?
1412 1968 1478 1997 etc.
1489 1961 1587 1996 Male

899 2014 937 2048 in
952 2026 1091 2049 summa
1103 2014 1213 2048 animi
1229 2013 1494 2059 perturbatione
1511 2017 1589 2048 sin-

900 2067 979 2111 gula
993 2067 1154 2101 membra
1169 2073 1339 2102 recenset.
1348 2068 1562 2101 —Eamdem
1570 2093 1581 2109 ,

898 2118 1063 2154 similem.

934 2173 1009 2219 594.
1020 2174 1084 2206 Ille
1090 2184 1160 2207 suoe
1166 2174 1339 2207 lambebat
1349 2172 1504 2216 conjugis
1514 2185 1583 2208 ora.

899 2225 1018 2260 Etiam
1034 2225 1175 2260 mutatis
1192 2232 1340 2260 manent
1351 2225 1496 2270 pristina
1508 2233 1585 2260 stu—

898 2277 955 2312 dia
972 2290 981 2312 :
999 2290 1201 2323 quanquam
1220 2276 1359 2312 Cadmo
1374 2278 1474 2312 annis
1486 2277 1582 2322 gravi

895 2330 960 2365 ista
975 2330 1103 2365 amoris
1114 2330 1212 2375 signa
1228 2330 1301 2374 jam
1318 2329 1461 2363 desueta
1478 2330 1581 2363 fuisse

895 2384 1072 2419 videntur.
1096 2384 1207 2419 Paulo
1223 2391 1302 2430 post
1314 2410 1323 2425 ,
1344 2383 1512 2421 Heinsius
1526 2409 1535 2425 ,
1563 2395 1582 2417 e

895 2436 1045 2481 vestigiis
1063 2443 1283 2470 vetustorum
1300 2434 1474 2469 Codicum
1487 2460 1498 2476 ,
1515 2434 1579 2468 in-

894 2494 1034 2521 vexerat
1051 2493 1091 2521 at
1111 2490 1192 2522 illos
1215 2487 1405 2533 (comites)
1431 2487 1580 2520 Lubrica

885 2543 1094 2585 permulcent
1117 2544 1255 2575 crtlrtatae‘
1282 2541 1374 2573 colla
1400 2541 1576 2573 dracones.

895 2592 948 2626 lta
979 2592 1177 2626 Harmonia
1207 2603 1352 2636 serpens
1385 2597 1436 2625 est
1454 2616 1463 2633 ,
1495 2596 1578 2625 ante

895 2656 1000 2689 quam
1027 2650 1195 2680 mutatur.
1221 2643 1294 2679 Nos
1310 2642 1577 2688 igitur-revoca·-

893 2696 1006 2730 vimus
1026 2695 1206 2740 antiquam
1225 2695 1410 2730 lectionem
1428 2721 1438 2738 ‚
1469 2708 1574 2740 quam

894 2747 1026 2795 flagitat
1047 2755 1241 2784 contextus.
1264 2747 1381 2783 Draco
1400 2747 1578 2783 blanditur

1338 2825 1391 2851 22
