1832 3100
313 228 396 283 154

676 231 727 273 P.
762 230 996 277 OVIDII
1029 231 1333 277 NASONIS

305 324 421 371 Tum
440 323 632 389 primum
657 324 791 373 radiis
814 324 946 388 gelidi
970 324 1140 374 caluere
1163 327 1351 376 Triones
1367 364 1379 384 ‚

305 406 366 453 Et
385 406 519 454 vetito
542 406 706 455 frustra
729 419 955 456 tentarunt
976 426 1148 473 aequore
1169 409 1325 472 tingui.

305 487 502 554 Quaeque
520 488 625 554 polo
645 489 791 555 posita
815 501 882 537 est
907 488 1076 551 glaciali
1102 490 1304 556 proxima
1328 509 1527 558 serpenS‚

303 568 483 631 Frigore
506 569 632 636 pigra
651 571 776 637 prius
791 609 802 627 ‚
827 590 907 619 nec
929 571 1223 619 formidabilis
1246 571 1352 630 ulli,

303 649 512 708 Incaluit3
538 653 781 719 sumsitque
802 672 939 701 novas
958 653 1206 701 fervoribus
1233 652 1333 701 iras.

1657 669 1718 716 175

301 731 365 778 Te
389 751 565 799 quoque
589 734 817 783 turbatum
840 747 1085 784 memorant
1106 734 1296 798 fugisse,
1318 736 1462 783 Boote
1477 772 1490 792 ‚

303 813 516 876 Quamvis
541 816 691 865 tardus
715 836 831 876 eras,
853 829 897 866 et
920 830 960 866 te
984 829 1056 865 tua
1079 817 1276 883 plaustra
1300 817 1521 866 tenebant.

346 974 417 1007 17¹·
441 963 523 996 Tum
531 966 673 1007 primum
689 970 753 999 etc.
772 965 842 999 Hic
857 978 976 1000 versus

296 1013 343 1047 ita
367 1014 493 1060 legitur
513 1016 548 1049 in
574 1023 695 1050 nostro
724 1016 814 1053 Cod.
838 1018 881 1053 R.
906 1019 973 1054 Α.τ

296 1065 384 1098 Solis
393 1070 460 1099 turn
473 1068 581 1101 radiis
588 1069 868 1111 gelidlz'ncaluere
885 1070 975 1103 Trio-

296 1129 365 1149 nes.
383 1135 426 1142 -
448 1119 604 1161 Triones,
627 1125 761 1164 septem
776 1119 881 1154 stellae
897 1120 973 1154 cla-

295 1166 439 1202 rissimae
450 1167 487 1201 in
499 1168 590 1202 Ursa
604 1169 749 1214 majore,
766 1183 850 1214 quas
860 1169 973 1205 Graeei

297 1220 419 1263 ἅμαξαν
433 1246 442 1263 ,
474 1221 688 1266 plaustrum,
711 1222 827 1256 Latini
850 1227 973 1266 seplem

296 1274 419 1305 triones
427 1271 601 1314 dixerunt,
611 1273 689 1318 quia
700 1273 783 1307 olim
791 1274 854 1308 sub
864 1274 972 1319 plaus-

296 1323 362 1366 tri,
389 1331 450 1358 aut
465 1332 599 1369 septem
615 1325 722 1359 boum
734 1351 743 1368 ,
762 1326 845 1372 jugo
862 1327 972 1371 junc-

297 1381 429 1418 torum,
445 1377 558 1421 specie
575 1377 975 1422 comprehendebantur.

304 1428 443 1461 Triones
469 1429 586 1464 vocab.
611 1430 781 1470 rusticum
811 1437 846 1465 et
878 1430 976 1465 anti-

295 1492 406 1524 quum
419 1506 429 1524 ,
459 1493 529 1526 quo
554 1482 638 1516 olim
665 1482 770 1519 boves
795 1483 976 1528 significa—

294 1532 449 1566 bantur:
469 1533 600 1580 Hygin.
622 1534 661 1568 P.
680 1534 722 1569 A.
742 1535 777 1569 Π
795 1561 804 1578 ,
824 1549 842 1568 2
859 1549 867 1576 ς
896 1534 975 1569 Gel-

295 1584 382 1627 lius,
414 1586 457 1620 N.
478 1585 522 1619 A.
546 1586 604 1629 11,
625 1600 676 1620 21.
703 1587 750 1621 H.
768 1587 789 1621 l.
807 1594 846 1621 ut
859 1600 948 1632 saepe
962 1613 972 1630 ‚

294 1637 500 1683 intelligitur
524 1638 617 1673 Ursa
638 1639 753 1684 major
782 1646 817 1674 et
846 1640 972 1675 minor.

296 1689 418 1734 Virgil.
429 1690 513 1725 AEn.
528 1691 561 1733 1,
585 1691 666 1736 744,
681 1693 809 1735 gemini
827 1693 971 1726 Triones.

295 1742 366 1785 Hi,
394 1743 561 1787 quoniam
579 1743 678 1788 polus
692 1744 974 1789 septentrionalis

295 1806 400 1838 supra
426 1793 607 1830 finitorem
633 1801 795 1830 nostrum
821 1796 973 1830 elevatus

295 1851 365 1888 est,
383 1857 568 1890 nunquam
584 1846 748 1886 occidunt
760 1872 770 1889 ,
796 1853 875 1889 aut,
891 1859 972 1880 ser-

292 1911 399 1933 mone
436 1900 573 1945 poetico
587 1926 596 1943 ,
630 1912 816 1944 nunquam
846 1912 974 1944 oequore

292 1955 492 1996 tinguuntur.
512 1953 609 1988 Hinc
628 1953 781 1988 suaviter
796 1953 918 1998 Virgil.
928 1952 972 1987 G.

293 2003 331 2047 I,
361 2005 424 2047 246
445 2018 453 2039 :
478 2005 605 2040 Arctos
639 2006 772 2039 Oceani
793 2009 973 2039 metuentes

291 2069 418 2101 aequore
435 2061 550 2101 tingui.
584 2057 655 2093 Sed
675 2058 803 2093 Noster
818 2058 971 2092 fabulam

294 2108 351 2143 hic
361 2108 500 2154 respicit
513 2135 523 2153 ,
543 2122 648 2154 quam
659 2122 742 2144 mox
751 2110 909 2144 narrabit
924 2123 970 2144 vs.

293 2161 357 2195 528
372 2172 446 2205 sqq.
530 2198 537 2203 ἡ

339 2227 410 2258 17²-
431 2215 540 2248 Vetito
549 2226 684 2258 equore.
708 2215 851 2248 Velitum
863 2227 974 2259 aequor

294 2265 410 2310 (quod
424 2265 549 2299 imitati
559 2272 642 2300 sunt
655 2264 778 2299 Claud.
796 2266 897 2311 Rapt.
911 2267 969 2302 Pr.

292 2316 328 2350 II
342 2343 349 2356 ‚
370 2317 431 2363 89;
453 2323 488 2350 et
501 2316 584 2351 Sen.
598 2315 695 2351 Med.
708 2330 745 2351 vs
769 2316 849 2362 758)
864 2317 968 2353 Ovid.

291 2368 703 2404 memorat.-Caeterum
713 2369 969 2405 anachronismi

291 2435 327 2456 se
352 2434 455 2456 reum
480 2421 562 2456 fecit
587 2428 708 2467 poeta,
733 2421 825 2466 quod
851 2435 892 2456 ea
913 2422 968 2457 hic

290 2474 364 2517 jam
379 2472 493 2507 sidera
511 2480 767 2508 commemorat
780 2499 790 2517 ,
816 2486 967 2518 quorum

288 2525 460 2569 originem
497 2525 587 2559 insra
621 2525 767 2559 demum
803 2525 967 2560 narrabit.

291 2575 424 2621 Cuperi
440 2583 475 2611 et
490 2577 613 2611 Burm.
630 2578 782 2611 rationes
797 2589 871 2611 non
887 2577 967 2611 sus-

290 2627 415 2662 ficiunt
436 2628 618 2674 purgando
635 2636 756 2674 poetae.
772 2628 901 2663 Melius
916 2635 967 2663 est

287 2677 401 2712 dicere
411 2704 421 2722 ‚
437 2686 578 2724 poetam
589 2679 645 2714 hie
655 2706 664 2722 ,
679 2687 720 2714 ut
731 2679 856 2724 passim
866 2679 944 2714 alibi
954 2705 964 2723 ,

290 2730 463 2765 miscuisse
476 2744 595 2766 rerum
605 2739 767 2766 naturam
780 2738 814 2765 et
824 2731 966 2778 mytho-

1040 965 1178 1011 logiam.
1194 983 1239 991 -
1258 966 1387 1009 Pingui.
1411 963 1499 1000 Cod.
1524 964 1568 1000 R.
1583 965 1627 1001 A.
1643 966 1718 1000 sor-

1040 1018 1107 1052 tius
1124 1024 1159 1051 et
1173 1017 1362 1062 elegantius
1376 1019 1486 1060 mergi.

1086 1070 1157 1114 173.
1174 1070 1319 1112 Serpens.
1345 1068 1400 1103 De
1423 1073 1572 1112 serpente
1586 1067 1654 1104 vid.
1672 1068 1714 1104 ad

1039 1133 1086 1154 vs.
1099 1121 1318 1164 138.—P1·gra
1327 1147 1335 1160 ‚
1347 1121 1426 1165 quia
1435 1120 1531 1155 tarde
1542 1127 1714 1157 movetur.

1085 1185 1098 1205 1
1106 1173 1155 1217 74.
1167 1173 1410 1216 anrorcmgrm.
1419 1171 1608 1218 Serpentes
1617 1172 1713 1208 enim

1038 1236 1149 1268 quum
1165 1223 1294 1268 frigore
1311 1223 1426 1268 rigent
1439 1249 1449 1266 ‚
1474 1235 1612 1258 venena
1633 1230 1714 1259 tor—

1037 1282 1134 1321 pent;
1143 1274 1217 1319 sed,
1226 1276 1284 1310 ubi
1295 1275 1527 1319 incaluerunt,
1537 1275 1608 1310 vim
1614 1288 1713 1311 suam

1038 1328 1221 1373 recipiunt.
1232 1327 1323 1362 Vide
1336 1327 1460 1362 Senec.
1476 1327 1585 1373 Epist.
1599 1328 1714 1363 XLII.

1039 1380 1159 1439 Ipsum
1167 1379 1281 1424 srtgus
1303 1379 1430 1414 dicitur
1452 1382 1603 1424 pigrum,
1633 1380 1715 1441 quia

1038 1432 1174 1477 pigros,
1198 1431 1315 1467 tardos
1336 1431 1461 1466 reddit.
1479 1432 1615 1466 Verum
1630 1416 1714 1472 tales

1037 1486 1131 1520 lusus
1153 1485 1255 1520 alieni
1270 1492 1352 1521 sunt
1366 1486 1453 1520 tanti
1468 1485 1552 1520 mali
1562 1498 1714 1521 enarra-

1017 1554 1020 1558 ’
1038 1537 1144 1571 tione.

1086 1588 1156 1635 176.
1174 1589 1309 1622 Bootes.
1321 1588 1425 1622 Sidus
1435 1588 1614 1624 stellarum
1625 1589 1714 1624 XIV

1036 1640 1131 1684 juxta
1147 1640 1276 1674 Ursam
1296 1640 1468 1684 majorem
1483 1665 1492 1683 ,
1523 1653 1630 1685 quam
1649 1654 1713 1676 se-

1037 1691 1156 1735 quitur
1177 1697 1213 1724 et
1228 1690 1335 1725 veluti
1351 1698 1485 1734 servat,
1504 1690 1599 1726 unde
1616 1691 1711 1726 idem

1033 1743 1277 1788 Arctophylax.
1295 1742 1363 1777 Sed
1378 1755 1487 1787 quum
1498 1742 1591 1777 Ursa
1605 1742 1709 1777 etiam

1036 1796 1383 1839 ἅμα-ἀ,ρ1αιι.τίνιιιη,
1410 1802 1611 1838 vocaretur,
1636 1795 1712 1840 pla-

1034 1847 1106 1881 cuit
1128 1846 1256 1881 Graecis
1275 1847 1355 1881 huic
1372 1859 1510 1892 quoque
1532 1839 1636 1881 sideri
1652 1847 1712 1881 vi-

1035 1898 1136 1943 cino,
1159 1911 1292 1933 nomen
1324 1899 1372 1932 illi
1406 1898 1708 1933 accommodatum

1035 1952 1234 1997 imponere,
1247 1950 1342 1986 unde
1355 1951 1526 1992 Bootes,
1516 1964 1538 1985 1.
1555 1964 1584 1986 e.
1600 1951 1709 1987 boum

1035 2004 1203 2049 impulsor
1222 2029 1231 2047 ,
1263 2004 1431 2039 bubulcus
1447 2017 1455 2038 :
1471 2003 1550 2039 vide
1576 2005 1708 2052 Hygin.

1037 2056 1080 2090 A.
1098 2057 1138 2091 P.
1156 2056 1212 2099 11,
1241 2057 1269 2099 4.
1290 2057 1323 2090 Is
1339 2068 1422 2090 vero
1434 2081 1443 2099 ‚
1461 2068 1572 2101 quum
1587 2064 1623 2091 et
1637 2057 1708 2103 ipse

1033 2108 1133 2144 tarde
1149 2116 1342 2153 moveatur,
1357 2122 1375 2143 a
1392 2108 1553 2144 Juvenal.
1570 2109 1641 2145 Sat.
1660 2110 1707 2155 V,

1036 2165 1097 2207 23,
1127 2170 1162 2198 et
1188 2176 1206 2197 a
1232 2163 1361 2198 Nostro
1389 2162 1445 2198 111
1472 2163 1562 2199 Fast.
1580 2190 1590 2208 ,
1619 2166 1706 2209 405,

1028 2220 1125 2260 piger
1144 2222 1286 2250 vocatur
1301 2228 1310 2257 3
1332 2214 1366 2250 h.
1394 2215 1415 2251 l.
1442 2217 1578 2256 tardus,
1613 2215 1709 2261 quod

1034 2267 1213 2313 epitheton
1235 2267 1325 2301 bene
1341 2267 1505 2301 convenit
1527 2267 1681 2305 bubulcis
1694 2294 1704 2308 ‚

1034 2320 1092 2364 qui
1109 2325 1251 2364 propter
1260 2319 1367 2352 boum
1380 2318 1579 2352 tarditatem
1594 2325 1630 2352 et
1642 2318 1706 2363 ipsi

1032 2370 1122 2404 tardi
1137 2377 1228 2404 sunt.
1240 2369 1361 2415 Virgil.
1380 2369 1452 2404 Ecl,
1470 2369 1503 2403 X
1513 2394 1522 2412 ‚
1544 2381 1601 2416 19,
1616 2372 1712 2403 lardi

1031 2434 1147 2455 venere
1170 2423 1311 2455 bubulci.
1342 2419 1397 2455 Cf.
1428 2421 1579 2466 Propert
1619 2421 1674 2456 111
1693 2447 1704 2464 ,

1031 2472 1127 2516 Eleg.
1145 2483 1190 2505 111
1206 2498 1214 2515 ,
1245 2473 1297 2516 57.
1314 2490 1359 2496 —-
1377 2472 1556 2505 Turbatam
1568 2477 1654 2506 aestu
1669 2478 1705 2505 et

1032 2523 1194 2568 adspectu
1212 2523 1291 2557 solis
1311 2523 1424 2558 vicini.
1525 2517 1527 2521 ’

1078 2588 1148 2620 177.
1176 2576 1354 2610 Tenebant.
1379 2574 1488 2610 MSS.
1514 2573 1702 2618 nonnulli,

1025 2629 1182 2670 plaustra
1194 2629 1377 2662 trahebant.
1391 2644 1436 2653 —
1449 2628 1634 2670 Terrebant,
1649 2639 1705 2660 re-

1030 2678 1209 2721 tinebam,
1237 2678 1485 2721 morabantur,
1511 2689 1580 2722 quo
1599 2690 1703 2711 sensu

1030 2736 1137 2766 tenere
1153 2731 1244 2777 apud
1261 2730 1334 2766 Cic.
1352 2738 1387 2765 et
1396 2730 1477 2766 alios
1487 2730 1622 2775 passim.
1635 2731 1703 2765 Mi-
