1832 3100
259 244 314 271 20
522 243 527 253 ²
663 253 666 256 ⁴
771 232 1150 297 PRAEFATIO

256 320 369 370 sedis
381 320 561 371 caelestis
579 322 813 390 descriptio
826 361 838 382 ,
857 343 936 373 nec
951 325 1201 392 quisquam,
1225 327 1288 374 lv
1302 360 1314 384 ‚
1345 325 1434 393 787
1455 344 1552 394 sqq.
1564 362 1576 386 ‚
1600 326 1673 376 illa

358 451 552 504 Eripuisse
571 461 694 511 caput·
707 452 807 492 collo
822 482 832 501 ‚
856 454 1066 507 pennisque
1090 454 1258 510 fugacem

359 518 529 570 Pegason
548 526 586 556 et
604 518 754 557 fratrem
768 546 780 568 ‚
799 519 926 558 matris
949 519 995 558 de
1015 521 1195 575 sanguine
1218 530 1350 573 natos,

249 636 341 684 sine
371 635 555 685 aliorum
583 648 810 685 auctorum
841 636 1092 703 adjumento
1125 637 1351 704 intelliget.
1390 641 1537 691 Etiam
1567 641 1681 693 alibi,
1742 658 1748 659 ’

247 721 421 771 festina't
440 722 589 779 nimis,
613 721 865 788 omittitque
886 742 975 770 non
995 722 1259 782 omittenda.
1287 725 1403 774 unde
1426 725 1672 777 obscuritas

248 806 399 854 oritur.
422 835 471 841 —
487 807 552 854 IX
563 843 574 863 ‚
596 804 684 852 165
697 843 709 863 ‚
724 824 813 854 non
829 816 1030 873 apparet,
1048 827 1135 874 quo
1149 808 1281 858 modo
1292 808 1504 860 Hercules
1515 849 1527 870 ‚
1544 811 1670 861 factis

243 889 289 936 in
310 888 490 939 Euboeae
512 888 815 955 promontorio
836 888 967 937 sacris
981 927 992 947 ‚
1022 888 1166 938 OEten
1191 890 1374 940 vocibus
1397 891 1487 941 suis
1511 892 1671 961 imple-

244 972 365 1020 verit.
390 972 616 1020 Interdum
635 991 724 1020 non
747 973 852 1021 satis
874 972 1107 1040 perpendit
1122 1010 1134 1030 ‚
1161 992 1257 1039 quae
1277 973 1498 1023 scriberet.
1536 977 1639 1024 ’--”Ῑ
1654 1014 1666 1034 ,

244 1073 339 1122 270
353 1093 364 1113 ‚
391 1074 527 1122 quum
550 1068 665 1104 terra
686 1055 850 1104 diluvio
873 1056 1077 1104 vastanda
1100 1067 1233 1115 esset,
1258 1057 1339 1106 Iris
1361 1077 1496 1124 aquas
1513 1078 1537 1107 a
1556 1071 1671 1112 terra

242 1138 410 1196 haurit,
437 1157 544 1205 quas
564 1138 611 1185 in
634 1150 791 1186 terram
815 1138 1026 1187 demittat.
1057 1166 1107 1174 --
1132 1141 1226 1208 ΙΙΙ)
1252 1140 1307 1201 [μ
1336 1159 1433 1207 sqq.
1449 1178 1461 1200 ‚
1489 1160 1668 1208 serpens

240 1221 460 1270 immensiS
492 1221 679 1270 saltibus
706 1222 818 1288 petit
848 1241 949 1280 eos,
989 1222 1066 1289 qui
1091 1222 1290 1288 proxime
1321 1224 1507 1272 stabant.
1545 1224 1666 1273 Idem

239 1323 365 1353 versu
389 1304 449 1365 43
464 1342 474 1362 ,
499 1304 631 1353 media
640 1305 741 1370 plus
750 1316 871 1372 parte
891 1316 1044 1355 erectas
1060 1307 1101 1354 in
1123 1325 1246 1355 auras
1258 1304 1451 1373 Despl'Cit
1465 1326 1580 1356 omne
1597 1300 1668 1355 ne·-

239 1406 355 1443 mus;
387 1387 463 1435 sed
484 1406 610 1436 versu
635 1388 722 1454 94,
748 1400 868 1450 totus
892 1389 1054 1455 pendet
1075 1389 1123 1437 in
1151 1374 1322 1439 arbore.
1360 1419 1411 1426 —
1435 1391 1504 1449 V,
1541 1379 1635 1438 228
1652 1428 1663 1448 ‚

238 1472 422 1520 Perseus
444 1471 610 1520 Phinea
637 1490 813 1520 saxeum
839 1490 1009 1538 semper
1033 1472 1152 1520 domi
1180 1473 1367 1538 spectari
1389 1471 1485 1521 vult
1508 1492 1533 1521 a
1557 1483 1665 1521 c'on-

236 1555 365 1619 juge,
405 1573 504 1620 quae
528 1573 631 1602 vero
651 1553 985 1603 mox-relictura
1009 1566 1099 1603 erat
1123 1555 1303 1604 domum
1332 1566 1568 1621 paternam.
1610 1583 1662 1592 --

239 1639 348 1695 XII,
374 1636 468 1684 620
481 1674 493 1695 ‚
518 1638 710 1686 Somnus
730 1637 775 1685 in
797 1636 910 1686 lecto
933 1637 1201 1686 decumbens
1215 1648 1383 1704 pectora
1398 1639 1575 1704 percutit
1590 1658 1667 1687 nu-

237 1721 343 1768 tanti
369 1731 511 1768 mento.
551 1720 687 1769 Mitto
721 1721 934 1775 dictiones
966 1721 1301 1788 improbandas,
1340 1734 1416 1780 ut,
1443 1723 1510 1780 V,
1546 1721 1664 1783 426,

236 1802 519 1850 inconsolabile
546 1803 723 1859 vulnus,
761 1802 1068 1868 repetitionem
1098 1804 1291 1869 ejusdem
1323 1804 1526 1852 vocabuli
1554 1803 1667 1852 inter

236 1906 476 1955 paucorum
497 1906 700 1937 versuum
721 1887 958 1953 ambitum,
984 1899 1024 1935 et
1048 1887 1186 1935 multa
1204 1886 1300 1936 alia.
1321 1887 1444 1936 Talia
1461 1888 1666 1936 excidunt

235 1972 313 2030 iis,
338 1972 415 2037 qui
439 1991 515 2020 sua
537 1991 626 2020 non
648 1968 801 2020 sedulo
820 1970 1087 2036 conquirunt
1101 2007 1112 2028 ‚
1137 1970 1212 2018 sed
1235 1989 1257 2018 e
1279 1969 1393 2019 felici
1414 1970 1579 2034 ingenii
1597 1972 1664 2021 sui

235 2073 341 2103 vena
355 2092 366 2112 ‚
393 2038 515 2120 quasi
535 2065 699 2102 stantes
720 2053 829 2120 pede
849 2054 895 2101 in
916 2073 1005 2102 uno
1019 2091 1031 2112 ,
1051 2053 1260 2101 fundunt.

301 2137 470 2203 Ingenii
490 2156 592 2204 pars
623 2155 700 2195 ea,
737 2156 866 2202 quam
893 2136 1024 2203 paulo
1048 2149 1147 2184 ante
1179 2122 1415 2203 descripsi,
1447 2136 1592 2184 statim
1616 2135 1664 2185 in

237 2220 453 2287 principio
482 2219 684 2268 carminis
709 2218 875 2267 emicat.
911 2218 981 2265 Ibi
1011 2238 1100 2266 non
1123 2236 1265 2266 veram
1288 2218 1410 2267 rudis
1432 2218 1561 2267 molis
1582 2221 1662 2267 na'-

237 2308 378 2352 turam
398 2303 529 2351 nobis
552 2302 764 2369 explicat,
796 2302 872 2350 sed
898 2314 1116 2350 externam
1142 2322 1286 2351 rerum
1313 2316 1356 2366 ej
1383 2303 1660 2353 confusarum

236 2399 279 2434 et
307 2398 458 2452 postea
480 2386 788 2452 dispositarum
815 2384 997 2434 formam
1029 2386 1247 2444 ostendit,
1285 2385 1527 2452 acriterque
1559 2405 1660 2436 sen-

237 2469 426 2518 tiendam
448 2468 671 2535 proponit.

340 2591 481 2631 Nullus
500 2592 620 2631 adhuc
643 2590 785 2630 mundo
806 2588 995 2644 praebebat
1018 2571 1159 2651 lumina
1178 2589 1291 2627 Titan
1305 2619 1316 2637 ‚

342 2658 425 2696 Nec
445 2671 543 2695 nova
559 2656 761 2695 crescendo
783 2654 974 2708 reparabat
996 2667 1138 2693 cornua
1159 2653 1295 2694 Phaebe
1309 2682 1321 2702 ‚

262 2772 264 2774 v
341 2723 423 2764 Nec
442 2721 668 2761 circumfuso
693 2719 877 2773 pendebat
893 2720 935 2759 in
950 2734 1031 2760 aere
1050 2719 1160 2760 tellus
