<?xml version="1.0" encoding="UTF-8"?>
<!DOCTYPE html PUBLIC "-//W3C//DTD XHTML 1.0 Transitional//EN"
    "http://www.w3.org/TR/xhtml1/DTD/xhtml1-transitional.dtd">
<html xmlns="http://www.w3.org/1999/xhtml" xml:lang="en" lang="en">
 <head>
  <title>
</title>
<meta http-equiv="Content-Type" content="text/html;charset=utf-8" />
  <meta name='ocr-system' content='tesseract 3.04.00' />
  <meta name='ocr-capabilities' content='ocr_page ocr_carea ocr_par ocr_line ocrx_word'/>
</head>
<body>
  <div class='ocr_page' id='page_1' title='image "./quaeextantomniao03oviduoft_0447.png"; bbox 0 0 1832 3100; ppageno 0'>
   <div class='ocr_carea' id='block_1_1' title="bbox 324 196 1339 246">
    <p class='ocr_par' dir='ltr' id='par_1_1' title="bbox 324 196 1339 246">
     <span class='ocr_line' id='line_1_1' title="bbox 324 196 1339 246; baseline 0.001 -3"><span class='ocrx_word' id='word_1_1' title='bbox 324 196 1046 245; x_wconf 85' lang='lat' dir='ltr'><strong>METAMORPHOSEON</strong></span> <span class='ocrx_word' id='word_1_2' title='bbox 1083 201 1210 244; x_wconf 92' lang='lat' dir='ltr'>LIB.</span> <span class='ocrx_word' id='word_1_3' title='bbox 1247 201 1339 246; x_wconf 91' lang='lat' dir='ltr'>VI.</span> 
     </span>
    </p>
   </div>
   <div class='ocr_carea' id='block_1_2' title="bbox 1454 201 1542 256">
    <p class='ocr_par' dir='ltr' id='par_1_2' title="bbox 1454 201 1542 256">
     <span class='ocr_line' id='line_1_2' title="bbox 1454 201 1542 256; baseline 0 -12"><span class='ocrx_word' id='word_1_4' title='bbox 1454 201 1542 256; x_wconf 69' lang='lat'>415</span> 
     </span>
    </p>
   </div>
   <div class='ocr_carea' id='block_1_3' title="bbox 72 290 1548 1133">
    <p class='ocr_par' dir='ltr' id='par_1_3' title="bbox 128 290 1287 359">
     <span class='ocr_line' id='line_1_3' title="bbox 128 290 1287 359; baseline 0.002 -18"><span class='ocrx_word' id='word_1_5' title='bbox 128 290 375 358; x_wconf 67' lang='lat' dir='ltr'>Quaesierat</span> <span class='ocrx_word' id='word_1_6' title='bbox 397 291 547 341; x_wconf 82' lang='lat' dir='ltr'>studio</span> <span class='ocrx_word' id='word_1_7' title='bbox 571 292 1035 342; x_wconf 87' lang='lat' dir='ltr'>nomenmemorabile</span> <span class='ocrx_word' id='word_1_8' title='bbox 1049 330 1060 351; x_wconf 93' lang='lat'><strong>‚</strong></span> <span class='ocrx_word' id='word_1_9' title='bbox 1088 294 1287 359; x_wconf 89' lang='lat' dir='ltr'>quamvis</span> 
     </span>
    </p>

    <p class='ocr_par' dir='ltr' id='par_1_4' title="bbox 130 368 1256 436">
     <span class='ocr_line' id='line_1_4' title="bbox 130 368 1256 436; baseline -0.001 -17"><span class='ocrx_word' id='word_1_10' title='bbox 130 370 244 419; x_wconf 82' lang='lat' dir='ltr'>Orta</span> <span class='ocrx_word' id='word_1_11' title='bbox 266 369 403 421; x_wconf 89' lang='lat' dir='ltr'>domo.</span> <span class='ocrx_word' id='word_1_12' title='bbox 422 387 582 435; x_wconf 85' lang='lat' dir='ltr'>parva,</span> <span class='ocrx_word' id='word_1_13' title='bbox 607 368 754 435; x_wconf 85' lang='lat' dir='ltr'>parvis</span> <span class='ocrx_word' id='word_1_14' title='bbox 778 368 1008 418; x_wconf 84' lang='lat' dir='ltr'>habitabat</span> <span class='ocrx_word' id='word_1_15' title='bbox 1032 371 1256 436; x_wconf 81' lang='lat' dir='ltr'>Hypaepis.</span> 
     </span>
    </p>

    <p class='ocr_par' dir='ltr' id='par_1_5' title="bbox 128 445 1220 514">
     <span class='ocr_line' id='line_1_5' title="bbox 128 445 1220 514; baseline 0.001 -18"><span class='ocrx_word' id='word_1_16' title='bbox 128 446 277 512; x_wconf 86' lang='lat' dir='ltr'>Hujus</span> <span class='ocrx_word' id='word_1_17' title='bbox 298 457 350 495; x_wconf 89' lang='lat' dir='ltr'>ut</span> <span class='ocrx_word' id='word_1_18' title='bbox 371 445 647 512; x_wconf 80' lang='lat' dir='ltr'>adspicerent</span> <span class='ocrx_word' id='word_1_19' title='bbox 671 465 784 513; x_wconf 90' lang='lat' dir='ltr'>opus</span> <span class='ocrx_word' id='word_1_20' title='bbox 807 446 1086 505; x_wconf 82' lang='lat' dir='ltr'>admirabile,</span> <span class='ocrx_word' id='word_1_21' title='bbox 1108 466 1220 514; x_wconf 84' lang='lat' dir='ltr'>saepe</span> 
     </span>
    </p>

    <p class='ocr_par' dir='ltr' id='par_1_6' title="bbox 127 523 1547 669">
     <span class='ocr_line' id='line_1_6' title="bbox 127 523 1547 591; baseline 0.001 -19"><span class='ocrx_word' id='word_1_22' title='bbox 127 524 371 575; x_wconf 79' lang='lat' dir='ltr'>Deseruere</span> <span class='ocrx_word' id='word_1_23' title='bbox 396 523 467 572; x_wconf 86' lang='lat' dir='ltr'>sui</span> <span class='ocrx_word' id='word_1_24' title='bbox 490 523 706 590; x_wconf 82' lang='lat' dir='ltr'>Nymphae</span> <span class='ocrx_word' id='word_1_25' title='bbox 728 523 872 572; x_wconf 89' lang='lat' dir='ltr'>vineta</span> <span class='ocrx_word' id='word_1_26' title='bbox 895 524 1075 591; x_wconf 85' lang='lat' dir='ltr'>Tymoli</span> <span class='ocrx_word' id='word_1_27' title='bbox 1095 544 1104 582; x_wconf 89' lang='lat'>;</span> <span class='ocrx_word' id='word_1_28' title='bbox 1510 542 1547 575; x_wconf 49' lang='grc' dir='ltr'>ιε)</span> 
     </span>
     <span class='ocr_line' id='line_1_7' title="bbox 127 601 1201 669; baseline 0.001 -19"><span class='ocrx_word' id='word_1_29' title='bbox 127 603 372 651; x_wconf 82' lang='lat' dir='ltr'>Deseruere</span> <span class='ocrx_word' id='word_1_30' title='bbox 397 621 500 650; x_wconf 86' lang='lat' dir='ltr'>suas</span> <span class='ocrx_word' id='word_1_31' title='bbox 521 601 738 669; x_wconf 84' lang='lat' dir='ltr'>Nymphae</span> <span class='ocrx_word' id='word_1_32' title='bbox 761 601 1010 652; x_wconf 87' lang='lat' dir='ltr'>Pactolides</span> <span class='ocrx_word' id='word_1_33' title='bbox 1029 602 1172 652; x_wconf 90' lang='lat' dir='ltr'>undas</span> <span class='ocrx_word' id='word_1_34' title='bbox 1190 624 1201 651; x_wconf 92' lang='lat'><strong>:</strong></span> 
     </span>
    </p>

    <p class='ocr_par' dir='ltr' id='par_1_7' title="bbox 125 678 1161 747">
     <span class='ocr_line' id='line_1_8' title="bbox 125 678 1161 747; baseline 0.001 -20"><span class='ocrx_word' id='word_1_35' title='bbox 125 679 218 728; x_wconf 85' lang='lat' dir='ltr'>Nec</span> <span class='ocrx_word' id='word_1_36' title='bbox 239 679 374 729; x_wconf 85' lang='lat' dir='ltr'>factas</span> <span class='ocrx_word' id='word_1_37' title='bbox 397 678 542 728; x_wconf 89' lang='lat' dir='ltr'>solum</span> <span class='ocrx_word' id='word_1_38' title='bbox 566 692 709 728; x_wconf 87' lang='lat' dir='ltr'>vestes</span> <span class='ocrx_word' id='word_1_39' title='bbox 733 692 928 747; x_wconf 82' lang='lat' dir='ltr'>spectare</span> <span class='ocrx_word' id='word_1_40' title='bbox 950 681 1131 746; x_wconf 86' lang='lat' dir='ltr'>juvabat</span> <span class='ocrx_word' id='word_1_41' title='bbox 1150 700 1161 738; x_wconf 89' lang='lat'>;</span> 
     </span>
    </p>

    <p class='ocr_par' dir='ltr' id='par_1_8' title="bbox 124 756 1467 901">
     <span class='ocr_line' id='line_1_9' title="bbox 124 756 1467 824; baseline 0.002 -20"><span class='ocrx_word' id='word_1_42' title='bbox 124 757 242 804; x_wconf 88' lang='lat' dir='ltr'>Tum</span> <span class='ocrx_word' id='word_1_43' title='bbox 266 775 468 824; x_wconf 89' lang='lat' dir='ltr'>quoque,</span> <span class='ocrx_word' id='word_1_44' title='bbox 496 776 631 823; x_wconf 89' lang='lat' dir='ltr'>quum</span> <span class='ocrx_word' id='word_1_45' title='bbox 653 756 809 805; x_wconf 86' lang='lat' dir='ltr'>fierent</span> <span class='ocrx_word' id='word_1_46' title='bbox 829 777 839 805; x_wconf 89' lang='lat'><strong>:</strong></span> <span class='ocrx_word' id='word_1_47' title='bbox 861 768 1011 804; x_wconf 84' lang='lat' dir='ltr'>tantus</span> <span class='ocrx_word' id='word_1_48' title='bbox 1036 756 1168 805; x_wconf 90' lang='lat' dir='ltr'>decor</span> <span class='ocrx_word' id='word_1_49' title='bbox 1190 756 1332 805; x_wconf 86' lang='lat' dir='ltr'>adfuit</span> <span class='ocrx_word' id='word_1_50' title='bbox 1353 757 1435 806; x_wconf 91' lang='lat' dir='ltr'>arti</span> <span class='ocrx_word' id='word_1_51' title='bbox 1457 761 1467 807; x_wconf 66' lang='grc' dir='ltr'><strong><em>ἲ</em></strong></span> 
     </span>
     <span class='ocr_line' id='line_1_10' title="bbox 127 832 1304 901; baseline 0.002 -21"><span class='ocrx_word' id='word_1_52' title='bbox 127 832 227 882; x_wconf 89' lang='lat' dir='ltr'>Sive</span> <span class='ocrx_word' id='word_1_53' title='bbox 249 833 406 883; x_wconf 90' lang='lat' dir='ltr'>rudem</span> <span class='ocrx_word' id='word_1_54' title='bbox 425 834 595 901; x_wconf 88' lang='lat' dir='ltr'>primos</span> <span class='ocrx_word' id='word_1_55' title='bbox 615 834 757 883; x_wconf 88' lang='lat' dir='ltr'>lanam</span> <span class='ocrx_word' id='word_1_56' title='bbox 783 833 1058 897; x_wconf 83' lang='lat' dir='ltr'>glomerabat</span> <span class='ocrx_word' id='word_1_57' title='bbox 1079 833 1126 881; x_wconf 89' lang='lat' dir='ltr'>in</span> <span class='ocrx_word' id='word_1_58' title='bbox 1148 834 1304 891; x_wconf 81' lang='lat' dir='ltr'>orbes3</span> 
     </span>
    </p>

    <p class='ocr_par' dir='ltr' id='par_1_9' title="bbox 72 909 1548 1055">
     <span class='ocr_line' id='line_1_11' title="bbox 127 909 1548 978; baseline -0.001 -19"><span class='ocrx_word' id='word_1_59' title='bbox 127 909 215 959; x_wconf 88' lang='lat' dir='ltr'>Seu</span> <span class='ocrx_word' id='word_1_60' title='bbox 237 910 391 972; x_wconf 81' lang='lat' dir='ltr'>digitis</span> <span class='ocrx_word' id='word_1_61' title='bbox 416 911 653 975; x_wconf 83' lang='lat' dir='ltr'>subigebat</span> <span class='ocrx_word' id='word_1_62' title='bbox 676 931 813 978; x_wconf 86' lang='lat' dir='ltr'>opus,</span> <span class='ocrx_word' id='word_1_63' title='bbox 839 911 1112 978; x_wconf 85' lang='lat' dir='ltr'>repetitaque</span> <span class='ocrx_word' id='word_1_64' title='bbox 1136 910 1272 974; x_wconf 81' lang='lat' dir='ltr'>longo</span> <span class='ocrx_word' id='word_1_65' title='bbox 1507 938 1548 960; x_wconf 78' lang='lat'>20</span> 
     </span>
     <span class='ocr_line' id='line_1_12' title="bbox 72 986 1162 1055; baseline 0.003 -22"><span class='ocrx_word' id='word_1_66' title='bbox 72 1040 75 1042; x_wconf 45' lang='grc'>,</span> <span class='ocrx_word' id='word_1_67' title='bbox 126 986 301 1036; x_wconf 85' lang='lat' dir='ltr'>Vellera</span> <span class='ocrx_word' id='word_1_68' title='bbox 323 987 529 1036; x_wconf 89' lang='lat' dir='ltr'>mollibat</span> <span class='ocrx_word' id='word_1_69' title='bbox 550 987 737 1037; x_wconf 86' lang='lat' dir='ltr'>nebulas</span> <span class='ocrx_word' id='word_1_70' title='bbox 756 989 972 1055; x_wconf 83' lang='lat' dir='ltr'>aequantia</span> <span class='ocrx_word' id='word_1_71' title='bbox 995 1000 1162 1046; x_wconf 78' lang='lat' dir='ltr'>tractu3</span> 
     </span>
    </p>

    <p class='ocr_par' dir='ltr' id='par_1_10' title="bbox 130 1064 1150 1133">
     <span class='ocr_line' id='line_1_13' title="bbox 130 1064 1150 1133; baseline -0.002 -18"><span class='ocrx_word' id='word_1_72' title='bbox 130 1064 234 1115; x_wconf 82' lang='lat' dir='ltr'>Sive</span> <span class='ocrx_word' id='word_1_73' title='bbox 257 1065 343 1114; x_wconf 86' lang='lat' dir='ltr'>levi</span> <span class='ocrx_word' id='word_1_74' title='bbox 365 1077 545 1116; x_wconf 90' lang='lat' dir='ltr'>teretem</span> <span class='ocrx_word' id='word_1_75' title='bbox 567 1066 772 1115; x_wconf 91' lang='lat' dir='ltr'>versabat</span> <span class='ocrx_word' id='word_1_76' title='bbox 794 1065 953 1133; x_wconf 89' lang='lat' dir='ltr'>pollice</span> <span class='ocrx_word' id='word_1_77' title='bbox 977 1066 1150 1123; x_wconf 72' lang='lat' dir='ltr'>fusum’,</span> 
     </span>
    </p>
   </div>
   <div class='ocr_carea' id='block_1_4' title="bbox 77 1198 818 2763">
    <p class='ocr_par' dir='ltr' id='par_1_11' title="bbox 122 1198 811 1872">
     <span class='ocr_line' id='line_1_14' title="bbox 128 1198 806 1245; baseline 0.003 -13"><span class='ocrx_word' id='word_1_78' title='bbox 128 1210 235 1233; x_wconf 89' lang='lat' dir='ltr'>mone</span> <span class='ocrx_word' id='word_1_79' title='bbox 265 1198 409 1245; x_wconf 86' lang='lat' dir='ltr'>vulgari.</span> <span class='ocrx_word' id='word_1_80' title='bbox 433 1217 477 1227; x_wconf 89' lang='lat'>·-—</span> <span class='ocrx_word' id='word_1_81' title='bbox 498 1200 567 1234; x_wconf 81' lang='lat' dir='ltr'>Illa</span> <span class='ocrx_word' id='word_1_82' title='bbox 585 1227 593 1240; x_wconf 89' lang='lat'><strong><em>‚</em></strong></span> <span class='ocrx_word' id='word_1_83' title='bbox 629 1199 806 1234; x_wconf 81' lang='lat' dir='ltr'>Arachne.</span> 
     </span>
     <span class='ocr_line' id='line_1_15' title="bbox 128 1249 807 1298; baseline 0.004 -14"><span class='ocrx_word' id='word_1_84' title='bbox 128 1249 225 1284; x_wconf 85' lang='lat' dir='ltr'>Male</span> <span class='ocrx_word' id='word_1_85' title='bbox 242 1250 399 1286; x_wconf 80' lang='lat' dir='ltr'>Lactant.</span> <span class='ocrx_word' id='word_1_86' title='bbox 415 1250 453 1286; x_wconf 88' lang='lat' dir='ltr'>in</span> <span class='ocrx_word' id='word_1_87' title='bbox 474 1251 557 1298; x_wconf 85' lang='lat' dir='ltr'>Arg.</span> <span class='ocrx_word' id='word_1_88' title='bbox 576 1251 650 1287; x_wconf 85' lang='lat' dir='ltr'>haec</span> <span class='ocrx_word' id='word_1_89' title='bbox 667 1264 807 1297; x_wconf 87' lang='lat' dir='ltr'>quoque</span> 
     </span>
     <span class='ocr_line' id='line_1_16' title="bbox 127 1303 801 1347; baseline 0.004 -10"><span class='ocrx_word' id='word_1_90' title='bbox 127 1303 234 1338; x_wconf 87' lang='lat' dir='ltr'>verba</span> <span class='ocrx_word' id='word_1_91' title='bbox 249 1303 293 1338; x_wconf 91' lang='lat' dir='ltr'>ad</span> <span class='ocrx_word' id='word_1_92' title='bbox 310 1311 462 1340; x_wconf 87' lang='lat' dir='ltr'>matrem</span> <span class='ocrx_word' id='word_1_93' title='bbox 474 1305 604 1340; x_wconf 86' lang='lat' dir='ltr'>retulit.</span> <span class='ocrx_word' id='word_1_94' title='bbox 615 1306 801 1347; x_wconf 76' lang='lat' dir='ltr'>—Studio,</span> 
     </span>
     <span class='ocr_line' id='line_1_17' title="bbox 129 1357 810 1403; baseline 0.003 -13"><span class='ocrx_word' id='word_1_95' title='bbox 129 1362 203 1390; x_wconf 85' lang='lat' dir='ltr'>arte</span> <span class='ocrx_word' id='word_1_96' title='bbox 220 1357 378 1391; x_wconf 81' lang='lat' dir='ltr'>textoria.</span> <span class='ocrx_word' id='word_1_97' title='bbox 394 1376 438 1384; x_wconf 90' lang='lat'><strong>—</strong></span> <span class='ocrx_word' id='word_1_98' title='bbox 448 1359 579 1392; x_wconf 85' lang='lat' dir='ltr'>Domus</span> <span class='ocrx_word' id='word_1_99' title='bbox 589 1371 713 1403; x_wconf 73' lang='lat' dir='ltr'>parva,</span> <span class='ocrx_word' id='word_1_100' title='bbox 740 1357 810 1392; x_wconf 91' lang='lat' dir='ltr'>hu-</span> 
     </span>
     <span class='ocr_line' id='line_1_18' title="bbox 127 1407 808 1455; baseline 0.004 -13"><span class='ocrx_word' id='word_1_101' title='bbox 127 1407 238 1452; x_wconf 86' lang='lat' dir='ltr'>milis,</span> <span class='ocrx_word' id='word_1_102' title='bbox 261 1421 328 1444; x_wconf 88' lang='lat' dir='ltr'>nec</span> <span class='ocrx_word' id='word_1_103' title='bbox 345 1409 414 1444; x_wconf 84' lang='lat' dir='ltr'>ulla</span> <span class='ocrx_word' id='word_1_104' title='bbox 429 1409 597 1455; x_wconf 84' lang='lat' dir='ltr'>dignitate</span> <span class='ocrx_word' id='word_1_105' title='bbox 613 1410 808 1455; x_wconf 86' lang='lat' dir='ltr'>conspicua.</span> 
     </span>
     <span class='ocr_line' id='line_1_19' title="bbox 129 1459 810 1506; baseline 0.004 -12"><span class='ocrx_word' id='word_1_106' title='bbox 129 1460 256 1495; x_wconf 81' lang='lat' dir='ltr'>Horat.</span> <span class='ocrx_word' id='word_1_107' title='bbox 275 1461 312 1504; x_wconf 84' lang='grc' dir='ltr'>Ι,</span> <span class='ocrx_word' id='word_1_108' title='bbox 331 1459 397 1506; x_wconf 88' lang='lat' dir='ltr'>Ep.</span> <span class='ocrx_word' id='word_1_109' title='bbox 408 1471 453 1496; x_wconf 91' lang='lat'>111</span> <span class='ocrx_word' id='word_1_110' title='bbox 465 1487 475 1505; x_wconf 88' lang='lat'>,</span> <span class='ocrx_word' id='word_1_111' title='bbox 495 1462 556 1505; x_wconf 77' lang='lat'>28,</span> <span class='ocrx_word' id='word_1_112' title='bbox 568 1465 674 1506; x_wconf 73' lang='lat' dir='ltr'>parvi</span> <span class='ocrx_word' id='word_1_113' title='bbox 685 1469 719 1497; x_wconf 90' lang='lat' dir='ltr'>et</span> <span class='ocrx_word' id='word_1_114' title='bbox 728 1475 810 1496; x_wconf 86' lang='lat' dir='ltr'>am-</span> 
     </span>
     <span class='ocr_line' id='line_1_20' title="bbox 122 1511 810 1562; baseline 0.006 -16"><span class='ocrx_word' id='word_1_115' title='bbox 122 1514 182 1557; x_wconf 80' lang='lat' dir='ltr'>pli</span> <span class='ocrx_word' id='word_1_116' title='bbox 192 1511 256 1547; x_wconf 87' lang='lat' dir='ltr'>sibi</span> <span class='ocrx_word' id='word_1_117' title='bbox 270 1512 427 1558; x_wconf 86' lang='lat' dir='ltr'>opposita</span> <span class='ocrx_word' id='word_1_118' title='bbox 438 1526 480 1548; x_wconf 90' lang='lat' dir='ltr'>eo</span> <span class='ocrx_word' id='word_1_119' title='bbox 496 1527 609 1549; x_wconf 83' lang='lat' dir='ltr'>sensu.</span> <span class='ocrx_word' id='word_1_120' title='bbox 624 1517 810 1562; x_wconf 80' lang='lat' dir='ltr'>——Hypoe-</span> 
     </span>
     <span class='ocr_line' id='line_1_21' title="bbox 122 1563 811 1612; baseline 0.006 -15"><span class='ocrx_word' id='word_1_121' title='bbox 122 1576 172 1608; x_wconf 83' lang='lat' dir='ltr'>pa</span> <span class='ocrx_word' id='word_1_122' title='bbox 184 1590 192 1604; x_wconf 91' lang='lat'><em>,</em></span> <span class='ocrx_word' id='word_1_123' title='bbox 211 1563 293 1599; x_wconf 85' lang='lat' dir='ltr'>urbs</span> <span class='ocrx_word' id='word_1_124' title='bbox 303 1563 422 1612; x_wconf 81' lang='lat' dir='ltr'>Lydiae</span> <span class='ocrx_word' id='word_1_125' title='bbox 432 1565 526 1600; x_wconf 88' lang='lat' dir='ltr'>inter</span> <span class='ocrx_word' id='word_1_126' title='bbox 535 1566 702 1601; x_wconf 92' lang='lat' dir='ltr'>Tmolum</span> <span class='ocrx_word' id='word_1_127' title='bbox 710 1579 811 1601; x_wconf 88' lang='lat' dir='ltr'>mon-</span> 
     </span>
     <span class='ocr_line' id='line_1_22' title="bbox 128 1616 810 1666; baseline 0.004 -14"><span class='ocrx_word' id='word_1_128' title='bbox 128 1625 202 1652; x_wconf 85' lang='lat' dir='ltr'>tem</span> <span class='ocrx_word' id='word_1_129' title='bbox 226 1624 262 1652; x_wconf 89' lang='lat' dir='ltr'>et</span> <span class='ocrx_word' id='word_1_130' title='bbox 278 1616 468 1666; x_wconf 79' lang='lat' dir='ltr'>Caystrum</span> <span class='ocrx_word' id='word_1_131' title='bbox 483 1618 634 1654; x_wconf 87' lang='lat' dir='ltr'>fluvium</span> <span class='ocrx_word' id='word_1_132' title='bbox 648 1646 657 1663; x_wconf 93' lang='lat'>,</span> <span class='ocrx_word' id='word_1_133' title='bbox 676 1619 720 1655; x_wconf 89' lang='lat' dir='ltr'>de</span> <span class='ocrx_word' id='word_1_134' title='bbox 741 1633 810 1666; x_wconf 89' lang='lat' dir='ltr'>qua</span> 
     </span>
     <span class='ocr_line' id='line_1_23' title="bbox 129 1670 810 1722; baseline 0.004 -17"><span class='ocrx_word' id='word_1_135' title='bbox 129 1670 358 1706; x_wconf 82' lang='lat' dir='ltr'>Burmannus</span> <span class='ocrx_word' id='word_1_136' title='bbox 376 1670 418 1706; x_wconf 89' lang='lat' dir='ltr'>ad</span> <span class='ocrx_word' id='word_1_137' title='bbox 444 1672 591 1707; x_wconf 86' lang='lat' dir='ltr'>Petron.</span> <span class='ocrx_word' id='word_1_138' title='bbox 603 1673 670 1722; x_wconf 79' lang='lat'><strong>‚¹37</strong></span> <span class='ocrx_word' id='word_1_139' title='bbox 682 1699 692 1715; x_wconf 89' lang='lat'>‚</span> <span class='ocrx_word' id='word_1_140' title='bbox 710 1673 810 1718; x_wconf 89' lang='lat' dir='ltr'>plura</span> 
     </span>
     <span class='ocr_line' id='line_1_24' title="bbox 129 1723 810 1770; baseline 0.006 -13"><span class='ocrx_word' id='word_1_141' title='bbox 129 1723 272 1759; x_wconf 84' lang='lat' dir='ltr'>notavit.</span> <span class='ocrx_word' id='word_1_142' title='bbox 297 1723 380 1759; x_wconf 85' lang='lat' dir='ltr'>Fuit</span> <span class='ocrx_word' id='word_1_143' title='bbox 410 1724 555 1760; x_wconf 81' lang='lat' dir='ltr'>obscura</span> <span class='ocrx_word' id='word_1_144' title='bbox 566 1752 576 1770; x_wconf 89' lang='lat'>,</span> <span class='ocrx_word' id='word_1_145' title='bbox 605 1725 699 1761; x_wconf 89' lang='lat' dir='ltr'>unde</span> <span class='ocrx_word' id='word_1_146' title='bbox 726 1726 762 1761; x_wconf 88' lang='lat' dir='ltr'>h.</span> <span class='ocrx_word' id='word_1_147' title='bbox 788 1726 810 1761; x_wconf 92' lang='lat' dir='ltr'>l.</span> 
     </span>
     <span class='ocr_line' id='line_1_25' title="bbox 123 1775 811 1823; baseline 0.004 -13"><span class='ocrx_word' id='word_1_148' title='bbox 123 1789 253 1820; x_wconf 70' lang='lat' dir='ltr'>parva,</span> <span class='ocrx_word' id='word_1_149' title='bbox 279 1775 378 1814; x_wconf 83' lang='lat' dir='ltr'>etsie</span> <span class='ocrx_word' id='word_1_150' title='bbox 394 1777 524 1822; x_wconf 86' lang='lat' dir='ltr'>etiam,</span> <span class='ocrx_word' id='word_1_151' title='bbox 546 1778 619 1822; x_wconf 85' lang='lat' dir='ltr'>XI,</span> <span class='ocrx_word' id='word_1_152' title='bbox 642 1780 726 1823; x_wconf 78' lang='lat'>152,</span> <span class='ocrx_word' id='word_1_153' title='bbox 750 1779 811 1814; x_wconf 89' lang='lat' dir='ltr'>ubi</span> 
     </span>
     <span class='ocr_line' id='line_1_26' title="bbox 129 1826 406 1872; baseline 0.007 -10"><span class='ocrx_word' id='word_1_154' title='bbox 129 1834 165 1863; x_wconf 77' lang='lat' dir='ltr'>et</span> <span class='ocrx_word' id='word_1_155' title='bbox 179 1826 222 1862; x_wconf 89' lang='lat' dir='ltr'>de</span> <span class='ocrx_word' id='word_1_156' title='bbox 239 1828 316 1872; x_wconf 82' lang='lat' dir='ltr'>ejus</span> <span class='ocrx_word' id='word_1_157' title='bbox 327 1828 406 1864; x_wconf 84' lang='lat' dir='ltr'>situ.</span> 
     </span>
    </p>

    <p class='ocr_par' dir='ltr' id='par_1_12' title="bbox 77 1882 818 2763">
     <span class='ocr_line' id='line_1_27' title="bbox 178 1882 811 1929; baseline 0.003 -14"><span class='ocrx_word' id='word_1_158' title='bbox 178 1883 228 1916; x_wconf 80' lang='lat'>15.</span> <span class='ocrx_word' id='word_1_159' title='bbox 257 1882 442 1916; x_wconf 81' lang='lat' dir='ltr'>Deseruere</span> <span class='ocrx_word' id='word_1_160' title='bbox 469 1884 528 1916; x_wconf 79' lang='lat' dir='ltr'>sui</span> <span class='ocrx_word' id='word_1_161' title='bbox 555 1883 596 1917; x_wconf 92' lang='lat' dir='ltr'><em>N</em></span> <span class='ocrx_word' id='word_1_162' title='bbox 585 1883 716 1929; x_wconf 78' lang='lat' dir='ltr'>ymphae</span> <span class='ocrx_word' id='word_1_163' title='bbox 747 1889 811 1918; x_wconf 89' lang='lat' dir='ltr'>etc.</span> 
     </span>
     <span class='ocr_line' id='line_1_28' title="bbox 77 1932 811 1979; baseline 0.003 -13"><span class='ocrx_word' id='word_1_164' title='bbox 77 1939 80 1956; x_wconf 81' lang='lat'>·&#39;</span> <span class='ocrx_word' id='word_1_165' title='bbox 130 1932 258 1968; x_wconf 84' lang='lat' dir='ltr'>Priscis</span> <span class='ocrx_word' id='word_1_166' title='bbox 274 1933 489 1979; x_wconf 83' lang='lat' dir='ltr'>temporibus</span> <span class='ocrx_word' id='word_1_167' title='bbox 506 1933 565 1967; x_wconf 87' lang='lat' dir='ltr'>Dii</span> <span class='ocrx_word' id='word_1_168' title='bbox 580 1934 737 1968; x_wconf 84' lang='lat' dir='ltr'>solebant</span> <span class='ocrx_word' id='word_1_169' title='bbox 754 1934 811 1968; x_wconf 91' lang='lat' dir='ltr'>in-</span> 
     </span>
     <span class='ocr_line' id='line_1_29' title="bbox 130 1984 814 2031; baseline 0.003 -13"><span class='ocrx_word' id='word_1_170' title='bbox 130 1984 242 2019; x_wconf 78' lang='lat' dir='ltr'>visere</span> <span class='ocrx_word' id='word_1_171' title='bbox 262 1984 434 2019; x_wconf 86' lang='lat' dir='ltr'>mortales.</span> <span class='ocrx_word' id='word_1_172' title='bbox 469 1986 550 2020; x_wconf 85' lang='lat' dir='ltr'>Hoc</span> <span class='ocrx_word' id='word_1_173' title='bbox 578 1985 684 2031; x_wconf 84' lang='lat' dir='ltr'>igitur</span> <span class='ocrx_word' id='word_1_174' title='bbox 711 1993 814 2031; x_wconf 88' lang='lat' dir='ltr'>poeta</span> 
     </span>
     <span class='ocr_line' id='line_1_30' title="bbox 132 2035 812 2072; baseline 0.004 -3"><span class='ocrx_word' id='word_1_175' title='bbox 132 2047 205 2069; x_wconf 90' lang='lat' dir='ltr'>non</span> <span class='ocrx_word' id='word_1_176' title='bbox 223 2035 314 2070; x_wconf 91' lang='lat' dir='ltr'>male</span> <span class='ocrx_word' id='word_1_177' title='bbox 330 2048 411 2071; x_wconf 87' lang='lat' dir='ltr'>usus</span> <span class='ocrx_word' id='word_1_178' title='bbox 427 2042 479 2071; x_wconf 88' lang='lat' dir='ltr'>est</span> <span class='ocrx_word' id='word_1_179' title='bbox 492 2036 534 2072; x_wconf 89' lang='lat' dir='ltr'>ad</span> <span class='ocrx_word' id='word_1_180' title='bbox 549 2037 812 2072; x_wconf 87' lang='lat' dir='ltr'>commendan-</span> 
     </span>
     <span class='ocr_line' id='line_1_31' title="bbox 134 2087 818 2136; baseline 0.004 -15"><span class='ocrx_word' id='word_1_181' title='bbox 134 2087 221 2124; x_wconf 75' lang='lat' dir='ltr'>dum</span> <span class='ocrx_word' id='word_1_182' title='bbox 237 2087 417 2123; x_wconf 86' lang='lat' dir='ltr'>Arachnes</span> <span class='ocrx_word' id='word_1_183' title='bbox 434 2101 531 2134; x_wconf 88' lang='lat' dir='ltr'>opus.</span> <span class='ocrx_word' id='word_1_184' title='bbox 547 2108 589 2114; x_wconf 92' lang='lat'><strong>—</strong></span> <span class='ocrx_word' id='word_1_185' title='bbox 600 2089 656 2124; x_wconf 92' lang='lat' dir='ltr'>De</span> <span class='ocrx_word' id='word_1_186' title='bbox 680 2091 818 2136; x_wconf 79' lang='lat' dir='ltr'>Tymoli</span> 
     </span>
     <span class='ocr_line' id='line_1_32' title="bbox 133 2140 812 2187; baseline 0.003 -12"><span class='ocrx_word' id='word_1_187' title='bbox 133 2140 216 2175; x_wconf 83' lang='lat' dir='ltr'>vino</span> <span class='ocrx_word' id='word_1_188' title='bbox 235 2153 405 2186; x_wconf 84' lang='lat' dir='ltr'>generoso</span> <span class='ocrx_word' id='word_1_189' title='bbox 418 2168 428 2184; x_wconf 87' lang='lat'>,</span> <span class='ocrx_word' id='word_1_190' title='bbox 450 2141 580 2185; x_wconf 85' lang='lat' dir='ltr'>nobili,</span> <span class='ocrx_word' id='word_1_191' title='bbox 600 2142 677 2177; x_wconf 89' lang='lat' dir='ltr'>vide</span> <span class='ocrx_word' id='word_1_192' title='bbox 695 2142 737 2177; x_wconf 89' lang='lat' dir='ltr'>ad</span> <span class='ocrx_word' id='word_1_193' title='bbox 754 2142 789 2177; x_wconf 92' lang='lat'>11</span> <span class='ocrx_word' id='word_1_194' title='bbox 802 2169 812 2187; x_wconf 91' lang='lat'>,</span> 
     </span>
     <span class='ocr_line' id='line_1_33' title="bbox 134 2193 814 2238; baseline 0.001 -11"><span class='ocrx_word' id='word_1_195' title='bbox 134 2206 209 2238; x_wconf 81' lang='lat'><strong>²¹7·</strong></span> <span class='ocrx_word' id='word_1_196' title='bbox 227 2193 345 2228; x_wconf 86' lang='lat' dir='ltr'>Poetis</span> <span class='ocrx_word' id='word_1_197' title='bbox 361 2193 466 2228; x_wconf 86' lang='lat' dir='ltr'>etiam</span> <span class='ocrx_word' id='word_1_198' title='bbox 484 2195 620 2228; x_wconf 81' lang='lat' dir='ltr'>Tmolus</span> <span class='ocrx_word' id='word_1_199' title='bbox 643 2194 814 2230; x_wconf 83' lang='lat' dir='ltr'>scribitur.</span> 
     </span>
     <span class='ocr_line' id='line_1_34' title="bbox 134 2244 814 2292; baseline 0.004 -13"><span class='ocrx_word' id='word_1_200' title='bbox 134 2244 228 2280; x_wconf 86' lang='lat' dir='ltr'>Vide</span> <span class='ocrx_word' id='word_1_201' title='bbox 245 2245 466 2292; x_wconf 86' lang='lat' dir='ltr'>Stephanum</span> <span class='ocrx_word' id='word_1_202' title='bbox 482 2245 525 2281; x_wconf 90' lang='lat' dir='ltr'>de</span> <span class='ocrx_word' id='word_1_203' title='bbox 539 2247 705 2282; x_wconf 78' lang='lat' dir='ltr'>Urbibus.</span> <span class='ocrx_word' id='word_1_204' title='bbox 719 2247 814 2282; x_wconf 89' lang='lat' dir='ltr'>Hinc</span> 
     </span>
     <span class='ocr_line' id='line_1_35' title="bbox 134 2299 814 2343; baseline 0 -8"><span class='ocrx_word' id='word_1_205' title='bbox 134 2299 240 2335; x_wconf 73' lang='lat' dir='ltr'>etiam</span> <span class='ocrx_word' id='word_1_206' title='bbox 257 2299 292 2334; x_wconf 91' lang='lat' dir='ltr'>h.</span> <span class='ocrx_word' id='word_1_207' title='bbox 308 2300 328 2335; x_wconf 91' lang='lat' dir='ltr'>l.</span> <span class='ocrx_word' id='word_1_208' title='bbox 346 2299 507 2334; x_wconf 89' lang='lat' dir='ltr'>nonnulli</span> <span class='ocrx_word' id='word_1_209' title='bbox 524 2313 605 2335; x_wconf 89' lang='lat' dir='ltr'>cum</span> <span class='ocrx_word' id='word_1_210' title='bbox 618 2299 709 2334; x_wconf 79' lang='lat' dir='ltr'>Aldo</span> <span class='ocrx_word' id='word_1_211' title='bbox 726 2326 736 2343; x_wconf 87' lang='lat'>,</span> <span class='ocrx_word' id='word_1_212' title='bbox 753 2299 814 2335; x_wconf 90' lang='lat' dir='ltr'>sed</span> 
     </span>
     <span class='ocr_line' id='line_1_36' title="bbox 133 2351 814 2398; baseline -0.001 -11"><span class='ocrx_word' id='word_1_213' title='bbox 133 2359 250 2387; x_wconf 86' lang='lat' dir='ltr'>metro</span> <span class='ocrx_word' id='word_1_214' title='bbox 265 2351 468 2387; x_wconf 84' lang='lat' dir='ltr'>adversante</span> <span class='ocrx_word' id='word_1_215' title='bbox 482 2379 492 2396; x_wconf 89' lang='lat'>,</span> <span class='ocrx_word' id='word_1_216' title='bbox 515 2354 633 2387; x_wconf 79' lang='lat' dir='ltr'>Tmoli.</span> <span class='ocrx_word' id='word_1_217' title='bbox 652 2351 738 2398; x_wconf 81' lang='lat' dir='ltr'>Ejus</span> <span class='ocrx_word' id='word_1_218' title='bbox 753 2356 814 2386; x_wconf 84' lang='grc' dir='ltr'>υί-</span> 
     </span>
     <span class='ocr_line' id='line_1_37' title="bbox 134 2404 816 2449; baseline 0.001 -11"><span class='ocrx_word' id='word_1_219' title='bbox 134 2409 214 2439; x_wconf 81' lang='lat' dir='ltr'>neta</span> <span class='ocrx_word' id='word_1_220' title='bbox 228 2412 310 2440; x_wconf 89' lang='lat' dir='ltr'>sunt</span> <span class='ocrx_word' id='word_1_221' title='bbox 325 2405 430 2440; x_wconf 89' lang='lat' dir='ltr'>etiam</span> <span class='ocrx_word' id='word_1_222' title='bbox 442 2431 451 2449; x_wconf 97' lang='lat'>,</span> <span class='ocrx_word' id='word_1_223' title='bbox 471 2404 507 2439; x_wconf 90' lang='grc' dir='ltr'>ΙΙ</span> <span class='ocrx_word' id='word_1_224' title='bbox 525 2405 614 2440; x_wconf 86' lang='lat' dir='ltr'>Fast.</span> <span class='ocrx_word' id='word_1_225' title='bbox 628 2405 754 2439; x_wconf 71' lang='lat'>313.—</span> <span class='ocrx_word' id='word_1_226' title='bbox 764 2405 816 2439; x_wconf 86' lang='lat' dir='ltr'>Ex</span> 
     </span>
     <span class='ocr_line' id='line_1_38' title="bbox 136 2456 815 2504; baseline 0 -14"><span class='ocrx_word' id='word_1_227' title='bbox 136 2468 180 2491; x_wconf 87' lang='lat' dir='ltr'>eo</span> <span class='ocrx_word' id='word_1_228' title='bbox 198 2456 376 2491; x_wconf 87' lang='lat' dir='ltr'>oriebatur</span> <span class='ocrx_word' id='word_1_229' title='bbox 394 2459 571 2498; x_wconf 79' lang='lat' dir='ltr'>Pactolus,</span> <span class='ocrx_word' id='word_1_230' title='bbox 594 2456 720 2492; x_wconf 84' lang='lat' dir='ltr'>fluvius</span> <span class='ocrx_word' id='word_1_231' title='bbox 736 2456 815 2504; x_wconf 87' lang='lat' dir='ltr'>Ly-</span> 
     </span>
     <span class='ocr_line' id='line_1_39' title="bbox 137 2508 814 2555; baseline 0 -11"><span class='ocrx_word' id='word_1_232' title='bbox 137 2508 203 2544; x_wconf 79' lang='lat' dir='ltr'>diae</span> <span class='ocrx_word' id='word_1_233' title='bbox 238 2509 376 2544; x_wconf 81' lang='lat' dir='ltr'>aurifer.</span> <span class='ocrx_word' id='word_1_234' title='bbox 405 2509 668 2555; x_wconf 85' lang='lat' dir='ltr'>Repetitionem</span> <span class='ocrx_word' id='word_1_235' title='bbox 696 2517 814 2545; x_wconf 90' lang='lat' dir='ltr'>autem</span> 
     </span>
     <span class='ocr_line' id='line_1_40' title="bbox 137 2560 814 2607; baseline 0.001 -13"><span class='ocrx_word' id='word_1_236' title='bbox 137 2560 347 2595; x_wconf 84' lang='lat' dir='ltr'>eorumdem</span> <span class='ocrx_word' id='word_1_237' title='bbox 379 2561 568 2595; x_wconf 87' lang='lat' dir='ltr'>verborum</span> <span class='ocrx_word' id='word_1_238' title='bbox 585 2587 595 2605; x_wconf 92' lang='lat'>,</span> <span class='ocrx_word' id='word_1_239' title='bbox 635 2562 744 2607; x_wconf 84' lang='lat' dir='ltr'>qualis</span> <span class='ocrx_word' id='word_1_240' title='bbox 777 2561 814 2595; x_wconf 90' lang='lat' dir='ltr'>iu</span> 
     </span>
     <span class='ocr_line' id='line_1_41' title="bbox 138 2613 816 2659; baseline 0.003 -10"><span class='ocrx_word' id='word_1_241' title='bbox 138 2613 203 2650; x_wconf 88' lang='lat' dir='ltr'>hoc</span> <span class='ocrx_word' id='word_1_242' title='bbox 216 2614 418 2659; x_wconf 88' lang='lat' dir='ltr'>etsequenti</span> <span class='ocrx_word' id='word_1_243' title='bbox 430 2627 550 2658; x_wconf 86' lang='lat' dir='ltr'>versu,</span> <span class='ocrx_word' id='word_1_244' title='bbox 566 2622 659 2650; x_wconf 88' lang='lat' dir='ltr'>amat</span> <span class='ocrx_word' id='word_1_245' title='bbox 673 2616 816 2651; x_wconf 87' lang='lat' dir='ltr'>Noster:</span> 
     </span>
     <span class='ocr_line' id='line_1_42' title="bbox 138 2665 814 2713; baseline 0.003 -13"><span class='ocrx_word' id='word_1_246' title='bbox 138 2665 175 2709; x_wconf 90' lang='lat' dir='ltr'>I,</span> <span class='ocrx_word' id='word_1_247' title='bbox 196 2666 259 2699; x_wconf 86' lang='lat'>325</span> <span class='ocrx_word' id='word_1_248' title='bbox 282 2678 379 2711; x_wconf 82' lang='lat' dir='ltr'>sqq.;</span> <span class='ocrx_word' id='word_1_249' title='bbox 407 2666 454 2708; x_wconf 89' lang='lat' dir='ltr'>V,</span> <span class='ocrx_word' id='word_1_250' title='bbox 487 2668 551 2713; x_wconf 83' lang='lat'>579</span> <span class='ocrx_word' id='word_1_251' title='bbox 572 2680 667 2712; x_wconf 85' lang='lat' dir='ltr'>sqq.;</span> <span class='ocrx_word' id='word_1_252' title='bbox 696 2666 788 2702; x_wconf 83' lang='lat' dir='ltr'>Vlll</span> <span class='ocrx_word' id='word_1_253' title='bbox 804 2693 814 2710; x_wconf 91' lang='lat'><em>,</em></span> 
     </span>
     <span class='ocr_line' id='line_1_43' title="bbox 138 2717 301 2763; baseline 0.006 -12"><span class='ocrx_word' id='word_1_254' title='bbox 138 2717 204 2753; x_wconf 75' lang='lat'>628</span> <span class='ocrx_word' id='word_1_255' title='bbox 227 2730 301 2763; x_wconf 82' lang='lat' dir='ltr'>sqq.</span> 
     </span>
    </p>
   </div>
   <div class='ocr_carea' id='block_1_5' title="bbox 866 1199 1564 2764">
    <p class='ocr_par' dir='ltr' id='par_1_13' title="bbox 866 1199 1564 2607">
     <span class='ocr_line' id='line_1_44' title="bbox 911 1199 1553 1245; baseline 0.002 -11"><span class='ocrx_word' id='word_1_256' title='bbox 911 1202 960 1236; x_wconf 86' lang='lat'>18.</span> <span class='ocrx_word' id='word_1_257' title='bbox 970 1201 1052 1234; x_wconf 84' lang='lat' dir='ltr'>Tam</span> <span class='ocrx_word' id='word_1_258' title='bbox 1059 1212 1194 1245; x_wconf 80' lang='lat' dir='ltr'>quoque,</span> <span class='ocrx_word' id='word_1_259' title='bbox 1206 1205 1270 1233; x_wconf 86' lang='lat' dir='ltr'>etc.</span> <span class='ocrx_word' id='word_1_260' title='bbox 1283 1199 1449 1234; x_wconf 89' lang='lat' dir='ltr'>Heinsius</span> <span class='ocrx_word' id='word_1_261' title='bbox 1458 1199 1553 1235; x_wconf 87' lang='lat' dir='ltr'>hunc</span> 
     </span>
     <span class='ocr_line' id='line_1_45' title="bbox 874 1251 1555 1297; baseline -0.001 -11"><span class='ocrx_word' id='word_1_262' title='bbox 874 1265 1011 1287; x_wconf 89' lang='lat' dir='ltr'>versum</span> <span class='ocrx_word' id='word_1_263' title='bbox 1024 1252 1194 1297; x_wconf 85' lang='lat' dir='ltr'>superiori</span> <span class='ocrx_word' id='word_1_264' title='bbox 1206 1251 1482 1296; x_wconf 86' lang='lat' dir='ltr'>praeponendum</span> <span class='ocrx_word' id='word_1_265' title='bbox 1495 1265 1555 1296; x_wconf 88' lang='lat' dir='ltr'>pu-</span> 
     </span>
     <span class='ocr_line' id='line_1_46' title="bbox 873 1303 1552 1349; baseline -0.001 -10"><span class='ocrx_word' id='word_1_266' title='bbox 873 1305 988 1347; x_wconf 89' lang='lat' dir='ltr'>tabat,</span> <span class='ocrx_word' id='word_1_267' title='bbox 1008 1317 1086 1338; x_wconf 90' lang='lat' dir='ltr'>eam</span> <span class='ocrx_word' id='word_1_268' title='bbox 1102 1303 1210 1338; x_wconf 87' lang='lat' dir='ltr'>solam</span> <span class='ocrx_word' id='word_1_269' title='bbox 1222 1303 1266 1337; x_wconf 89' lang='lat' dir='ltr'>ob</span> <span class='ocrx_word' id='word_1_270' title='bbox 1282 1316 1421 1338; x_wconf 78' lang='lat' dir='ltr'>causam</span> <span class='ocrx_word' id='word_1_271' title='bbox 1433 1330 1443 1347; x_wconf 91' lang='lat'>,</span> <span class='ocrx_word' id='word_1_272' title='bbox 1460 1303 1552 1349; x_wconf 87' lang='lat' dir='ltr'>quod</span> 
     </span>
     <span class='ocr_line' id='line_1_47' title="bbox 874 1355 1555 1404; baseline 0 -12"><span class='ocrx_word' id='word_1_273' title='bbox 874 1371 939 1404; x_wconf 88' lang='lat' dir='ltr'>pro</span> <span class='ocrx_word' id='word_1_274' title='bbox 955 1371 1016 1392; x_wconf 83' lang='lat' dir='ltr'>nec</span> <span class='ocrx_word' id='word_1_275' title='bbox 1034 1357 1134 1391; x_wconf 89' lang='lat' dir='ltr'>multi</span> <span class='ocrx_word' id='word_1_276' title='bbox 1155 1356 1264 1392; x_wconf 85' lang='lat' dir='ltr'>MSS.</span> <span class='ocrx_word' id='word_1_277' title='bbox 1281 1355 1368 1391; x_wconf 88' lang='lat' dir='ltr'>dant</span> <span class='ocrx_word' id='word_1_278' title='bbox 1382 1371 1458 1391; x_wconf 83' lang='lat' dir='ltr'>non.</span> <span class='ocrx_word' id='word_1_279' title='bbox 1482 1357 1555 1392; x_wconf 87' lang='lat' dir='ltr'>Re-</span> 
     </span>
     <span class='ocr_line' id='line_1_48' title="bbox 875 1408 1551 1456; baseline 0 -12"><span class='ocrx_word' id='word_1_280' title='bbox 875 1410 919 1456; x_wconf 85' lang='lat' dir='ltr'>gii</span> <span class='ocrx_word' id='word_1_281' title='bbox 941 1409 1051 1444; x_wconf 83' lang='lat' dir='ltr'>nostri</span> <span class='ocrx_word' id='word_1_282' title='bbox 1077 1409 1220 1454; x_wconf 89' lang='lat' dir='ltr'>quidem</span> <span class='ocrx_word' id='word_1_283' title='bbox 1246 1408 1377 1443; x_wconf 89' lang='lat' dir='ltr'>habent</span> <span class='ocrx_word' id='word_1_284' title='bbox 1399 1421 1488 1451; x_wconf 86' lang='lat' dir='ltr'>non‚·</span> <span class='ocrx_word' id='word_1_285' title='bbox 1515 1417 1551 1444; x_wconf 86' lang='lat' dir='ltr'>at</span> 
     </span>
     <span class='ocr_line' id='line_1_49' title="bbox 874 1460 1553 1506; baseline 0 -10"><span class='ocrx_word' id='word_1_286' title='bbox 874 1475 1015 1497; x_wconf 88' lang='lat' dir='ltr'>versum</span> <span class='ocrx_word' id='word_1_287' title='bbox 1041 1461 1167 1496; x_wconf 81' lang='lat' dir='ltr'>eodem</span> <span class='ocrx_word' id='word_1_288' title='bbox 1187 1462 1222 1495; x_wconf 89' lang='lat' dir='ltr'>in</span> <span class='ocrx_word' id='word_1_289' title='bbox 1242 1461 1318 1495; x_wconf 89' lang='lat' dir='ltr'>loco</span> <span class='ocrx_word' id='word_1_290' title='bbox 1337 1460 1553 1506; x_wconf 88' lang='lat' dir='ltr'>relinquunt.</span> 
     </span>
     <span class='ocr_line' id='line_1_50' title="bbox 874 1513 1554 1549; baseline -0.001 0"><span class='ocrx_word' id='word_1_291' title='bbox 874 1516 941 1549; x_wconf 84' lang='lat' dir='ltr'>Ed.</span> <span class='ocrx_word' id='word_1_292' title='bbox 960 1534 1004 1541; x_wconf 92' lang='lat'><em>-</em></span> <span class='ocrx_word' id='word_1_293' title='bbox 1028 1514 1098 1549; x_wconf 95' lang='lat' dir='ltr'>Hic</span> <span class='ocrx_word' id='word_1_294' title='bbox 1118 1515 1212 1548; x_wconf 89' lang='lat' dir='ltr'>locus</span> <span class='ocrx_word' id='word_1_295' title='bbox 1234 1513 1371 1548; x_wconf 90' lang='lat' dir='ltr'>laudem</span> <span class='ocrx_word' id='word_1_296' title='bbox 1396 1521 1554 1549; x_wconf 84' lang='lat' dir='ltr'>meretur</span> 
     </span>
     <span class='ocr_line' id='line_1_51' title="bbox 874 1566 1554 1611; baseline -0.001 -10"><span class='ocrx_word' id='word_1_297' title='bbox 874 1567 916 1601; x_wconf 89' lang='lat' dir='ltr'>ab</span> <span class='ocrx_word' id='word_1_298' title='bbox 934 1573 1006 1601; x_wconf 89' lang='lat' dir='ltr'>arte</span> <span class='ocrx_word' id='word_1_299' title='bbox 1021 1593 1030 1610; x_wconf 92' lang='lat'>,</span> <span class='ocrx_word' id='word_1_300' title='bbox 1062 1579 1130 1611; x_wconf 89' lang='lat' dir='ltr'>qua</span> <span class='ocrx_word' id='word_1_301' title='bbox 1147 1566 1327 1611; x_wconf 83' lang='lat' dir='ltr'>ingenium</span> <span class='ocrx_word' id='word_1_302' title='bbox 1346 1572 1457 1610; x_wconf 80' lang='lat' dir='ltr'>poetae</span> <span class='ocrx_word' id='word_1_303' title='bbox 1477 1578 1554 1600; x_wconf 89' lang='lat' dir='ltr'>rem</span> 
     </span>
     <span class='ocr_line' id='line_1_52' title="bbox 875 1619 1556 1665; baseline -0.001 -11"><span class='ocrx_word' id='word_1_304' title='bbox 875 1620 1116 1661; x_wconf 85' lang='lat' dir='ltr'>tenuissimam</span> <span class='ocrx_word' id='word_1_305' title='bbox 1128 1627 1163 1654; x_wconf 90' lang='lat' dir='ltr'>et</span> <span class='ocrx_word' id='word_1_306' title='bbox 1174 1619 1352 1665; x_wconf 86' lang='lat' dir='ltr'>vulgarem</span> <span class='ocrx_word' id='word_1_307' title='bbox 1366 1620 1556 1665; x_wconf 77' lang='lat' dir='ltr'>exornavit.</span> 
     </span>
     <span class='ocr_line' id='line_1_53' title="bbox 872 1672 1555 1717; baseline 0.001 -10"><span class='ocrx_word' id='word_1_308' title='bbox 872 1691 918 1698; x_wconf 89' lang='lat'>—</span> <span class='ocrx_word' id='word_1_309' title='bbox 933 1674 1048 1707; x_wconf 83' lang='lat' dir='ltr'>Decor</span> <span class='ocrx_word' id='word_1_310' title='bbox 1058 1673 1173 1717; x_wconf 65' lang='lat' dir='ltr'>affuit</span> <span class='ocrx_word' id='word_1_311' title='bbox 1189 1676 1273 1712; x_wconf 78' lang='lat' dir='ltr'>arti,</span> <span class='ocrx_word' id='word_1_312' title='bbox 1295 1672 1419 1708; x_wconf 79' lang='lat' dir='ltr'>decore</span> <span class='ocrx_word' id='word_1_313' title='bbox 1435 1672 1555 1708; x_wconf 81' lang='lat' dir='ltr'>tracta-</span> 
     </span>
     <span class='ocr_line' id='line_1_54' title="bbox 873 1724 1553 1771; baseline 0 -11"><span class='ocrx_word' id='word_1_314' title='bbox 873 1725 932 1760; x_wconf 88' lang='lat' dir='ltr'>bat</span> <span class='ocrx_word' id='word_1_315' title='bbox 955 1725 1089 1771; x_wconf 80' lang='lat' dir='ltr'>singula</span> <span class='ocrx_word' id='word_1_316' title='bbox 1109 1726 1191 1760; x_wconf 87' lang='lat' dir='ltr'>artis</span> <span class='ocrx_word' id='word_1_317' title='bbox 1209 1737 1302 1760; x_wconf 84' lang='lat' dir='ltr'>suae:</span> <span class='ocrx_word' id='word_1_318' title='bbox 1321 1724 1399 1759; x_wconf 89' lang='lat' dir='ltr'>vide</span> <span class='ocrx_word' id='word_1_319' title='bbox 1425 1726 1467 1759; x_wconf 86' lang='lat' dir='ltr'>ad</span> <span class='ocrx_word' id='word_1_320' title='bbox 1486 1727 1553 1769; x_wconf 85' lang='lat' dir='ltr'>lv,</span> 
     </span>
     <span class='ocr_line' id='line_1_55' title="bbox 874 1776 1554 1822; baseline -0.001 -11"><span class='ocrx_word' id='word_1_321' title='bbox 874 1778 951 1811; x_wconf 84' lang='lat'>230.</span> <span class='ocrx_word' id='word_1_322' title='bbox 965 1777 1138 1822; x_wconf 78' lang='lat' dir='ltr'>‘Exempli</span> <span class='ocrx_word' id='word_1_323' title='bbox 1163 1777 1238 1810; x_wconf 89' lang='lat' dir='ltr'>loco</span> <span class='ocrx_word' id='word_1_324' title='bbox 1263 1776 1554 1822; x_wconf 63' lang='lat' dir='ltr'>praeparationem</span> 
     </span>
     <span class='ocr_line' id='line_1_56' title="bbox 874 1829 1553 1875; baseline 0 -11"><span class='ocrx_word' id='word_1_325' title='bbox 874 1829 962 1865; x_wconf 85' lang='lat' dir='ltr'>lanae</span> <span class='ocrx_word' id='word_1_326' title='bbox 980 1830 1022 1864; x_wconf 91' lang='lat' dir='ltr'>ad</span> <span class='ocrx_word' id='word_1_327' title='bbox 1040 1837 1175 1865; x_wconf 83' lang='lat' dir='ltr'>textum</span> <span class='ocrx_word' id='word_1_328' title='bbox 1200 1837 1396 1872; x_wconf 84' lang='lat' dir='ltr'>memorat,</span> <span class='ocrx_word' id='word_1_329' title='bbox 1425 1829 1467 1864; x_wconf 87' lang='lat' dir='ltr'>de</span> <span class='ocrx_word' id='word_1_330' title='bbox 1485 1843 1553 1875; x_wconf 88' lang='lat' dir='ltr'>qua</span> 
     </span>
     <span class='ocr_line' id='line_1_57' title="bbox 874 1882 1558 1927; baseline 0 -10"><span class='ocrx_word' id='word_1_331' title='bbox 874 1884 996 1917; x_wconf 84' lang='lat' dir='ltr'>confer</span> <span class='ocrx_word' id='word_1_332' title='bbox 1011 1882 1247 1917; x_wconf 89' lang='lat' dir='ltr'>Claudianum</span> <span class='ocrx_word' id='word_1_333' title='bbox 1261 1909 1270 1927; x_wconf 86' lang='lat'>‚</span> <span class='ocrx_word' id='word_1_334' title='bbox 1289 1894 1354 1926; x_wconf 85' lang='lat' dir='ltr'>xx,</span> <span class='ocrx_word' id='word_1_335' title='bbox 1373 1883 1558 1918; x_wconf 82' lang='lat' dir='ltr'>383.—Su-</span> 
     </span>
     <span class='ocr_line' id='line_1_58' title="bbox 874 1934 1556 1980; baseline 0.003 -12"><span class='ocrx_word' id='word_1_336' title='bbox 874 1936 1011 1978; x_wconf 58' lang='lat' dir='ltr'>begebat</span> <span class='ocrx_word' id='word_1_337' title='bbox 1032 1934 1174 1977; x_wconf 88' lang='lat' dir='ltr'>melius,</span> <span class='ocrx_word' id='word_1_338' title='bbox 1193 1947 1296 1980; x_wconf 90' lang='lat' dir='ltr'>quam</span> <span class='ocrx_word' id='word_1_339' title='bbox 1318 1935 1494 1970; x_wconf 75' lang='lat' dir='ltr'>tractabat.</span> <span class='ocrx_word' id='word_1_340' title='bbox 1511 1953 1556 1962; x_wconf 88' lang='lat'>—-</span> 
     </span>
     <span class='ocr_line' id='line_1_59' title="bbox 874 1987 1556 2032; baseline 0.001 -12"><span class='ocrx_word' id='word_1_341' title='bbox 874 1987 1031 2030; x_wconf 78' lang='lat' dir='ltr'>Bepetita</span> <span class='ocrx_word' id='word_1_342' title='bbox 1048 2013 1056 2026; x_wconf 92' lang='lat'>‚</span> <span class='ocrx_word' id='word_1_343' title='bbox 1097 1987 1178 2032; x_wconf 91' lang='lat' dir='ltr'>quia</span> <span class='ocrx_word' id='word_1_344' title='bbox 1210 1987 1365 2032; x_wconf 87' lang='lat' dir='ltr'>pluribus</span> <span class='ocrx_word' id='word_1_345' title='bbox 1393 1990 1556 2022; x_wconf 74' lang='lat' dir='ltr'>tractibus</span> 
     </span>
     <span class='ocr_line' id='line_1_60' title="bbox 875 2039 1556 2086; baseline 0.004 -14"><span class='ocrx_word' id='word_1_346' title='bbox 875 2041 1054 2073; x_wconf 76' lang='lat' dir='ltr'>molliebat.</span> <span class='ocrx_word' id='word_1_347' title='bbox 1070 2039 1162 2074; x_wconf 89' lang='lat' dir='ltr'>Vide</span> <span class='ocrx_word' id='word_1_348' title='bbox 1178 2040 1218 2074; x_wconf 91' lang='lat' dir='ltr'>ad</span> <span class='ocrx_word' id='word_1_349' title='bbox 1239 2040 1304 2084; x_wconf 92' lang='lat' dir='ltr'>1V,</span> <span class='ocrx_word' id='word_1_350' title='bbox 1325 2040 1396 2086; x_wconf 84' lang='lat'>733.</span> <span class='ocrx_word' id='word_1_351' title='bbox 1411 2059 1455 2067; x_wconf 90' lang='lat'>·—-</span> <span class='ocrx_word' id='word_1_352' title='bbox 1476 2042 1556 2075; x_wconf 66' lang='lat' dir='ltr'>Vc!—</span> 
     </span>
     <span class='ocr_line' id='line_1_61' title="bbox 875 2093 1553 2139; baseline 0 -12"><span class='ocrx_word' id='word_1_353' title='bbox 875 2096 978 2127; x_wconf 83' lang='lat' dir='ltr'>Ieram</span> <span class='ocrx_word' id='word_1_354' title='bbox 994 2093 1196 2127; x_wconf 84' lang='lat' dir='ltr'>teneritudo</span> <span class='ocrx_word' id='word_1_355' title='bbox 1214 2093 1391 2139; x_wconf 82' lang='lat' dir='ltr'>eleganter</span> <span class='ocrx_word' id='word_1_356' title='bbox 1410 2106 1553 2139; x_wconf 83' lang='lat' dir='ltr'>compa-—</span> 
     </span>
     <span class='ocr_line' id='line_1_62' title="bbox 876 2145 1554 2190; baseline 0.001 -11"><span class='ocrx_word' id='word_1_357' title='bbox 876 2151 974 2179; x_wconf 88' lang='lat' dir='ltr'>ratur</span> <span class='ocrx_word' id='word_1_358' title='bbox 990 2157 1071 2179; x_wconf 89' lang='lat' dir='ltr'>cum</span> <span class='ocrx_word' id='word_1_359' title='bbox 1087 2148 1230 2185; x_wconf 70' lang='lat' dir='ltr'>nebulis,</span> <span class='ocrx_word' id='word_1_360' title='bbox 1254 2145 1554 2190; x_wconf 89' lang='lat' dir='ltr'>quemadmodum</span> 
     </span>
     <span class='ocr_line' id='line_1_63' title="bbox 875 2196 1554 2244; baseline 0.003 -14"><span class='ocrx_word' id='word_1_361' title='bbox 875 2204 998 2231; x_wconf 90' lang='lat' dir='ltr'>contra</span> <span class='ocrx_word' id='word_1_362' title='bbox 1018 2197 1116 2242; x_wconf 88' lang='lat' dir='ltr'>Virg.</span> <span class='ocrx_word' id='word_1_363' title='bbox 1132 2196 1261 2242; x_wconf 87' lang='lat' dir='ltr'>Georg.</span> <span class='ocrx_word' id='word_1_364' title='bbox 1280 2198 1296 2231; x_wconf 95' lang='lat' dir='ltr'>l</span> <span class='ocrx_word' id='word_1_365' title='bbox 1309 2223 1318 2240; x_wconf 89' lang='lat'>,</span> <span class='ocrx_word' id='word_1_366' title='bbox 1337 2198 1414 2244; x_wconf 80' lang='lat'><strong>397,</strong></span> <span class='ocrx_word' id='word_1_367' title='bbox 1433 2199 1554 2233; x_wconf 90' lang='lat' dir='ltr'>nube—</span> 
     </span>
     <span class='ocr_line' id='line_1_64' title="bbox 876 2248 1554 2284; baseline 0.001 -2"><span class='ocrx_word' id='word_1_368' title='bbox 876 2248 968 2283; x_wconf 87' lang='lat' dir='ltr'>culas</span> <span class='ocrx_word' id='word_1_369' title='bbox 988 2261 1070 2283; x_wconf 88' lang='lat' dir='ltr'>cum</span> <span class='ocrx_word' id='word_1_370' title='bbox 1092 2248 1180 2283; x_wconf 88' lang='lat' dir='ltr'>lanae</span> <span class='ocrx_word' id='word_1_371' title='bbox 1206 2248 1388 2284; x_wconf 88' lang='lat' dir='ltr'>velleribus</span> <span class='ocrx_word' id='word_1_372' title='bbox 1408 2251 1554 2284; x_wconf 78' lang='lat' dir='ltr'>confert.</span> 
     </span>
     <span class='ocr_line' id='line_1_65' title="bbox 876 2302 1555 2346; baseline -0.001 -10"><span class='ocrx_word' id='word_1_373' title='bbox 876 2303 1063 2337; x_wconf 79' lang='lat' dir='ltr'>—Mollt‘re</span> <span class='ocrx_word' id='word_1_374' title='bbox 1073 2329 1081 2343; x_wconf 83' lang='grc'><strong>,</strong></span> <span class='ocrx_word' id='word_1_375' title='bbox 1096 2302 1234 2336; x_wconf 86' lang='lat' dir='ltr'>trahere</span> <span class='ocrx_word' id='word_1_376' title='bbox 1249 2329 1258 2346; x_wconf 89' lang='lat'>,</span> <span class='ocrx_word' id='word_1_377' title='bbox 1276 2310 1314 2337; x_wconf 90' lang='lat' dir='ltr'>ut</span> <span class='ocrx_word' id='word_1_378' title='bbox 1326 2303 1443 2337; x_wconf 88' lang='lat' dir='ltr'>tenuia</span> <span class='ocrx_word' id='word_1_379' title='bbox 1458 2302 1555 2336; x_wconf 87' lang='lat' dir='ltr'>fiant.</span> 
     </span>
     <span class='ocr_line' id='line_1_66' title="bbox 879 2346 1564 2398; baseline 0 -10"><span class='ocrx_word' id='word_1_380' title='bbox 879 2352 1062 2388; x_wconf 80' lang='lat' dir='ltr'>claudian.</span> <span class='ocrx_word' id='word_1_381' title='bbox 1080 2366 1089 2387; x_wconf 89' lang='lat'>:</span> <span class='ocrx_word' id='word_1_382' title='bbox 1115 2356 1246 2388; x_wconf 85' lang='lat' dir='ltr'>Vellera</span> <span class='ocrx_word' id='word_1_383' title='bbox 1256 2367 1319 2397; x_wconf 76' lang='lat' dir='ltr'>per</span> <span class='ocrx_word' id='word_1_384' title='bbox 1340 2359 1453 2388; x_wconf 80' lang='lat' dir='ltr'>tenues</span> <span class='ocrx_word' id='word_1_385' title='bbox 1468 2346 1564 2398; x_wconf 78' lang='lat' dir='ltr'>serri&#39;</span> 
     </span>
     <span class='ocr_line' id='line_1_67' title="bbox 870 2407 1556 2451; baseline 0.003 -12"><span class='ocrx_word' id='word_1_386' title='bbox 870 2409 1050 2451; x_wconf 82' lang='lat' dir='ltr'>producere</span> <span class='ocrx_word' id='word_1_387' title='bbox 1074 2409 1196 2447; x_wconf 80' lang='lat' dir='ltr'>rimas,</span> <span class='ocrx_word' id='word_1_388' title='bbox 1229 2407 1288 2440; x_wconf 90' lang='lat' dir='ltr'>ubi</span> <span class='ocrx_word' id='word_1_389' title='bbox 1313 2407 1390 2441; x_wconf 90' lang='lat' dir='ltr'>vide</span> <span class='ocrx_word' id='word_1_390' title='bbox 1408 2407 1556 2441; x_wconf 87' lang='lat' dir='ltr'>Gesner.</span> 
     </span>
     <span class='ocr_line' id='line_1_68' title="bbox 878 2458 1553 2503; baseline 0.001 -11"><span class='ocrx_word' id='word_1_391' title='bbox 878 2458 995 2492; x_wconf 88' lang='lat' dir='ltr'>Etiam</span> <span class='ocrx_word' id='word_1_392' title='bbox 1013 2463 1148 2493; x_wconf 83' lang='lat' dir='ltr'>tenuare</span> <span class='ocrx_word' id='word_1_393' title='bbox 1170 2466 1205 2493; x_wconf 91' lang='lat' dir='ltr'>et</span> <span class='ocrx_word' id='word_1_394' title='bbox 1223 2462 1367 2503; x_wconf 81' lang='lat' dir='ltr'>eliquare</span> <span class='ocrx_word' id='word_1_395' title='bbox 1385 2459 1500 2493; x_wconf 91' lang='lat' dir='ltr'>lanam</span> <span class='ocrx_word' id='word_1_396' title='bbox 1517 2460 1553 2493; x_wconf 89' lang='lat' dir='ltr'>in</span> 
     </span>
     <span class='ocr_line' id='line_1_69' title="bbox 876 2509 1555 2546; baseline 0 -2"><span class='ocrx_word' id='word_1_397' title='bbox 876 2523 951 2544; x_wconf 89' lang='lat' dir='ltr'>usu.</span> <span class='ocrx_word' id='word_1_398' title='bbox 982 2509 1044 2546; x_wconf 88' lang='lat' dir='ltr'>Illa</span> <span class='ocrx_word' id='word_1_399' title='bbox 1076 2513 1197 2545; x_wconf 84' lang='lat' dir='ltr'>vellera</span> <span class='ocrx_word' id='word_1_400' title='bbox 1224 2510 1358 2545; x_wconf 88' lang='lat' dir='ltr'>Nostris</span> <span class='ocrx_word' id='word_1_401' title='bbox 1387 2509 1555 2545; x_wconf 87' lang='lat' dir='ltr'>dicuntur</span> 
     </span>
     <span class='ocr_line' id='line_1_70' title="bbox 866 2564 1012 2607; baseline 0 -11"><span class='ocrx_word' id='word_1_402' title='bbox 866 2564 1012 2607; x_wconf 75' lang='lat' dir='ltr'>stacam.</span> 
     </span>
    </p>

    <p class='ocr_par' dir='ltr' id='par_1_14' title="bbox 878 2614 1556 2764">
     <span class='ocr_line' id='line_1_71' title="bbox 927 2614 1556 2660; baseline 0.002 -12"><span class='ocrx_word' id='word_1_403' title='bbox 927 2628 979 2648; x_wconf 82' lang='lat'>22.</span> <span class='ocrx_word' id='word_1_404' title='bbox 995 2615 1069 2648; x_wconf 74' lang='lat' dir='ltr'>Sive</span> <span class='ocrx_word' id='word_1_405' title='bbox 1084 2616 1156 2648; x_wconf 79' lang='lat' dir='ltr'>levi</span> <span class='ocrx_word' id='word_1_406' title='bbox 1167 2618 1307 2648; x_wconf 80' lang='lat' dir='ltr'>teretem.</span> <span class='ocrx_word' id='word_1_407' title='bbox 1326 2614 1455 2660; x_wconf 84' lang='lat' dir='ltr'>Regius</span> <span class='ocrx_word' id='word_1_408' title='bbox 1476 2614 1556 2660; x_wconf 85' lang='lat' dir='ltr'>qui-</span> 
     </span>
     <span class='ocr_line' id='line_1_72' title="bbox 878 2666 1554 2712; baseline 0.003 -12"><span class='ocrx_word' id='word_1_409' title='bbox 878 2666 975 2709; x_wconf 87' lang='lat' dir='ltr'>dam,</span> <span class='ocrx_word' id='word_1_410' title='bbox 987 2670 1057 2700; x_wconf 73' lang='lat' dir='ltr'>sive</span> <span class='ocrx_word' id='word_1_411' title='bbox 1065 2669 1166 2701; x_wconf 69' lang='lat' dir='ltr'>leuem</span> <span class='ocrx_word' id='word_1_412' title='bbox 1176 2670 1274 2700; x_wconf 80' lang='lat' dir='ltr'>tereti</span> <span class='ocrx_word' id='word_1_413' title='bbox 1282 2673 1344 2702; x_wconf 91' lang='lat' dir='ltr'>etc.</span> <span class='ocrx_word' id='word_1_414' title='bbox 1358 2667 1456 2712; x_wconf 82' lang='lat' dir='ltr'>Regii</span> <span class='ocrx_word' id='word_1_415' title='bbox 1470 2681 1554 2703; x_wconf 89' lang='lat' dir='ltr'>nos-</span> 
     </span>
     <span class='ocr_line' id='line_1_73' title="bbox 879 2715 1553 2764; baseline 0.001 -12"><span class='ocrx_word' id='word_1_416' title='bbox 879 2718 923 2752; x_wconf 86' lang='lat' dir='ltr'>tri</span> <span class='ocrx_word' id='word_1_417' title='bbox 953 2715 1083 2753; x_wconf 40' lang='lat' dir='ltr'>habent‘</span> <span class='ocrx_word' id='word_1_418' title='bbox 1110 2718 1292 2764; x_wconf 80' lang='lat' dir='ltr'>vulgatam.</span> <span class='ocrx_word' id='word_1_419' title='bbox 1327 2717 1460 2755; x_wconf 86' lang='lat' dir='ltr'>Confer</span> <span class='ocrx_word' id='word_1_420' title='bbox 1477 2745 1487 2763; x_wconf 87' lang='lat'><em>,</em></span> <span class='ocrx_word' id='word_1_421' title='bbox 1516 2721 1553 2754; x_wconf 91' lang='lat' dir='ltr'>in</span> 
     </span>
    </p>
   </div>
  </div>
 </body>
</html>
