1832 3100
426 231 876 278 METAMORPH
893 231 1123 276 OSEON
1155 234 1271 277 LIB.
1303 235 1342 277 I.

1521 248 1604 293 119

162 328 280 377 Hinc
304 326 533 376 dissuadet
557 346 712 375 amor:
737 326 881 375 victus
906 325 1055 393 pudor
1078 337 1195 374 esset
1215 346 1390 385 amore3

162 406 273 464 Sed,
298 404 390 455 leve
415 405 453 454 si
472 425 636 454 munus
661 405 792 454 sociae
818 403 1082 470 generisque
1109 403 1285 469 torique

1539 419 1607 453 620

162 486 307 534 Vacca
325 495 564 547 negaretur
577 521 588 542 ‚
612 495 792 550 poterat
811 501 906 530 non
930 500 1059 530 vacca
1079 480 1233 529 videri.

164 561 328 612 Pelliee
351 562 535 619 donata,
560 581 654 610 non
678 561 887 628 protinus
911 560 1034 609 exuit
1058 578 1235 608 omnem

165 641 281 689 Diva
303 652 499 698 metum3
525 640 765 706 timuitque
787 641 945 688 Jovem
961 677 972 696 ‚
999 650 1044 687 et
1062 638 1150 686 suit
1169 637 1296 687 anxia
1320 636 1454 695 surti3

162 719 317 768 Donec
339 718 611 768 Arestoridae
635 717 895 767 servandam
921 716 1105 766 tradidit
1122 718 1261 780 Argo.

166 799 358 848 Centum
382 797 632 847 luminibus
655 791 851 846 cinctum
876 808 1011 864 caput
1034 797 1186 860 Argus
1210 788 1405 845 habebat
1426 816 1436 844 :

1494 848 1504 856 ,
1538 809 1606 843 625

161 875 271 924 Inde
296 876 389 925 suis
412 864 586 925 vicibus
614 875 854 942 capiebant
875 874 983 922 bina
1005 874 1199 940 quietem
1220 891 1237 922 r

164 954 323 1003 Cetera
347 953 604 1011 servabant,
630 964 763 1019 atque
788 952 837 1000 in
862 952 1053 1001 statione
1076 953 1329 1002 manebant.

165 1032 440 1082 Constiterat
463 1050 748 1099 quocumque
770 1031 908 1079 modo
925 1070 937 1090 ‚
961 1033 1194 1098 spectabat
1220 1033 1275 1081 ad
1298 1035 1351 1081 Io
1371 1052 1381 1081 ε

203 1145 280 1181 623.
298 1146 421 1181 Anxia
433 1145 535 1191 furti.
558 1145 614 1180 Ne
637 1143 781 1190 Jupiter
807 1142 850 1178 ad

163 1198 459 1234 consuetudinem
475 1198 551 1244 ejus
565 1197 708 1232 rediret.
726 1198 792 1231 Ed.

206 1250 283 1294 624.
297 1250 402 1294 Argo.
418 1250 475 1285 De
493 1251 588 1294 Argo
598 1277 607 1291 ‚
627 1249 773 1295 ejusque
789 1261 853 1294 ge-

164 1303 323 1349 nealogia
342 1303 421 1339 vide
444 1303 606 1338 Eustath.
630 1301 674 1337 ad
701 1302 852 1337 Homer.

165 1357 293 1404 ll.B,p.
309 1357 518 1400 131⁵3Schol.
530 1357 654 1403 Eurip.
667 1356 710 1391 ad
725 1356 851 1391 Phoen.

164 1423 252 1446 vers.
266 1411 362 1455 1123,
376 1410 495 1457 ibique
508 1407 698 1446 valkenar.
709 1409 853 1456 Jupiter

163 1475 205 1497 ex
213 1460 328 1498 Niobe
342 1462 465 1509 genuit
481 1462 619 1507 Argum
634 1489 643 1505 ,
659 1462 759 1506 cujus
771 1474 854 1507 pro-

162 1527 274 1562 nepos
298 1515 447 1552 Arestor
461 1543 471 1560 ‚
501 1523 602 1562 pater
618 1514 706 1561 Argi
728 1514 852 1549 nostri.

162 1568 328 1605 Acusilao
334 1577 370 1604 et
380 1569 535 1617 AEschyl.
545 1571 609 1615 570
620 1574 832 1614 eratynwaqg
841 1595 850 1610 ‚

161 1621 184 1656 i.
192 1635 222 1658 e.
234 1622 336 1667 cujus
344 1622 444 1669 origo
454 1622 585 1668 ignota.
596 1620 747 1657 Aliinon
756 1621 852 1656 hunc

159 1674 387 1711 centoculum
397 1701 407 1720 ‚
420 1675 482 1711 sed
492 1675 599 1710 alium
616 1675 754 1722 Argum
768 1701 778 1718 ,
792 1674 853 1720 qui

161 1739 292 1761 navem
318 1728 415 1774 Argo
441 1727 620 1762 fabricavit
635 1754 644 1772 ‚
675 1727 854 1762 Arestoris

161 1778 276 1815 filium
286 1779 420 1815 faciunt
432 1793 441 1815 ι
451 1779 521 1815 vid.
531 1779 689 1815 Gronov.
700 1779 852 1815 Diatrib.

163 1832 252 1868 Stat.
274 1836 316 1869 55
333 1860 344 1878 ,
371 1841 407 1870 et
424 1835 549 1870 Burm.
566 1834 610 1869 ad
627 1834 661 1869 h.
686 1834 708 1869 l.
732 1835 852 1880 Hujus

162 1885 276 1921 nostri
294 1885 381 1934 Argi
398 1886 532 1934 effigies
549 1900 707 1934 expressa
724 1894 799 1922 erat
813 1887 852 1921 in

160 1938 286 1987 clypeo
301 1940 604 1987 Hippomedontis
616 1969 626 1986 ‚
643 1942 767 1987 Eurip.
784 1941 817 1975 d.
830 1941 851 1976 l.

163 1998 199 2026 et
226 1992 263 2027 in
295 1992 463 2039 pharetra
495 1994 661 2029 Herculis
678 2021 688 2038 ,
723 1994 852 2040 Quint.

164 2044 308 2092 Smyrn.
326 2046 361 2080 X
371 2073 381 2090 ‚
404 2060 476 2093 19¹·
488 2066 535 2075 ·—
548 2047 665 2093 Argus
680 2047 854 2082 universa:

164 2096 292 2131 mundi
303 2097 476 2133 machinae
486 2106 589 2146 typus
600 2105 651 2134 est
663 2126 671 2139 ‚
690 2098 789 2144 cujus
802 2112 855 2134 ca-

164 2155 228 2194 put
239 2148 313 2183 caeli
327 2162 400 2195 prae
409 2163 446 2185 se
456 2151 526 2186 sert
537 2151 745 2198 imaginem,
761 2152 854 2187 oculi

163 2199 346 2235 stellarum
354 2228 365 2244 ‚
379 2215 458 2247 quae
469 2202 637 2238 inferiora
646 2202 853 2250 despiciunt.

164 2253 206 2287 Io
222 2265 324 2299 ergo,
341 2253 371 2288 si
387 2261 520 2289 terram
537 2256 651 2301 capias
663 2283 673 2300 ,
692 2269 766 2291 non
784 2257 855 2291 mi-

164 2308 232 2340 nus
247 2305 292 2340 ab
307 2305 407 2352 Argo
422 2314 602 2343 nocturno
616 2335 626 2352 ,
647 2308 779 2344 vicibus
795 2310 851 2344 al·-

161 2357 275 2392 ternis
292 2358 500 2404 respicitur,
526 2373 634 2405 quam
657 2373 677 2395 a
699 2360 850 2409 Cyclope

163 2408 308 2454 diurno,
322 2410 357 2445 id
367 2418 420 2446 est
431 2411 525 2447 Sole.
539 2412 578 2447 Si
589 2426 691 2448 vacca
702 2413 747 2449 sit
756 2439 766 2457 ,
783 2411 851 2446 Lu-

163 2472 248 2495 nam
278 2470 496 2498 crescentem
519 2465 682 2501 referunt
701 2477 850 2507 cornua;

164 2520 347 2561 nuptaque
366 2523 419 2551 est
435 2516 571 2552 Osiridi
593 2520 692 2565 cujus
717 2530 851 2553 cornua

164 2567 271 2614 pleno
278 2568 364 2604 orbe
371 2571 534 2606 coeuntia
547 2572 667 2608 Solem
679 2572 852 2607 referunt.

165 2620 373 2667 Utrumque
393 2623 585 2659 numinum
607 2625 683 2659 loco
706 2623 852 2672 AEgyp-

165 2673 231 2708 tios
243 2700 252 2714 ,
278 2673 402 2710 Persas
414 2702 423 2719 ,
442 2675 594 2723 aliosque
615 2676 761 2712 coluisse
778 2690 852 2712 no-

166 2731 244 2760 tum
260 2733 322 2761 est.
339 2729 402 2761 Ed

209 2777 380 2815 fias-626.
393 2783 540 2818 Centum.
555 2781 719 2818 Omnino
729 2782 851 2819 multa.

918 1143 1075 1192 AEschyl.
1087 1146 1272 1181 Prometh.
1282 1146 1362 1193 674,
1375 1154 1493 1186 πυκνοῖς
1508 1152 1610 1186 ἕσσοις

922 1198 1070 1247 δἐδσρκῶς
1082 1223 1091 1240 ,
1111 1205 1147 1232 et
1165 1201 1225 1244 571
1243 1225 1252 1241 ‚
1274 1201 1457 1248 ὃμυριωπὲς
1472 1201 1584 1243 βούτας
1598 1226 1607 1242 ,

919 1249 1015 1296 quod
1040 1250 1226 1285 Schutzius
1242 1251 1375 1296 tropice
1391 1258 1491 1296 putat
1508 1264 1608 1297 posse

918 1306 1033 1337 omnia
1059 1306 1288 1338 observantem
1314 1303 1520 1349 significare.
1552 1303 1608 1338 Ab

920 1355 1044 1402 Eurip.
1067 1356 1193 1391 Phoen.
1215 1369 1299 1391 1120
1317 1363 1351 1391 et
1374 1356 1448 1390 aliis
1471 1369 1521 1389 vr.
1539 1373 1607 1390 πα-

919 1411 1029 1449 νόπτης
1036 1435 1046 1451 ,
1064 1409 1119 1454 cuj
1125 1422 1164 1444 us
1175 1409 1329 1444 nominis
1339 1421 1478 1444 causam
1489 1407 1608 1443 Schol.

919 1460 1030 1496 Hom.
1048 1461 1088 1496 ll.
1100 1467 1123 1496 B
1134 1488 1143 1505 ,
1166 1463 1227 1497 103
1240 1488 1250 1506 ,
1265 1461 1383 1495 reddit
1397 1461 1488 1495 hanc
1501 1486 1510 1504 ,
1527 1461 1608 1506 quia

918 1517 997 1550 κατὰ
1006 1518 1115 1555 παντὲς
1125 1518 1327 1562 τοῦρώματος
1338 1521 1419 1560 εἶχεν
1431 1516 1607 1561 ὅγθκὶμούς.

919 1565 1046 1602 Plauto
1065 1566 1146 1601 Aul.
1163 1563 1241 1611 III,
1271 1578 1311 1601 VI
1323 1594 1332 1611 ‚
1364 1579 1403 1614 ¹9
1415 1593 1424 1610 ‚
1447 1568 1582 1601 oculeus
1597 1580 1608 1601 ,·

918 1628 953 1657 et
976 1622 1180 1669 Nemesian.
1203 1621 1338 1670 Cyneg.
1362 1622 1401 1656 31
1417 1647 1426 1664 ,
1450 1622 1608 1655 stellatus

917 1676 1028 1709 oculllr
1048 1679 1164 1710 custos
1188 1678 1339 1720 virginis.
1368 1673 1607 1708 Vetustissimi

916 1727 1104 1776 scriptores
1116 1728 1148 1763 ei
1162 1727 1290 1762 dabant
1305 1733 1446 1761 tantum
1462 1732 1532 1760 tres
1547 1735 1607 1762 aut

918 1778 1071 1824 quatuo'r
1081 1780 1217 1815 oculos:
1228 1778 1296 1812 vid.
1309 1778 1391 1813 Sch.
1404 1778 1525 1823 Eurip.
1539 1777 1571 1812 d.
1585 1778 1604 1812 Ι.

918 1831 989 1865 ΑΙίἱ
1003 1845 1126 1867 omnes
1133 1831 1221 1876 'Argi
1234 1830 1365 1874 oculos,
1384 1831 1439 1864 alii
1454 1831 1606 1864 nonnul·

917 1883 968 1919 los
991 1891 1132 1919 tantum
1148 1884 1310 1917 fecerunt
1325 1882 1453 1929 vigiles.
1478 1882 1607 1928 Quint.

920 1937 1063 1984 Smyrn.
1082 1932 1151 1979 X.
1168 1948 1226 1982 191
1245 1948 1253 1970 τ
1277 1937 1483 1982 ἆγθαλμσῖσιν”
1503 1937 1605 1982 ἄμοι-

920 1989 1011 2023 &Zoton
1033 1989 1189 2023 ὑπνῶεσκε.

963 2041 1036 2085 627.
1060 2041 1100 2073 In
1124 2043 1272 2074 statione
1292 2043 1476 2075 manebant
1484 2069 1491 2082 ‚
1525 2049 1607 2077 ῑρπικ

920 2105 1024 2140 quam
1048 2092 1187 2128 milites.
1211 2093 1330 2128 Etiam
1345 2098 1418 2129 suis
1436 2098 1569 2130 vicibus
1586 2110 1605 2131 e

918 2161 956 2182 re
965 2145 1131 2180 castrensi
1146 2146 1295 2192 petitum
1308 2174 1316 2188 ‚
1334 2147 1391 2182 ubi
1407 2148 1535 2183 milites
1551 2153 1608 2184 vi-

916 2200 1011 2233 cibus
1026 2198 1192 2233 stationes
1203 2206 1238 2233 et
1251 2198 1315 2233 alia
1328 2199 1450 2234 munia
1462 2201 1606 2236 obeunt.

916 2249 1039 2297 virgil.
1053 2251 1196 2286 AEneid.
1210 2253 1262 2288 IX
1275 2280 1283 2298 ,
1303 2254 1364 2298 164
1374 2280 1384 2297 ,
1398 2258 1536 2289 variant
1550 2259 1606 2289 υἱ·-

914 2318 971 2339 ces
981 2331 990 2347 ‚
1009 2312 1045 2340 et
1058 2320 1121 2340 222
1134 2333 1144 2350 ,
1160 2313 1296 2342 servant
1307 2312 1409 2345 vices.
1423 2309 1520 2356 Ergo
1533 2323 1607 2344 ser-

916 2372 992 2394 vare
1016 2358 1050 2393 h.
1072 2359 1093 2393 l.
1124 2361 1252 2394 Wacbe
1274 2363 1399 2397 hulten.
1419 2361 1605 2400 claudian.

916 2406 994 2454 XXI,
1005 2412 1089 2446 313:
1105 2412 1243 2447 Centum
1255 2416 1408 2449 excubiis
1420 2428 1520 2449 unum
1535 2428 1592 2450 ser
1602 2436 1610 2443 -

915 2463 1170 2508 valjuvencam.
1188 2483 1233 2491 -—·
1247 2467 1290 2499 In
1308 2470 1458 2501 statione
1481 2481 1607 2502 mane—

916 2520 1007 2553 bant.
1023 2518 1105 2554 Hoc
1119 2525 1183 2562 est,
1198 2519 1396 2564 vigilabant.
1407 2521 1608 2557 Translatio

917 2578 968 2605 est
985 2583 1004 2604 a
1021 2571 1189 2606 militibus
1206 2579 1345 2618 sumpta
1358 2599 1367 2617 ‚
1398 2573 1457 2619 qui
1479 2575 1516 2609 in
1534 2583 1608 2610 sta-

917 2623 1015 2657 tione
1032 2631 1117 2659 tunc
1129 2637 1274 2660 manere
1286 2625 1454 2661 dicuntur
1466 2654 1475 2671 ,
1494 2641 1607 2674 quum

918 2676 1107 2722 diligenter
1122 2678 1280 2713 excubias
1298 2687 1418 2726 agunt.
1441 2682 1507 2717 Ed.

962 2729 1037 2764 628.
1050 2731 1163 2766 Modo.
1178 2730 1293 2766 Codd.
1309 2733 1419 2767 nostri
1432 2736 1518 2775 loco,
1532 2747 1606 2769 non

920 2783 1011 2821 male
1025 2791 1148 2820 nostro
1166 2784 1297 2830 judicio
1312 2793 1348 2822 et
1360 2787 1450 2823 sorte
1467 2784 1607 2824 rectius.
