1832 3100
330 255 1033 302 METAMORPHOSEON
1067 259 1197 303 LIB.
1237 260 1276 303 1.

1445 275 1527 322 107

93 372 117 394 »
144 350 339 418 Aspera,
354 369 442 417 qua
461 369 697 417 properas,
720 350 820 400 loca
837 362 944 399 sunt
963 371 973 399 :
992 350 1268 400 moderatius
1283 389 1294 410 ,
1320 371 1400 400 oro
1416 391 1428 411 ,
1465 367 1531 402 5ιο

91 451 116 472 »
141 429 303 485 Curre,
327 427 568 495 fugamque
592 428 772 487 inhibe;
798 428 1070 478 moderatius
1093 428 1306 496 insequar
1327 429 1440 496 ipse.

93 527 118 549 »
145 505 232 555 Cui
254 505 447 573 placeas,
472 506 650 573 inquire
675 518 820 556 tamen
844 527 854 556 :
879 526 975 556 non
996 506 1143 556 incola
1165 507 1360 566 montis,

93 605 118 626 »
142 584 248 632 Non
268 603 352 647 ego
374 603 474 633 sum
494 596 652 652 pastor
672 607 683 634 :
703 605 795 634 non
819 586 894 635 hic
917 597 1138 644 armenta,
1165 604 1374 649 gregesve

93 683 117 705 »
145 661 368 712 Horridus
390 662 580 712 observo
604 684 614 712 :
639 663 804 721 nescis,
831 664 1085 722 temeraria,
1111 664 1256 713 nescis

92 763 117 784 ³»
145 741 294 806 Quem
307 741 477 804 fugias3
500 742 690 809 ideoque
708 741 830 806 fugis
849 763 858 791 :
884 743 995 792 mihi
1013 742 1231 810 Delphica
1251 741 1409 801 telluS‚
1465 755 1532 791 515

90 840 116 863 ³»
142 819 203 868 Et
228 818 410 878 ClaroS‚
437 832 482 872 et
503 820 732 879 Tenedos,
757 821 1041 889 Pataraeaque
1060 821 1183 885 regia
1203 820 1352 869 servit.

91 918 116 939 »
140 895 321 963 Jupiter
345 908 411 946 est
431 897 610 961 genitor
631 918 640 947 :
662 918 745 966 per
763 918 852 958 me,
885 899 1008 967 quod
1029 899 1202 966 eritque
1224 898 1425 965 fuitque,

91 996 116 1017 »
142 975 337 1045 Estque,
362 986 486 1043 patet
506 995 517 1024 :
542 994 625 1043 per
646 996 717 1026 me
738 977 1012 1030 concordant
1034 977 1229 1026 carmina
1246 976 1408 1025 nervis.

132 1109 207 1143 512.
230 1109 374 1151 Tamen,
388 1109 564 1156 precantis
583 1117 636 1145 est
657 1123 665 1145 ι
683 1117 772 1145 tan—-

85 1160 170 1197 dem
181 1189 191 1206 ,
219 1175 346 1208 quaeso.
377 1163 462 1198 Jam
488 1163 611 1208 incipit
630 1190 639 1207 ,
670 1177 772 1198 more

86 1224 275 1260 procorum
289 1240 299 1259 ‚
316 1213 524 1262 dignitatem
541 1229 640 1251 suam
657 1224 692 1251 et
707 1217 773 1251 vir-

86 1268 179 1303 tutes
194 1269 336 1314 jactare.
355 1268 412 1304 Cf.
428 1282 518 1304 vers.
534 1273 616 1317 595,
633 1271 685 1305 IX
697 1270 773 1305 init.

88 1321 147 1357 Et.
158 1322 330 1358 habemus
346 1323 403 1358 hic
414 1323 532 1359 locum
549 1323 645 1359 1class.
661 1324 705 1360 de
724 1338 775 1359 ar-

86 1376 181 1412 tibus
191 1377 373 1423 Apollinis.
391 1377 460 1413 Eas
471 1390 556 1413 vero
567 1385 691 1414 ornate
702 1379 773 1415 cir-

86 1428 307 1468 cumlocutus
321 1435 384 1466 est.
435 1451 438 1454 -

131 1482 206 1525 514.
221 1483 398 1516 Hanidns.
423 1481 586 1517 Pastor-es
606 1481 772 1517 introdu-

84 1539 217 1578 cuntur
226 1532 398 1567 hermian
408 1530 572 1578 squalidi,
592 1536 772 1584 αὖχμηροῑ,

84 1589 293 1631 «affini-15,
307 1591 346 1620 nt
357 1585 434 1620 Pan
443 1597 497 1631 ap.
511 1585 621 1620 Hom.
634 1586 668 1621 h.
684 1587 772 1622 Pan.

82 1638 106 1672 6
118 1653 127 1680 ;
140 1651 258 1684 neque
270 1637 306 1673 id
321 1638 403 1674 alias
414 1639 451 1674 in
463 1639 589 1675 vitium
601 1641 752 1676 vertitur
761 1668 771 1685 ,

82 1689 145 1725 sed
163 1698 245 1736 opp.
263 1697 452 1736 unguento
469 1691 599 1727 nitidis.
628 1693 774 1727 Sordida

82 1754 163 1778 ruta
172 1742 260 1779 dixit
266 1743 369 1791 Virg-
380 1743 455 1780 Ecl.
466 1745 502 1780 11
514 1771 523 1789 ,
538 1745 591 1780 28.
603 1747 750 1781 Observa
759 1774 769 1789 ,

82 1795 255 1832 custodio.

127 1850 202 1884 51⁵.
222 1849 393 1893 Delphica
411 1850 523 1885 tellus.
548 1850 658 1886 Unde
682 1852 773 1886 Ora-

81 1904 338 1948 culaDeIphek-av
346 1903 538 1939 dictasunt.
547 1904 677 1951 Delphi
688 1906 772 1940 urbs

84 1954 250 1990 Phocidis
265 1955 303 1990 in
322 1955 455 1991 Achaia
472 1956 515 1991 ad
534 1958 769 2002 Parnassum,

83 2008 228 2044 oraculo
245 2008 419 2055 Apollinis
435 2010 536 2046 clara.
553 2012 620 2045 Ed.

86 2068 103 2076 ·
129 2059 204 2094 516.
219 2061 341 2095 Cl'a'ros
353 2066 418 2096 etc.
435 2060 621 2107 Oppidum
636 2061 746 2096 Ioniae
760 2087 771 2106 ,

82 2109 180 2155 juxta
198 2109 469 2157 Colophonem,
495 2113 668 2159 Apollinis
684 2119 772 2147 tem·

83 2163 142 2209 plo
158 2170 194 2199 et
218 2165 361 2200 oraculo
387 2166 674 2202 nobilissimum:
701 2166 771 2201 vid.

83 2217 224 2259 Strabo,
243 2217 347 2263 XIV,
357 2227 391 2265 p.
409 2220 654 2263 442;Pausan.
673 2219 747 2256 Vll
759 2246 769 2263 ‚
824 2229 835 2234 ’”

81 2282 115 2315 p.
130 2271 208 2314 405.
230 2270 319 2306 Inde
337 2271 466 2317 Apollo
490 2273 644 2315 Clarius,
670 2273 770 2318 euius

13 2316 19 2322 ⁵
81 2320 216 2371 effigies
228 2321 265 2356 in
278 2323 437 2358 nummis
450 2323 665 2370 conspicitur
677 2324 770 2371 apud

81 2373 251 2409 Patinum
263 2375 468 2410 nummism.
483 2376 573 2422 Imp.
587 2389 621 2422 p.
633 2378 711 2421 400.
726 2395 771 2403 -—

84 2427 256 2468 Tenedos,
275 2426 388 2462 insula
405 2428 513 2463 maris
530 2423 643 2475 AE'gaei
654 2455 664 2473 ,
685 2442 769 2475 agro

80 2476 242 2523 Trojano
253 2479 367 2514 vicina
380 2505 389 2523 ,
402 2479 462 2515 ubi
478 2481 652 2527 templum
664 2481 770 2527 Apol-

78 2527 160 2565 linis
174 2530 354 2566 Sminthei
375 2530 604 2568 ditissimum:
618 2533 746 2569 Strabo
756 2560 767 2578 ,

79 2581 166 2618 VII.
181 2581 238 2618 Cf.
252 2582 351 2630 Virg.
365 2583 449 2618 AEn.
463 2585 514 2629 II,
526 2588 766 2628 21.-Patara‚

79 2635 162 2670 urbs
179 2635 317 2683 Lycia,
336 2636 374 2671 in
391 2649 459 2682 qua
469 2637 596 2683 Apollo
611 2638 769 2674 hiemem

81 2687 320 2734 transigebat,
340 2695 377 2723 et
400 2701 464 2735 per
479 2703 538 2724 sex
551 2703 690 2726 menses
705 2691 769 2726 hi-

80 2738 210 2774 bernos
220 2752 388 2786 responsa
400 2740 505 2776 dabat
519 2753 527 2777 ε
543 2742 718 2777 Herodot.
731 2742 768 2786 1,

85 2794 168 2840 1825
186 2792 285 2831 Serv.
304 2794 346 2829 ad
370 2795 468 2841 Virg.
490 2795 572 2831 AEn.
588 2795 664 2841 IV,
696 2797 767 2841 143.

837 1110 936 1146 Hinc
955 1110 1082 1156 Apollo
1095 1112 1284 1151 Patareus,
1300 1110 1429 1146 Horat.
1448 1110 1504 1145 111
1521 1137 1531 1152 .

839 1163 911 1199 Od.
929 1176 980 1207 w,
999 1163 1106 1208 64—
1116 1165 1232 1205 Servii,
1252 1163 1335 1198 colit
1350 1162 1456 1198 sacris
1470 1163 1530 1198 sa—

839 1217 971 1253 ciendis
989 1225 1025 1252 et
1042 1217 1190 1252 oraculis
1205 1215 1441 1252 consulendis.

885 1273 922 1305 5¹
932 1284 959 1315 7.
985 1272 1053 1305 Per
1068 1283 1120 1304 me
1136 1271 1228 1315 quod
1239 1272 1374 1315 eritque.
1398 1267 1506 1303 Artes
1518 1295 1527 1309 ‚

839 1334 991 1366 quarum
1025 1326 1125 1372 ’ἔφορος
1152 1327 1228 1355 erat
1242 1348 1252 1362 ‚
1302 1328 1342 1355 ut
1371 1320 1531 1365 loquitur

841 1374 957 1410 Schol.
974 1374 1070 1409 ined.
1089 1375 1239 1409 Homer.
1261 1373 1354 1420 apud
1378 1373 1531 1408 Vatken.
1566 1386 1569 1389 *

840 1426 885 1462 de
899 1426 990 1462 Cod.
1004 1427 1155 1473 Hom.p.
1165 1427 1229 1473 94,
1242 1432 1368 1472 τοξικὴ,
1386 1430 1506 1477 ἰατρικὴ
1521 1452 1530 1470 ,

839 1484 971 1524 μουσικὴ
987 1505 996 1523 ,
1027 1483 1158 1524 μαντική
1186 1492 1194 1514 :
1217 1478 1298 1513 vide
1326 1477 1467 1513 Callim.
1495 1477 1532 1513 h.

841 1532 943 1578 Apol.
962 1533 1003 1576 42
1019 1545 1094 1579 sqq.
1108 1546 1116 1573 ;
1136 1532 1236 1579 Virg.
1253 1531 1339 1566 AEn.
1352 1531 1439 1575 XII,
1454 1531 1532 1579 393.

840 1582 889 1618 Et
904 1583 997 1630 apud
1013 1584 1157 1619 Lucian.
1169 1583 1206 1618 in
1220 1591 1377 1632 qbnqewpz„
1395 1596 1429 1628 p.
1452 1583 1532 1629 716,

839 1637 1072 1684 indignantur
1087 1638 1147 1673 Dii
1161 1665 1169 1682 ,
1189 1637 1284 1684 quod
1300 1637 1357 1673 hic
1372 1649 1466 1672 unus
1480 1644 1534 1672 tot

840 1696 932 1727 artes
948 1699 1118 1727 exerceat.
1130 1711 1174 1718 —-
1184 1694 1252 1727 Per
1259 1704 1328 1733 me,
1349 1695 1442 1738 quod
1450 1696 1532 1727 eril-

838 1757 902 1789 que
919 1751 984 1779 etc.
1011 1744 1121 1780 Vates
1141 1757 1221 1780 sum
1238 1745 1343 1791 longe
1371 1743 1530 1779 certissi-

838 1806 928 1830 mus.
942 1796 1120 1842 Expressit
1134 1803 1254 1831 autem
1271 1797 1423 1830 Homer.
1438 1794 1479 1830 Il.
1490 1799 1531 1836 A,

840 1860 884 1893 70
895 1875 904 1892 ,
933 1849 993 1884 ubi
1022 1848 1170 1884 Calchas
1194 1849 1282 1884 scire
1310 1848 1441 1883 dicitur
1457 1860 1466 1882 ι
1492 1848 1532 1883 τά

838 1900 969 1937 τ”ἶέντα
980 1928 990 1945 ,
1017 1903 1057 1937 τά
1073 1901 1100 1937 τ’
1116 1903 1264 1946 ἕσσᾶμενοε
1276 1928 1286 1946 ,
1306 1903 1363 1951 vtpo'
1378 1900 1405 1936 τ’
1425 1902 1508 1936 ε’ἐντοι
1520 1927 1530 1943 ,

839 1960 948 1998 quem
965 1954 1083 1988 locum
1100 1954 1207 1987 etiam
1233 1951 1413 1989 transtulit
1429 1952 1533 1999 Virg.

839 2006 971 2052 Geor-g.
987 2007 1041 2042 IV
1055 2033 1065 2050 ‚
1083 2007 1159 2055 39²·
1177 2005 1405 2041 vaticinandi
1416 2013 1532 2041 artem

838 2058 985 2094 edoctus
1002 2065 1078 2094 erat
1100 2058 1228 2105 Apollo
1248 2071 1268 2094 a
1286 2058 1377 2093 J'ove
1391 2085 1401 2103 ,
1429 2058 1530 2103 cuius

838 2117 935 2146 vates
950 2111 1058 2146 etiam
1075 2110 1257 2147 dicebatur
1269 2138 1279 2156 ,
1308 2116 1528 2158 praeeratque

838 2162 997 2199 oraculis.

883 2218 957 2252 518.
982 2218 1122 2265 Per-me
1145 2218 1362 2252 concordant.
1390 2215 1529 2251 Musica

836 2270 967 2306 excello
990 2276 1026 2305 et
1042 2270 1304 2307 instrumentali
1318 2297 1328 2315 ,
1346 2277 1383 2305 et
1406 2270 1529 2305 vocali.

837 2323 974 2358 Blusica
992 2337 1047 2359 ars
1060 2324 1153 2370 apud
1170 2323 1321 2359 Veteres
1335 2324 1374 2358 in
1386 2335 1529 2358 summo

835 2374 973 2411 honore
998 2384 1097 2420 erat,
1122 2377 1171 2412 ita
1187 2384 1227 2411 ut
1242 2376 1403 2412 inventio
1428 2388 1527 2421 prae—

832 2429 1130 2464 stantissimorum
1141 2430 1464 2465 instrumentorum
1483 2427 1527 2462 ad

835 2481 933 2517 Deos
950 2483 1166 2518 referretur:
1180 2481 1360 2518 Plutarch.
1374 2481 1417 2516 de
1432 2481 1528 2515 Mu-

833 2535 921 2579 sica,
939 2547 973 2580 p.
990 2548 1002 2569 1
1013 2535 1085 2569 136.
1103 2533 1276 2580 Apollinis
1287 2534 1524 2568 instrumenta

835 2593 938 2622 erant
963 2588 1099 2622 ciffiara
1109 2613 1119 2628 ,
1153 2598 1260 2632 quam
1288 2585 1362 2632 ipse
1391 2585 1531 2621 invenit

836 2640 955 2684 (Bion.
970 2639 1021 2673 Id.
1030 2650 1095 2683 111,
1110 2639 1144 2685 7)
1157 2646 1192 2674 et
1205 2651 1312 2684 quam
1323 2651 1405 2674 cum
1417 2645 1526 2674 cantu

833 2691 948 2737 pulsat
957 2717 966 2735 ,
982 2697 1018 2726 et
1024 2693 1102 2738 lyra
1112 2718 1121 2735 ,
1137 2703 1244 2737 quam
1255 2691 1387 2738 accepit
1397 2705 1416 2726 a
1428 2691 1526 2727 Mer-

831 2745 933 2780 ·curio
951 2757 960 2780 ι
980 2745 1091 2780 Hom.
1105 2744 1141 2780 h.
1155 2745 1193 2779 in
1212 2745 1325 2780 Merc.
1340 2762 1385 2771 —
1400 2746 1520 2783 Nervi.
1558 2766 1566 2770 -

833 2802 937 2848 πυραὶ
947 2824 957 2841 ,
989 2796 1087 2834 fides.
1116 2795 1344 2833 Concentum
1370 2797 1464 2832 vocis
1490 2801 1527 2831 et
