1832 3100
275 237 335 292 84

637 242 689 284 P.
734 242 970 288 ovum
1014 246 1314 302 NASONIS

272 328 333 374 Et
357 326 479 374 ducit
500 345 642 376 remos
667 329 757 378 illic
773 368 784 389 ,
809 332 887 380 ubi
912 352 1055 399 nuper
1076 347 1229 384 ararat.

274 403 354 452 Ille
374 422 507 470 supra
526 417 714 468 segetes,
741 420 817 456 aut
837 428 986 459 mersae
1011 410 1200 460 culmina
1220 411 1356 470 villae,

1618 430 1682 476 295

273 483 485 550 Navigat;
510 482 582 532 hic
606 504 773 534 summa
796 486 960 552 piscem
983 487 1214 554 deprendit
1233 490 1278 537 in
1300 490 1435 540 ulmo.

272 560 446 620 Figitur
467 561 511 608 in
536 562 685 620 viridi,
712 563 750 610 si
771 563 862 611 sors
887 564 1010 622 tulit,
1036 585 1192 615 ancora
1215 579 1343 632 prato
1365 588 1375 626 ;

271 638 364 685 Aut
382 639 579 703 subjecta
601 651 750 688 terunt
772 659 911 689 curvae
934 641 1079 690 vineta
1103 643 1270 691 carinae.

270 717 331 763 Et
346 752 357 773 ,
381 715 515 763 modo
541 736 627 782 qua
650 717 830 779 graciles
854 737 1031 781 gramen
1055 737 1251 785 carpsere
1276 722 1474 787 capellae,

269 793 398 840 Nunc
421 793 486 841 ibi
508 793 725 842 deformes
747 807 926 861 ponunt
947 815 1025 845 sua
1049 816 1234 863 corpora
1256 799 1422 864 phocae.

1618 817 1685 851 30⁰

270 870 494 918 Mirantur
516 871 601 918 sub
625 890 737 937 aqua
758 871 904 931 lucos,
928 873 1172 940 urbesque,
1200 875 1443 942 domosque

269 948 500 1004 Nereides;
527 948 743 1015 silvasque
768 961 920 998 tenent
944 950 1192 1017 delphines,
1218 964 1261 1000 et
1284 953 1385 1002 altis

270 1026 503 1073 Incursant
523 1025 654 1073 ramis
668 1063 679 1083 ,
706 1025 954 1092 agitataque
977 1028 1138 1077 robora
1158 1029 1350 1095 pulsant.

312 1123 387 1169 294.
404 1122 540 1156 Ararat.
557 1121 713 1156 Gronov.
726 1122 811 1157 Obs.
829 1124 866 1167 I,
889 1124 943 1168 13,

270 1173 389 1207 mallet
398 1199 407 1217 ,
419 1178 552 1215 aratra,
566 1173 640 1208 sine
655 1186 755 1208 causa
765 1200 774 1218 ,
790 1174 945 1219 quamvis

269 1226 459 1272 ingeniose.

311 1280 471 1327 295-298.
480 1281 543 1314 Ille
552 1293 652 1324 supra
659 1284 795 1324 segetes.
804 1279 828 1314 J
831 1292 885 1314 am
895 1279 946 1314 in-

239 1368 242 1370 ,
268 1331 350 1378 cipit
373 1345 496 1366 omnes
519 1332 591 1366 sere
611 1333 660 1366 rei
679 1328 814 1366 rusticae
831 1339 944 1377 partes

269 1383 389 1429 putide
406 1396 598 1418 recensere.
609 1402 654 1409 —
663 1384 796 1418 Summa
808 1390 871 1418 etc.
881 1410 891 1427 ,
904 1397 944 1418 ex

268 1435 394 1469 Horat.
405 1434 438 1468 d.
450 1434 470 1468 l.
483 1437 650 1469 :Piscium
660 1439 695 1469 et
702 1448 830 1469 summa
841 1448 946 1478 genus

267 1487 366 1519 hoesit
374 1488 471 1519 ulmo.
484 1484 588 1519 Ovid.
600 1485 749 1530 ineptius
761 1486 864 1519 etiam
878 1485 945 1520 hoc

268 1539 441 1585 expressit.
456 1557 500 1566 -
511 1539 552 1572 Si
552 1537 631 1582 sors
647 1541 725 1572 tulit
735 1565 743 1580 ,
761 1539 850 1574 sorte
863 1539 944 1573 sor-

269 1600 354 1627 tuna
367 1618 376 1635 ,
398 1604 505 1637 graeca
521 1591 666 1635 locutio,
693 1595 719 1627 εἰ
735 1594 824 1636 τύχοι
841 1604 849 1626 :
865 1591 943 1626 vide

270 1647 403 1681 Muret.
431 1647 534 1680 Varr.
565 1645 658 1680 lectt.
683 1646 772 1680 XVI
785 1671 794 1689 ,
829 1659 850 1693 9
864 1671 873 1689 ,
909 1651 945 1679 et

271 1698 365 1732 Mor.
384 1696 425 1731 ad
443 1697 591 1742 Longin.
608 1698 707 1732 XIV.
721 1696 779 1731 Sic
794 1709 913 1731 sensus
934 1709 942 1731 :

271 1749 362 1783 'Pam
374 1749 441 1782 alta
451 1755 526 1782 erat
536 1748 630 1782 unda
639 1774 649 1792 ,
666 1755 706 1782 ut
717 1759 843 1782 ancora
856 1747 944 1792 ejec-

271 1808 307 1835 ta
321 1800 377 1834 vix
393 1800 451 1845 figi
468 1807 582 1845 posset
595 1827 604 1844 ‚
622 1807 681 1835 aut
692 1826 702 1845 ‚
720 1803 756 1834 si
755 1799 834 1843 sors
846 1803 942 1842 tulit,

269 1854 297 1888 si
325 1854 415 1887 sorte
448 1853 507 1898 figi
528 1853 641 1898 potuit
661 1879 671 1897 ,
708 1852 879 1898 figebatur
906 1853 944 1887 in

265 1912 375 1952 prato.
400 1907 486 1942 Sine
510 1919 610 1941 causa
628 1905 867 1941 schirachium
883 1906 945 1940 os·-

270 1960 434 1995 sendebat
447 1963 480 1995 τὲ
493 1962 606 1995 viride.
622 1960 837 2005 Quanquam
849 1960 944 1995 enim

271 2019 412 2058 pratum
437 2024 524 2056 aqua
548 2018 681 2046 tectum
710 2024 783 2045 non
811 2019 946 2058 poterat

271 2063 368 2099 cerni
385 2065 503 2104 viride,
526 2063 634 2097 lector
650 2070 766 2097 tamen
786 2063 821 2097 id
844 2064 946 2109 cogi-

271 2124 345 2150 tare
362 2122 476 2160 potest
489 2128 498 2156 ;
516 2121 551 2149 et
566 2114 593 2148 si
605 2127 710 2160 neges
723 2141 731 2157 ,
750 2115 821 2149 vim
834 2114 867 2150 h.
882 2115 902 2149 l.
914 2115 946 2150 ei

271 2167 383 2203 inesse
395 2194 404 2212 ‚
428 2174 529 2214 putes
553 2175 695 2202 ornatus
717 2180 816 2202 causa
840 2168 946 2202 addi—-

275 2228 351 2255 tum
364 2247 373 2264 ,
397 2227 437 2255 ut
452 2220 495 2254 sit
519 2232 559 2253 ex
580 2218 707 2253 eodem
728 2232 876 2264 genere,
905 2233 946 2254 ex

274 2286 344 2319 quo
351 2273 448 2317 fulvi
457 2272 575 2306 leones
585 2297 594 2314 ,
611 2273 752 2315 graciles
763 2271 897 2316 capellae
911 2278 946 2306 et

274 2325 392 2360 alia.—-
399 2325 432 2357 T
426 2326 645 2362 eruntvineta,
655 2321 703 2356 nil
713 2322 777 2356 nisi
785 2322 947 2367 navigant

274 2391 377 2423 supra
401 2377 525 2411 vineta.
551 2374 645 2409 Male
673 2374 806 2409 Rodius
828 2387 837 2409 z
854 2375 950 2419 jetzt

272 2431 389 2475 hasten
403 2442 448 2463 an
474 2429 523 2464 W
516 2430 687 2471 einbergen
701 2429 803 2462 Klete.

318 2493 392 2527 299.
416 2482 572 2514 Graciles
587 2492 730 2522 gramen.
751 2480 946 2513 Burmann.

274 2531 421 2565 ossendit
434 2531 560 2576 ingrati
572 2531 648 2565 soni
665 2530 824 2574 repetitio
837 2556 847 2574 ,
867 2543 947 2573 gra-

273 2585 355 2617 ciles
360 2595 504 2626 gramen.
518 2583 638 2626 ltaque
649 2594 712 2626 pro
720 2594 854 2624 gramen
864 2594 947 2626 prae-

274 2636 343 2670 sert
349 2637 485 2672 culmen,
500 2634 591 2678 quod
602 2647 690 2669 unus
698 2634 826 2679 Regius
834 2628 946 2669 habet.

278 2685 409 2731 Capras
415 2685 510 2719 enim
521 2685 556 2719 in
565 2686 706 2730 rupibus
714 2686 784 2719 fere
793 2685 880 2730 pasci
893 2711 902 2728 ,
912 2692 947 2719 et

275 2738 322 2774 sic
338 2738 509 2782 majorem
526 2751 596 2772 esse
619 2738 841 2782 oppositionis
856 2738 944 2784 vim,

1011 1133 1049 1160 ut
1065 1126 1183 1171 phocae
1193 1153 1202 1170 ,
1221 1140 1297 1172 quae
1311 1128 1347 1162 in
1363 1128 1474 1163 fundo
1488 1129 1593 1164 maris
1610 1143 1683 1165 esse

1009 1176 1154 1221 soleant,
1164 1191 1260 1213 nunc
1270 1179 1306 1212 in
1318 1179 1469 1214 culmine
1481 1180 1611 1215 montis
1620 1193 1684 1226 po-

1011 1236 1097 1262 nant
1107 1242 1167 1263 sua
1178 1241 1333 1275 corpora.
1349 1249 1393 1256 -—
1402 1231 1446 1266 In
1454 1233 1597 1275 graciles
1604 1245 1685 1276 gra-

1010 1294 1083 1315 men
1094 1281 1263 1316 Burman.
1277 1282 1433 1327 ingratus
1443 1294 1548 1317 sonus
1564 1283 1685 1318 ossen-

1011 1331 1072 1367 dit.
1087 1332 1158 1367 Sed
1172 1333 1219 1367 ita
1231 1333 1417 1368 innumera
1431 1333 1505 1369 loca
1517 1333 1686 1369 mutanda

1010 1393 1143 1419 essent:
1161 1386 1195 1420 V
1205 1412 1214 1429 ,
1228 1385 1294 1432 390
1304 1411 1313 1429 ,
1328 1388 1445 1420 humus
1457 1388 1614 1429 hum1'da;
1632 1387 1684 1431 X,

1010 1435 1030 1468 3
1042 1462 1052 1479 ,
1069 1450 1150 1471 voce
1170 1442 1355 1480 vocantur‚·
1381 1439 1491 1482 XIII,
1512 1438 1574 1484 734
1589 1464 1598 1482 ,
1615 1441 1686 1473 ali-

1008 1500 1071 1531 quo
1086 1501 1228 1533 quoque‚·
1248 1488 1320 1524 Cic.
1331 1489 1408 1523 Mil.
1425 1493 1466 1524 25
1477 1515 1487 1533 ,
1497 1494 1567 1524 viri
1573 1493 1683 1533 vires‚·

1010 1539 1149 1575 Senect.
1160 1541 1248 1576 XXI
1260 1567 1270 1585 ‚
1281 1544 1446 1586 pra-clara
1453 1556 1542 1576 rara.
1551 1561 1595 1568 -—
1607 1544 1687 1580 Car»,

1002 1605 1084 1643 pere
1096 1607 1245 1637 gramen,
1266 1601 1306 1628 ut
1319 1593 1442 1639 Virgil.
1458 1593 1586 1640 Georg.
1603 1594 1660 1629 III
1672 1620 1683 1638 ‚

1010 1647 1074 1693 295
1086 1671 1095 1689 ,
1113 1659 1246 1690 carpere
1260 1648 1403 1680 herbam.
1522 1687 1526 1691 ἱ

1053 1697 1130 1731 300.
1156 1700 1310 1742 Corpora.
1334 1697 1504 1743 Barnegg.
1517 1699 1679 1742 pignora,

1011 1749 1105 1794 quod
1123 1756 1158 1784 et
1173 1750 1287 1795 ipsum
1302 1749 1414 1795 placet
1429 1749 1624 1784 Burmann.
1638 1749 1686 1785 sic

1010 1802 1106 1835 enirn
1119 1801 1185 1836 dici
1194 1803 1295 1837 soetus
1307 1828 1316 1845 ,
1334 1807 1370 1836 et
1375 1814 1497 1846 ponere
1509 1815 1580 1836 esse
1597 1815 1685 1836 ver-

1009 1852 1096 1886 bum
1107 1854 1289 1898 proprium
1307 1852 1349 1887 de
1365 1860 1476 1898 partu.
1489 1855 1661 1888 —Pbocae
1673 1879 1684 1897 ‚

1009 1904 1107 1939 vituli
1127 1913 1185 1940 aut
1206 1907 1312 1940 boves
1335 1905 1471 1940 marini.
1504 1907 1686 1942 Vocantur

1009 1959 1187 2003 deformes,
1210 1966 1245 1994 et
1255 1958 1346 2005 apud
1357 1959 1453 2004 Virg.
1465 1958 1509 1993 G.
1523 1958 1587 2002 IV,
1599 1959 1662 2007 395
1672 1985 1681 2002 ,

1010 2017 1119 2056 turpes
1127 2039 1135 2054 ‚
1148 2013 1192 2046 ob
1199 2013 1322 2047 faciem
1329 2011 1458 2046 foedam
1465 2037 1476 2055 ,
1484 2024 1685 2057 quanquam

1010 2077 1077 2098 nec
1105 2063 1192 2098 odor
1218 2076 1342 2098 eorum
1366 2070 1481 2109 gratus
1504 2070 1555 2099 est
1571 2074 1580 2096 :
1605 2063 1684 2099 vide

1011 2116 1121 2149 Hom.
1134 2115 1204 2151 Od.
1216 2122 1250 2155 A,
1267 2117 1605 2159 442.—Ponuntsua
1616 2128 1685 2150 cor-

1004 2180 1106 2211 pora,
1123 2168 1334 2202 recumbunt
1344 2193 1353 2211 ,
1366 2167 1444 2200 utX
1454 2192 1463 2210 ,
1481 2167 1561 2210 ι28;
1575 2167 1662 2202 XIV
1673 2193 1682 2210 ‚

1011 2221 1073 2265 427
1089 2232 1097 2254 :
1116 2220 1194 2254 alias
1210 2223 1301 2254 latus
1317 2222 1515 2254 submittere.

1054 2271 1128 2305 302.
1144 2273 1312 2307 Nereides.
1331 2272 1502 2311 Nereides,
1518 2269 1684 2316 nymphae

1011 2323 1172 2366 marinae,
1191 2323 1297 2358 Nerei
1312 2329 1346 2356 et
1357 2321 1498 2356 Doridis
1512 2321 1590 2356 filiae
1603 2347 1613 2365 ,
1639 2321 1682 2357 de

1011 2374 1134 2418 quibus
1143 2373 1220 2419 vide
1231 2373 1373 2407 Hesiod.
1387 2372 1521 2418 Theog.
1535 2373 1599 2416 240
1609 2385 1681 2418 sqq.

1054 2425 1128 2459 303.
1152 2426 1365 2469 Agitataque.
1376 2422 1517 2458 Medic.
1532 2436 1662 2458 annosa
1671 2451 1680 2464 ,

1010 2488 1073 2521 pro
1088 2501 1097 2518 ,
1119 2479 1270 2519 agitata,
1304 2474 1396 2520 quod
1415 2474 1537 2520 probat
1559 2474 1680 2509 Burm.

1011 2540 1119 2571 quum
1131 2527 1270 2561 arbores
1278 2527 1494 2572 frequentius
1501 2526 1620 2572 agitari
1629 2526 1682 2560 di-

1009 2586 1154 2621 cantur,
1184 2579 1324 2623 quando
1342 2586 1449 2613 vento
1466 2578 1683 2612 concutiun—

1010 2637 1090 2674 tur,
1119 2637 1177 2665 aut
1203 2643 1311 2664 manu
1332 2629 1493 2665 hominis.
1521 2628 1592 2664 Sed
1614 2628 1681 2664 hoc

1010 2682 1103 2717 haud
1132 2682 1235 2717 dubie
1262 2682 1359 2716 nihili
1385 2689 1445 2716 est.
1467 2699 1511 2707 —-
1537 2680 1681 2724 Agitala

1011 2735 1132 2770 Burm.
1154 2735 1311 2780 explicat,
1339 2746 1501 2770 concussa
1516 2733 1549 2769 vi
1567 2746 1679 2779 aqua—
