1832 3100
384 207 1074 278 METAMORPHOSEON
1110 211 1239 254 LIB.
1279 211 1370 255 IV.

1512 212 1600 274 339

172 303 336 366 Magna
361 319 502 369 nepos
524 300 669 348 fuerat
686 336 698 357 ,
725 318 855 366 quem
885 299 1104 350 debellata
1126 301 1301 351 colebat

170 379 321 429 India:
344 397 472 445 quem
498 375 659 443 positis
685 375 938 426 celebrabat
964 377 1129 426 Achaia
1155 379 1343 446 templis.

1535 398 1602 434 605

171 454 305 506 Solus
329 454 625 513 Abantiades,
652 454 707 503 ab
733 455 908 518 origine
932 468 1078 504 cretus
1103 457 1275 515 eadem,

165 533 375 595 <Acrisius
399 545 631 600 superest,
657 534 733 600 qui
755 534 979 582 moenibus
1000 546 1143 584 arceat
1167 535 1294 584 urbis

169 610 391 674 Argolica
407 629 418 667 ;
437 623 688 678 contraque
715 613 857 660 Deum
884 611 995 660 serat
1017 631 1163 668 arma;
1189 632 1416 680 genusque

168 677 274 736 Non
295 699 423 755 putet
445 706 541 736 esse
563 689 591 736 J
597 688 692 737 ovis
715 708 726 736 τ
746 707 890 754 neque
914 688 1031 740 enim
1054 690 1181 739 Jovis
1202 709 1295 739 esse
1319 692 1508 758 putabat

168 770 351 828 Persea3
378 789 509 836 quem
533 769 687 836 pluvio
710 771 859 819 Danae
884 784 1146 837 conceperat
1170 793 1293 822 auro.

1535 791 1602 825 610

168 852 281 901 Mox
306 864 451 901 tamen
474 852 723 910 Acrisium,
750 863 872 900 tanta
894 865 961 901 est
983 854 1216 919 praesentia
1241 856 1354 913 veri,

167 937 277 985 Tam
301 935 487 985 violasse
511 936 681 994 Deum,
707 955 838 1002 quam
864 955 956 984 non
982 956 1170 999 agnosse
1194 950 1431 1005 nepotem,

168 1018 363 1068 Poenitet
381 1038 392 1067 ε
413 1019 652 1086 impositus
671 1019 760 1085 jam
782 1019 887 1068 caelo
911 1031 978 1068 est
1002 1019 1136 1079 alter;
1163 1033 1207 1069 at
1231 1020 1341 1071 alter
1359 1060 1372 1080 ,

171 1170 206 1198 et
233 1163 433 1207 Atlantem,
455 1163 583 1199 Asrirae
609 1171 772 1199 montem
787 1191 796 1208 ‚
815 1164 852 1199 in

171 1215 236 1250 hac
258 1215 372 1250 sabula
400 1229 472 1250 esse
497 1209 668 1251 consusbs.
693 1216 724 1251 E
746 1215 853 1251 schol.

170 1269 281 1304 Hom.
294 1269 335 1304 ΙΙ.
346 1276 380 1311 Σ,
393 1269 456 1313 486
465 1295 475 1312 ,
487 1276 646 1315 apparet,
663 1270 853 1305 Atlanticas

171 1322 302 1357 fabulas
316 1329 478 1357 tractatas
492 1336 565 1357 esse
585 1323 626 1358 ab
644 1323 839 1358 Hellanico.

214 1375 291 1418 604.
306 1376 498 1410 Debellata.
510 1375 600 1411 Tres
611 1402 621 1418 ,
639 1378 852 1418 decolorala‚·

169 1429 264 1465 unde
285 1428 452 1469 Heinsius
463 1455 472 1472 ,
491 1431 641 1464 discolor
653 1441 737 1470 ora,·
758 1430 853 1463 Bur-

169 1493 323 1516 mannus
333 1507 344 1524 ,
361 1483 496 1516 decolor
509 1480 776 1516 ora—Codices
786 1481 853 1516 Re-

171 1534 218 1580 gii
231 1534 327 1570 hunc
343 1546 483 1570 versum
504 1535 550 1570 ita
561 1534 710 1570 habent:
723 1535 854 1579 ,Hagno

169 1598 274 1632 nepos
294 1584 453 1628 dederat,
482 1600 577 1631 quem
595 1589 764 1622 debellata
786 1594 851 1622 etc.

167 1640 337 1675 -Nexus
346 1651 448 1675 causa
460 1638 556 1673 addit
568 1638 697 1684 aliquid
708 1638 751 1674 de
764 1639 852 1675 Bac-

167 1691 258 1736 cho,
281 1692 429 1738 ejusque
456 1699 677 1727 contemtor-e
703 1693 851 1728 Acrisio.

166 1745 361 1779 Debellata.
381 1744 475 1780 Nam
489 1756 571 1779 cum
589 1744 744 1780 exercitu
761 1745 853 1781 Bac-

165 1796 252 1833 chus
267 1797 465 1844 penetravit
483 1797 527 1833 ad
555 1798 662 1834 Indos
676 1825 686 1843 ,
715 1799 851 1834 trium-

165 1848 279 1894 phum
295 1849 339 1885 de
354 1850 394 1886 iis
409 1850 498 1896 egit,
517 1863 753 1896 magnamque
766 1851 850 1885 inde

168 1901 315 1947 gloriam
337 1902 543 1947 deportavit.
569 1902 676 1936 Diod.
695 1903 765 1937 Sic.
784 1903 850 1945 lV,

169 1955 210 1994 3;
230 1954 379 1988 Pausan.
398 1967 431 1999 p.
449 1954 536 2000 8693
563 1953 666 1988 Cnrt.
694 1954 767 1995 IX,
800 1966 821 1988 x
841 1980 851 1998 ,

170 2009 224 2042 25.
241 2025 284 2034 —-
300 2008 438 2042 Achaia
449 2033 458 2047 ‚
488 2007 602 2042 omnis
620 2007 766 2043 Graecia.

212 2059 291 2094 606.
302 2060 526 2094 Abantiades.
535 2059 637 2094 Ordo
647 2072 772 2105 regum
786 2059 855 2094 Ar-

171 2109 331 2157 givorum
343 2117 396 2146 est
409 2110 465 2146 hic
476 2138 486 2155 ‚
505 2111 662 2155 Danaus,
677 2111 852 2158 Lynceus,

172 2164 285 2208 Abas,
295 2165 395 2210 cujus
410 2164 472 2200 filii
489 2165 642 2201 Acrisius
652 2173 688 2201 et
704 2167 854 2202 Proetus.

171 2217 322 2252 Pausan.
336 2215 501 2253 Corinth.
514 2232 546 2264 p.
566 2220 638 2262 145.
651 2219 803 2255 Acrisius
813 2232 854 2254 ex

170 2270 342 2316 conjuge,
360 2283 465 2317 quam
483 2272 537 2306 alii
555 2272 757 2319 Eurydicen
770 2299 780 2318 ,
798 2273 854 2309 aiii

170 2323 381 2370 Aganippea
408 2332 534 2360 vocant
559 2325 574 2372 (
594 2324 661 2360 vid.
687 2326 852 2362 Munker.

170 2375 214 2411 ad
241 2376 374 2424 Hygin.
398 2377 464 2413 sab.
489 2376 581 2423 63),
599 2380 748 2425 suscepit
769 2379 852 2414 Da—

170 2441 263 2464 naen
279 2455 289 2473 ,
317 2443 395 2475 quae
419 2431 599 2476 quomodo
631 2445 650 2466 a
675 2433 789 2476 Jove,
814 2433 851 2467 in

169 2481 322 2516 imbrem
351 2495 498 2518 aureum
521 2496 713 2528 converso,
734 2485 852 2521 vitiata

169 2535 234 2579 sit,
253 2542 356 2581 atque
383 2537 512 2571 Persea
540 2539 716 2583 pepererit
734 2565 741 2582 ,
771 2540 852 2574 satis

170 2595 296 2623 notum
320 2595 381 2623 est.
406 2608 452 2615 —
468 2590 526 2624 Ab
542 2595 710 2635 origine
726 2595 851 2628 eadem.

171 2642 309 2688 Nempe
330 2642 490 2688 Agenor,
519 2642 648 2678 Cadmi
674 2652 794 2690 pater,
817 2644 853 2681 et

163 2693 296 2738 Belus,
313 2695 412 2739 cujus
427 2695 518 2731 filius
535 2696 678 2731 Danaus
692 2724 701 2742 ,
728 2698 852 2732 fratres

172 2753 282 2782 erant.
305 2747 401 2782 Hinc
417 2774 427 2792 ‚
451 2761 509 2794 77¹
526 2774 535 2793 ‚
555 2749 728 2794 Perseus,
754 2762 851 2795 aeqne

885 1205 891 1210 .
919 1178 958 1200 ac
981 1164 1137 1200 Cadmus
1151 1192 1161 1209 ,
1179 1166 1400 1210 Agenorides.
1415 1185 1461 1193 —-
1479 1170 1605 1203 Cretas.

921 1216 1042 1251 Codex
1058 1218 1189 1264 Regius
1200 1218 1229 1252 Β
1242 1244 1251 1261 ,
1269 1223 1379 1252 natus.
1388 1221 1604 1256 —Ma-m‘bus

916 1274 1041 1304 arceat.
1065 1268 1202 1304 Confer
1220 1270 1296 1314 ΙΙΙ,
1315 1273 1389 1318 559.
1405 1289 1450 1296 —-
1465 1273 1598 1312 Genus,

918 1321 1021 1356 filius.
1037 1340 1081 1347 —
1101 1324 1217 1356 Genus
1234 1335 1310 1356 esse
1323 1325 1431 1357 Jovis.
1457 1322 1605 1359 Codices

919 1376 1029 1410 nostri
1047 1375 1178 1410 habent
1188 1389 1293 1420 genus
1308 1390 1383 1411 esse
1395 1379 1520 1415 Deum.
1541 1391 1605 1423 pro

918 1430 1067 1462 Deorum
1080 1439 1092 1470 ;
1113 1441 1186 1462 non
1203 1428 1294 1464 mate
1310 1436 1405 1464 certe
1421 1443 1428 1470 ;
1447 1437 1483 1465 et
1494 1430 1605 1475 poetis

919 1479 992 1514 haec
1008 1481 1121 1514 forma
1138 1488 1190 1515 est
1210 1481 1367 1515 usitatior
1386 1494 1394 1516 2
1416 1482 1600 1527 Virgilius,

919 1532 1015 1566 AEne
1020 1531 1065 1566 id.
1076 1533 1092 1566 1
1097 1531 1130 1565 V
1139 1545 1148 1567 ι
1163 1533 1268 1567 Credo
1276 1536 1437 1577 equidem,
1446 1547 1508 1568 nec
1515 1548 1605 1569 vana

904 1587 999 1630 fides
1009 1611 1018 1626 ,
1041 1598 1146 1629 genus
1157 1598 1232 1620 esse
1246 1587 1393 1620 Deorum
1406 1598 1419 1628 ,⁰
1437 1594 1606 1632 praeterea

917 1651 1044 1683 parum
1071 1639 1243 1673 concinne
1271 1639 1479 1674 vocabulum
1506 1642 1605 1674 Jom‘s

916 1692 1088 1737 repetitur
1112 1691 1151 1726 in
1177 1691 1305 1726 eodem
1327 1705 1440 1727 versu.
1466 1695 1533 1728 Ed.
1559 1711 1604 1720 --

917 1746 1070 1779 Fluvium
1087 1758 1203 1779 aarum
1222 1750 1286 1790 prb
1304 1745 1458 1791 vulgari,
1488 1747 1604 1791 pluvia

917 1810 1032 1832 aurea.
1046 1798 1132 1833 Sine
1149 1798 1257 1832 dubio
1276 1799 1431 1842 Proetus,
1450 1799 1599 1834 Danaen

918 1852 1102 1886 vitiaturus
1115 1878 1124 1895 ,
1138 1864 1261 1886 aureos
1278 1865 1445 1886 nummos
1458 1853 1494 1886 in
1505 1853 1602 1888 sinus

919 1907 995 1951 ejus
1011 1907 1135 1941 effudit
1149 1934 1158 1950 ,
1188 1914 1228 1941 ut
1252 1907 1451 1941 Lactantius
1465 1932 1474 1950 ,
1494 1914 1529 1942 et
1546 1908 1602 1942 alii

918 1966 1148 1995 monuerunt.
1179 1959 1344 1994 Jucunde
1367 1960 1438 1994 vim
1465 1959 1541 1995 auri
1562 1975 1604 1996 ex

918 2012 983 2048 hac
999 2012 1113 2047 sabula
1135 2013 1353 2048 demonstrat
1372 2013 1496 2048 Horat.
1526 2014 1600 2056 Ill,

920 2065 990 2101 Od.
1003 2076 1077 2101 xvx.
1096 2065 1183 2101 lnde
1201 2073 1320 2100 autem
1337 2066 1505 2110 Perseus,
1525 2083 1602 2116 xpu—

919 2122 1063 2169 σέπατρσς
1080 2119 1201 2156 dictus.

961 2172 1001 2207 61
1013 2188 1023 2206 ι
1032 2199 1038 2206 .
1048 2174 1215 2213 presens,
1234 2173 1334 2217 cujus
1344 2173 1394 2207 vis
1406 2179 1441 2208 et
1452 2179 1602 2218 potestas

917 2224 1034 2259 statim
1059 2226 1232 2269 sentitur,
1255 2232 1294 2260 ut
1313 2238 1463 2269 praesens
1483 2227 1598 2266 Deus,

910 2292 1061 2322 presens
1069 2278 1381 2314 venenum.E0dem
1391 2291 1492 2314 sensu
1505 2291 1601 2312 nunc

911 2335 1155 2376 praesenlt'a.—-
1174 2333 1327 2376 Nepotem
1338 2359 1346 2372 ‚
1363 2331 1517 2373 divinam
1534 2343 1600 2364 ne·

917 2385 1007 2430 potis
1022 2385 1207 2431 originem.
1221 2403 1265 2410 -
1281 2387 1434 2421 Poem'let.
1455 2383 1597 2418 Etenim

917 2437 1073 2472 Bacchus
1089 2444 1218 2472 matres
1232 2437 1376 2481 Argivas
1394 2436 1427 2469 in
1440 2436 1598 2470 furorem

917 2490 1088 2534 conjecit,
1108 2496 1146 2524 ut
1162 2502 1240 2524 suos
1262 2489 1387 2522 liberos
1406 2488 1439 2521 in
1457 2488 1598 2522 monti-

917 2543 981 2577 bus
1001 2542 1220 2576 devorarent.
1244 2540 1403 2586 Apollod.
1426 2541 1498 2583 111,
1513 2552 1550 2584 v,
1566 2555 1596 2576 2.

917 2595 1147 2637 —Imposilus
1164 2595 1254 2627 coelo.
1268 2592 1423 2627 Bacchus
1433 2619 1442 2637 ,
1456 2592 1512 2626 ubi
1526 2605 1597 2626 ma-

918 2653 1008 2680 trem
1028 2658 1067 2679 ex
1085 2645 1205 2679 inferis
1221 2644 1406 2679 reduxerat
1423 2672 1431 2687 ‚
1460 2658 1541 2679 rum
1557 2657 1597 2678 ea

917 2697 1072 2732 sublimis
1090 2698 1172 2732 abiit
1189 2698 1224 2731 in
1242 2697 1375 2733 caelum.
1394 2698 1498 2732 Diod.
1519 2698 1595 2741 III,

918 2751 982 2794 623
1000 2751 1065 2794 IV,
1082 2750 1420 2796 252Apoltod.111,
1440 2761 1477 2795 v,
1496 2751 1527 2785 3.
