1832 3100
374 210 1074 258 METAMORPHOSEON
1113 213 1242 260 LIB.
1283 215 1322 257 Ι.

1509 217 1568 276 95

139 330 164 352 ι)
193 308 310 358 Ossa
331 325 436 357 reor
455 306 543 355 dici
562 326 573 355 ε
593 305 738 372 jacere
760 304 845 354 hos
870 316 976 372 post
1000 317 1121 369 terga
1140 306 1367 371 jubemur.
1391 331 1415 353 »

137 383 354 451 Coniugis
376 383 564 447 augurio
590 402 845 450 quanquam
868 382 1046 431 Titania
1068 394 1191 432 mota
1214 395 1282 432 est
1298 422 1309 441 ‚

1503 402 1569 447 395

135 463 247 529 Spes
271 473 417 510 tamen
439 461 486 509 in
512 461 653 528 dubio
679 473 772 519 est;
799 460 908 510 adeo
927 459 1176 510 caelestibus
1201 460 1333 510 ambo

136 537 362 588 Diffidunt
382 538 591 587 monitis'
618 538 708 587 Sed
730 538 839 606 quid
865 550 1033 588 tentare
1056 538 1275 588 nocebit.
1258 556 1268 574 r

135 616 406 676 Discedunt,
428 615 666 684 velantque
689 628 850 684 caput,
876 617 1138 684 tunicasque
1166 617 1429 682 recingunt;

133 694 227 744 Et
211 714 361 760 jussos
385 693 555 762 lapides
577 714 657 744 sua
674 706 783 762 post
803 695 991 759 vestigia
1007 695 1206 744 mittunt.

135 773 273 832 Saxa,
300 773 434 840 (quis
454 773 546 822 hoc
571 771 740 831 credat,
766 773 854 822 nisi
878 773 938 822 sit
957 792 1042 840 pro
1069 784 1179 822 teste
1202 776 1457 841 vetustas?)
1503 791 1569 835 400

133 850 307 900 Ponere
333 849 543 899 duritiem
568 869 738 919 coepere
763 869 984 918 suumque
1007 851 1198 914 rigorem
1214 889 1227 909 ‚

133 928 398 996 Mollirique
425 947 576 989 mora,
613 928 876 997 mollitaque
902 929 1061 978 ducere
1078 922 1278 979 forma‘m.

134 1007 273 1066 Mox,
299 1006 382 1057 ubi
404 1018 663 1065 creverunt,
689 1018 934 1074 naturaque
957 1007 1113 1056 mitior
1134 1007 1223 1057 illis

134 1084 361 1149 Contigit,
384 1096 438 1134 ut
461 1084 661 1152 quaedam
676 1122 688 1143 ‚
716 1085 779 1133 sic
800 1104 895 1133 non
921 1085 1174 1144 manifesta,
1198 1085 1337 1135 videri

133 1163 297 1213 Forma
317 1174 470 1230 potest
490 1162 713 1219 hominis;
740 1162 819 1211 sed
837 1163 904 1210 uti
927 1163 981 1210 de
1004 1182 1223 1212 marmore
1248 1177 1396 1232 coepto

1506 1182 1573 1226 416

135 1241 239 1289 Non
264 1253 415 1290 exacta
438 1240 545 1290 satis
559 1278 571 1299 ,
594 1240 875 1308 rudibusque
901 1240 1123 1290 simillima
1147 1242 1299 1306 signis.

138 1317 254 1382 Quae
276 1329 423 1367 tamen
446 1337 500 1367 ex
524 1316 614 1366 illis
638 1317 791 1385 aliquo
814 1337 918 1385 pars
941 1318 1123 1368 humida
1142 1338 1274 1368 succo
1288 1358 1300 1378 ‚

137 1395 200 1443 Et
218 1405 391 1445 terrena
412 1395 522 1455 fuit,
545 1415 669 1444 versa
693 1408 761 1445 est
784 1396 831 1444 in
854 1396 1058 1463 corporis
1080 1416 1211 1446 usum
1235 1418 1244 1446 :

137 1471 278 1537 Quod
296 1471 491 1524 solidum
516 1484 610 1531 est,
635 1473 842 1540 flectique
866 1474 1024 1541 nequit
1039 1512 1051 1534 ‚
1074 1487 1275 1525 mutatur
1297 1476 1345 1525 in
1369 1496 1468 1528 ossa
1488 1499 1498 1526 ;

134 1604 184 1640 Iet
200 1604 358 1651 analogia
373 1604 412 1640 in
435 1605 535 1640 venis
549 1611 653 1641 terrae
670 1605 713 1641 de
731 1618 821 1653 aqua

137 1663 175 1693 et
189 1657 349 1692 metallis.
366 1658 434 1692 Ed.

178 1710 255 1758 395.
268 1711 458 1754 Augurium
466 1737 475 1751 ,
487 1709 734 1756 interpretatio
743 1724 821 1746 ora-

135 1762 215 1798 culi.
225 1762 284 1798 Sic
292 1769 328 1798 et
339 1762 431 1809 apud
442 1761 518 1798 Cic.
531 1763 572 1798 ad
585 1763 665 1798 Div.
677 1765 731 1800 vl
744 1791 753 1808 ,
769 1775 820 1799 VI.

134 1814 483 1856 —Mon1‘112r,oraculis
495 1828 503 1850 ε
513 1827 595 1850 nam
607 1829 737 1851 monere
744 1830 822 1862 pro-

137 1868 211 1914 prie
227 1867 271 1904 de
286 1867 569 1904 divinationibus.
587 1868 679 1905 Vide
694 1870 821 1906 Heins-

138 1919 180 1955 ad
199 1921 315 1965 XIII,
334 1922 409 1957 216.
431 1940 476 1950 ο-
493 1923 643 1958 Titania.
661 1923 820 1971 Pyrrha,

138 1972 249 2019 Iapeti
266 1973 403 2010 Titanis
419 1974 544 2021 neptis.
561 1976 629 2009 Ed.

182 2027 258 2075 397.
285 2029 438 2063 Nocebil.
456 2027 570 2063 codd.
595 2028 682 2074 Reg.
707 2031 796 2064 8000
810 2055 820 2073 ,

139 2080 292 2113 nocebat.

184 2129 260 2178 398.
270 2131 469 2166 Discedunt.
482 2131 607 2167 Heius.
617 2146 658 2167 ex
666 2132 823 2168 Florent.

140 2182 256 2228 primo
273 2183 382 2218 Palat.
400 2191 435 2218 et
454 2184 527 2219 aliis
550 2192 724 2230 quatuor,
748 2187 824 2220 De-

140 2236 314 2270 scendunt.
335 2235 412 2282 Ego
429 2249 513 2271 vero
524 2238 681 2272 revocavi
698 2239 824 2273 Dt'sce-

140 2287 244 2328 duab·
264 2287 398 2322 etenim
410 2287 454 2322 de
469 2287 642 2324 industria
655 2296 756 2335 poeta
768 2289 825 2325 hic

139 2339 268 2385 repetit
291 2340 364 2387 ipsa
394 2341 579 2378 Themidis
603 2344 709 2379 verba
734 2357 822 2379 vers.

141 2391 204 2427 381
221 2405 295 2439 sqq.

187 2445 264 2488 400.
289 2446 458 2488 Vetusius,
477 2448 588 2494 gravis
604 2449 700 2484 testis
712 2449 824 2484 Vete-

140 2495 360 2532 ribustast.
378 2498 453 2543 lv,
475 2501 550 2535 203.
564 2501 715 2546 Quintil.
737 2501 822 2537 Inst.

142 2547 214 2583 XII
228 2575 238 2592 ‚
267 2560 325 2594 lv,
344 2564 363 2585 2
382 2577 392 2594 ,
419 2560 541 2587 monet
555 2561 738 2599 poetarum
756 2555 825 2601 fig-

141 2608 263 2636 menta
275 2607 453 2637 vetustatis
455 2606 533 2649 fide
544 2609 619 2640 tuta
632 2619 715 2641 esse.
733 2607 822 2643 Inde

141 2652 274 2699 pendet
283 2655 398 2689 omnis
407 2656 631 2703 mythologia.
647 2658 758 2694 Locus
770 2673 824 2694 se-

141 2717 253 2750 quens
279 2706 494 2752 loquacitatis
517 2708 601 2743 vitio
623 2723 742 2745 rursus
765 2711 823 2745 la-

140 2757 241 2794 borat
256 2771 264 2794 2
279 2772 356 2795 saxa
370 2767 509 2805 ponunt
525 2760 692 2798 duritiem
706 2789 716 2806 ,
734 2763 821 2797 mol-

887 1607 1046 1653 liuntur,
1076 1608 1210 1643 mollita
1239 1609 1374 1646 ducunt
1397 1611 1572 1657 sormam,

886 1668 1049 1696 crescunt
1062 1689 1071 1706 ‚
1089 1662 1183 1698 fiunt
1199 1662 1339 1697 mitiora
1353 1690 1363 1707 ‚
1386 1663 1505 1699 denuo
1522 1679 1575 1701 ac.-

886 1715 1021 1761 cipiunt
1037 1710 1188 1752 sormam
1202 1732 1209 1758 ;
1228 1716 1287 1752 sed
1303 1718 1487 1754 obscuram
1499 1726 1574 1754 tan—

887 1773 964 1802 tum
979 1795 988 1812 ,
1016 1781 1083 1804 nec
1101 1769 1216 1804 adhuc
1232 1770 1454 1805 manifestam
1468 1798 1477 1815 ‚
1506 1785 1574 1807 nec

888 1827 1040 1855 exactam
1053 1848 1062 1864 ‚
1081 1829 1145 1856 etc.
1168 1822 1321 1857 Remota
1343 1823 1399 1856 illa
1415 1823 1573 1869 loquaci-

887 1877 972 1914 tate,
985 1873 1200 1918 comparatio
1208 1886 1290 1907 curn
1300 1887 1462 1909 marmore
1471 1882 1574 1921 'coeplo

888 1926 1073 1971 probabilis
1082 1929 1307 1971 est—Mora,
1321 1928 1551 1966 diuturnitate
1564 1941 1574 1964 ε

888 1978 1187 2014 vid.Freinshem.
1203 1980 1280 2015 Ind.
1294 1980 1430 2016 Flor-h.
1441 1995 1473 2017 v.
1486 1983 1573 2018 Mox

888 2043 976 2064 vers.
1000 2032 1060 2074 4²¹
1083 2058 1092 2075 ,
1125 2032 1173 2066 sic
1200 2040 1252 2067 est
1274 2035 1434 2068 morando
1454 2036 1574 2071 ducere

879 2082 1030 2126 sormam
1048 2090 1086 2118 ut
1103 2086 1220 2119 ducere
1234 2088 1375 2120 colorem
1392 2094 1427 2121 et
1443 2087 1516 2122 alia.

934 2136 978 2178 4ο
984 2149 996 2168 1
1004 2163 1010 2169 .
1019 2137 1195 2170 Duum-m.
1204 2135 1293 2172 Obr.
1303 2136 1332 2172 C
1338 2138 1394 2174 od.
1402 2141 1572 2175 durmkzm.

932 2189 1009 2231 405.
1031 2189 1149 2232 Coeplo.
1168 2187 1259 2224 Cod.
1277 2190 1421 2227 Obrect.
1442 2194 1571 2238 Coepla.

889 2238 978 2274 Item
998 2239 1089 2275 Cod.
1108 2242 1195 2288 Reg.
1212 2243 1312 2278 8000.

931 2292 1008 2336 406.
1036 2294 1115 2328 Non
1132 2299 1256 2329 exacta
1279 2299 1376 2330 satis.
1402 2297 1546 2334 Exculta
1560 2326 1569 2343 ,

887 2347 1051 2392 perfecta.
1069 2349 1136 2382 Ed.
1159 2368 1204 2374 —
1224 2351 1341 2384 Radia
1362 2355 1462 2395 signa
1482 2366 1571 2398 pos-—

887 2406 971 2434 sunt
997 2413 1069 2435 esse
1091 2401 1253 2436 nondum
1283 2402 1458 2438 elaborata
1480 2405 1571 2440 satis.

888 2451 959 2487 Sed
976 2478 985 2495 ,
1003 2465 1049 2486 ne
1066 2452 1159 2487 idem
1182 2460 1236 2488 ter
1254 2453 1344 2489 dicat
1357 2481 1365 2497 ,
1383 2468 1455 2490 non
1479 2457 1570 2491 male

888 2504 984 2539 rudis
1002 2506 1217 2550 antiquitatis
1232 2507 1328 2552 signa
1345 2508 1526 2556 intelliges.

900 2593 903 2596 ,
933 2559 1009 2600 408.
1030 2559 1195 2601 Corporis.
1211 2559 1338 2602 Corpus
1353 2573 1450 2596 nunc
1466 2574 1547 2597 caro
1559 2590 1569 2607 ,

889 2616 928 2643 ut
947 2608 1000 2643 lV
1011 2635 1020 2652 ‚
1039 2609 1102 2653 443
1115 2637 1122 2649 ,
1144 2617 1177 2644 et
1188 2613 1224 2644 in
1239 2616 1385 2656 corporei·
1397 2626 1493 2649 usum
1504 2643 1511 2655 ,
1533 2615 1570 2649 in

888 2673 1014 2707 corpus
1025 2673 1032 2695 :
1043 2662 1090 2696 sic
1108 2661 1199 2697 VIII
1212 2690 1221 2707 ‚
1247 2665 1310 2708 246
1323 2693 1331 2705 ‚
1355 2679 1451 2700 serroe
1467 2680 1548 2701 usus
1559 2680 1574 2711 ‚⁶

890 2712 988 2758 Virg.
1006 2712 1135 2760 Georg.
1162 2715 1197 2750 II
1212 2742 1221 2759 ,
1245 2717 1310 2760 466
1326 2744 1336 2761 ,
1359 2731 1441 2753 usus
1465 2722 1571 2762 olivi,-

890 2765 1016 2800 Horat.
1035 2766 1113 2810 111,
1134 2766 1228 2804 Od.1
1242 2795 1251 2812 ‚
1273 2771 1314 2813 42
1328 2796 1336 2813 ‚
1350 2783 1572 2815 purpurarum
