1832 3100
287 255 375 309 324

659 257 712 299 P.
754 255 990 302 OVIDII
1031 257 1332 303 NASONIS

350 348 435 394 Est
457 346 526 395 via
550 346 748 406 declivis,
770 348 945 397 funesta
969 348 1122 399 nubila
1142 361 1271 408 taxo3

286 428 424 476 Ducit
444 428 497 476 ad
521 428 710 477 infernas
734 448 813 495 per
832 441 954 478 muta
975 429 1148 479 silentia
1167 430 1305 480 sedes.

288 510 396 575 Styx
417 508 599 558 nebulas
621 510 793 559 exhalat
814 510 957 567 iners;
981 510 1234 576 umbraeque
1257 523 1452 560 recentes

286 591 573 640 Descendunt
594 591 716 650 illac,
741 591 1057 658 simulacraque
1079 591 1228 641 functa
1250 592 1476 659 sepulcris.

1631 608 1696 653 435

287 672 455 730 Pallor,
481 673 720 739 Hiemsque
746 685 897 722 tenent
918 671 1002 721 late
1025 672 1122 721 loca
1141 685 1292 731 senta;
1316 668 1508 741 novique
1525 710 1539 732 ,

289 755 391 819 Qua
412 754 471 802 sit
491 755 597 813 iter,
621 773 792 813 manes,
818 754 1012 820 Stygiam
1036 754 1158 820 quod
1179 754 1302 821 ducit
1323 755 1379 802 ad
1401 755 1557 803 urbem
1573 792 1587 814 ‚

288 890 348 926 168
364 903 372 925 ε
389 893 456 926 Per
473 892 530 925 tua
549 903 671 936 perque
697 893 756 926 sui
761 890 865 935 sacta
884 903 958 934 pa—

282 946 384 977 rentis
390 947 477 983 eant,
488 942 698 976 aemulentur
707 942 841 976 sacta-V
851 942 956 977 Trist.

285 1006 332 1028 111
341 1021 350 1038 ,
368 1008 407 1041 ²7
422 995 501 1029 :Me
514 1007 639 1038 quoque
649 1021 657 1034 ,
675 994 779 1033 sifus
790 998 845 1027 es!
851 1006 961 1028 exem—

278 1050 350 1092 plis
367 1051 415 1082 ire
430 1049 575 1081 Deorum
603 1046 724 1090 (idem
741 1044 862 1091 pati),
879 1047 961 1080 Fer-

285 1114 342 1134 rea
357 1112 431 1134 sors
447 1103 578 1144 premit.
604 1099 821 1144 Quanquam
842 1111 960 1133 exem-

279 1154 374 1195 plum
392 1150 572 1185 interdum
591 1157 626 1185 et
642 1163 706 1196 pro
720 1149 886 1195 supplicio
901 1161 960 1194 po-

286 1203 392 1237 nitur.
404 1202 543 1238 Phaedr.
561 1202 635 1246 111,
647 1213 686 1236 Vl
699 1227 708 1246 ,
727 1214 770 1236 20
781 1203 961 1245 :Jusloque

283 1256 471 1289 vindicavit
484 1256 632 1297 exemplo
645 1257 818 1298 1'rr1pelum,·
831 1264 960 1297 nempe

287 1307 367 1351 quia
393 1318 495 1352 poena
520 1312 663 1351 propter
687 1304 884 1350 exemplum
911 1311 962 1339 est

288 1358 489 1393 necessaria.
514 1357 604 1392 Gell.
621 1358 665 1392 N.
685 1356 728 1391 A.
748 1356 801 1392 Vl
815 1383 824 1401 ,
854 1358 903 1400 14.

332 1410 407 1451 432.
437 1410 505 1442 Est
522 1411 579 1442 via
593 1410 731 1443 declim
749 1414 812 1442 etc.
833 1407 932 1441 Juno
950 1432 959 1450 ,

287 1467 328 1494 ut
344 1461 380 1495 ΙΙ
393 1486 402 1502 ,
422 1462 487 1507 509
498 1486 507 1503 ,
525 1459 637 1493 auxilii
650 1458 791 1505 petendi
808 1471 908 1493 causa
924 1459 961 1493 in

289 1524 449 1557 aequora,
477 1511 524 1545 sic
545 1523 640 1545 nunc
661 1510 704 1544 ad
730 1511 859 1544 inferos
891 1509 961 1543 de—

288 1564 432 1600 seendit.
444 1563 596 1598 sedebat
608 1563 703 1596 enim
719 1562 751 1596 ei
767 1569 852 1596 tunc
866 1574 962 1606 quo-

291 1629 358 1661 que
375 1614 547 1650 sententia
573 1627 581 1648 z
601 1613 754 1658 Superos
771 1613 799 1647 si
822 1612 963 1647 flectere

289 1679 427 1712 nequeo
441 1693 451 1710 ,
470 1666 672 1700 Acheronta
692 1664 848 1700 movebo.
881 1665 963 1698 Vo-

287 1720 388 1754 luisse
418 1725 536 1753 autem
566 1717 736 1752 Ovidium
767 1717 961 1751 inferorum

288 1783 426 1816 quoque
444 1769 712 1814 descriptionem
727 1768 823 1813 operi
831 1781 894 1802 suo
905 1768 963 1802 in-

288 1835 403 1858 serere
420 1848 430 1866 ,
455 1834 529 1855 non
555 1820 686 1855 mirum
710 1819 820 1854 videri
849 1819 963 1854 debet.

290 1874 363 1909 Sed
384 1886 449 1919 pro
474 1873 616 1908 consilio
641 1872 757 1917 paucis
782 1871 963 1906 defunc-tus

290 1933 341 1961 cst
352 1952 361 1969 ,
377 1938 492 1970 neque
504 1924 591 1959 adeo
603 1924 682 1959 satis
693 1923 846 1958 distinxit
857 1922 964 1957 Erebi

292 1985 405 2024 partes
417 2004 426 2018 ,
458 1976 552 2022 quod
570 1976 651 2011 fecit
669 1975 767 2020 Virg.
784 1974 867 2008 AEn.
884 1975 936 2007 VI
953 1988 963 2016 ;

294 2029 349 2066 Cf.
366 2029 462 2063 idem
472 2028 599 2073 Georg.
615 2027 757 2074 1V,469
769 2039 841 2071 sqq.
855 2040 864 2068 ;
885 2024 964 2059 Cul.

292 2081 377 2122 2183
396 2081 512 2114 Tibul.
524 2080 540 2114 Ι
551 2106 560 2123 ,
573 2089 631 2122 111,
647 2079 707 2120 653
726 2078 842 2121 Silius,
858 2077 963 2121 XIII,

294 2132 358 2166 526
369 2146 377 2172 3
390 2131 512 2165 Senec.
524 2131 630 2164 Herc.
639 2130 722 2163 Fur.
730 2129 853 2176 689.-
868 2130 964 2163 Viam

292 2184 387 2218 illam
402 2183 579 2217 arboribus
587 2183 755 2216 consitam
766 2182 876 2225 finxit,
891 2194 966 2226 par-

294 2237 358 2271 tim
369 2235 520 2280 caliginis
535 2233 725 2269 efficiendae
737 2246 837 2268 causa
850 2259 859 2274 ‚
878 2246 965 2278 par—

293 2289 358 2323 tim
372 2280 514 2333 propter
525 2286 592 2319 luci
606 2285 737 2319 Averni
750 2285 871 2318 faciem
882 2311 889 2324 ‚
903 2298 966 2329 per

295 2351 402 2384 quem
418 2345 453 2372 et
466 2338 579 2383 ipsum
591 2336 702 2370 aditus
711 2334 752 2369 ad
766 2337 904 2370 inferos.
923 2336 965 2370 In

294 2390 389 2425 hunc
410 2402 513 2424 usum
536 2390 572 2422 in
594 2388 714 2433 primis
736 2394 814 2432 apta
837 2391 939 2420 laxus
955 2413 963 2426 ‚

295 2444 398 2477 arbor
414 2442 452 2476 in
471 2440 618 2476 Arcadia
631 2467 640 2484 ‚
674 2439 784 2474 Gallia
807 2446 842 2474 et
868 2438 967 2473 Ger-

296 2494 412 2528 mania
427 2493 510 2527 olim
525 2494 688 2538 frequens
700 2517 711 2534 ,
732 2492 858 2525 veneni
872 2503 967 2536 prae—

295 2546 490 2580 sentissimi.
509 2543 702 2579 Dioscorid.
720 2543 785 2586 IV,
808 2545 846 2588 75
863 2557 872 2583 3
897 2541 967 2576 Jul.

301 2596 388 2632 Caes.
404 2597 444 2631 B.
459 2596 502 2631 G.
523 2596 571 2631 Vl
586 2622 594 2638 ‚
614 2597 665 2630 31.
690 2596 783 2629 Hinc
797 2595 939 2639 funesla
953 2621 961 2633 ,

299 2660 375 2693 quae
391 2649 514 2689 funera
523 2647 621 2690 facit,
639 2647 782 2680 letifera.
794 2647 970 2680 Burman-

300 2712 367 2734 nus
382 2700 501 2733 mallet
515 2712 585 2743 quoe
609 2703 737 2732 maesla.
767 2698 883 2740 Hujus
905 2710 969 2731 ar·-

299 2752 391 2792 boris
408 2752 531 2786 umbra
542 2751 595 2786 via
606 2751 649 2784 ad
659 2751 787 2785 inferos
803 2750 968 2786 reddeba-

1022 895 1080 924 tur
1090 890 1206 924 nubila
1215 915 1224 930 ‚
1243 888 1386 924 obscura
1397 915 1406 932 ‚
1422 888 1526 924 tristis
1535 888 1696 936 (desta),

1022 941 1225 986 metaphora
1243 954 1262 974 a
1278 940 1360 975 caelo
1375 941 1525 976 nubibus
1547 939 1696 977 obducto

1023 992 1148 1037 petita,
1169 999 1208 1040 ut
1234 992 1344 1035 XIV,
1362 993 1444 1036 514,
1461 996 1561 1027 antra
1583 996 1700 1028 nubila

1022 1046 1118 1077 silva.
1126 1045 1290 1078 —Duc1‘!.
1300 1043 1409 1077 Deest
1416 1056 1503 1088 quae,
1517 1051 1556 1078 ut
1568 1044 1584 1078 I
1594 1070 1605 1088 ‚
1625 1045 1697 1092 169.

1023 1095 1105 1131 Non
1115 1095 1220 1141 igitur
1230 1102 1304 1133 erat
1317 1122 1327 1139 ‚
1344 1108 1408 1130 cur
1420 1095 1544 1130 Burm.
1558 1109 1697 1132 versum

1023 1160 1137 1192 super.
1153 1144 1317 1181 tentaret.
1326 1164 1369 1173 ·—·
1377 1147 1476 1181 Muta
1487 1173 1496 1188 ,
1514 1147 1592 1182 alta.
1604 1147 1698 1183 Alibi

1023 1201 1190 1233 lacilurna
1205 1200 1342 1233 silentia
1357 1211 1368 1232 .·
1384 1198 1462 1233 vide
1479 1198 1522 1232 ad
1538 1198 1575 1234 II
1587 1224 1597 1242 ‚
1620 1199 1674 1234 66.

1068 1250 1141 1294 434.
1161 1251 1245 1297 Styx
1263 1263 1336 1284 non
1353 1250 1516 1295 objicitur
1537 1250 1636 1285 nobis
1659 1250 1698 1284 in

1023 1301 1097 1346 ipso
1109 1300 1205 1336 aditu
1216 1316 1225 1343 ;
1243 1309 1294 1336 est
1311 1302 1408 1336 enim
1418 1301 1562 1337 intimus
1571 1301 1699 1337 fluvio-

1024 1365 1106 1387 rum
1124 1353 1347 1387 infernalium
1362 1367 1370 1395 ;
1397 1353 1457 1388 sed
1472 1356 1597 1388 nebule
1611 1361 1699 1388 tan-—

1024 1411 1102 1440 tum
1116 1405 1191 1450 ejus
1207 1412 1541 1449 commemorantur,
1552 1405 1620 1440 late
1633 1405 1699 1440 illae

1025 1469 1211 1502 sparsae.—·
1220 1458 1315 1491 Iners
1329 1457 1465 1503 egregie
1480 1457 1591 1504 pingit
1604 1457 1699 1492 lenta

1026 1510 1140 1557 Stygis
1155 1510 1298 1545 fluenta.
1316 1511 1402 1558 Styx
1417 1511 1622 1555 enim,‚limo
1630 1511 1699 1558 ple-

1025 1573 1092 1595 nus
1114 1568 1149 1595 et
1172 1561 1329 1596 turbidus
1341 1588 1351 1606 ,
1375 1562 1473 1596 tarde
1495 1575 1600 1607 aquas
1622 1575 1701 1597 suas

1023 1613 1131 1647 volvit
1142 1639 1151 1656 ,
1168 1613 1353 1659 paludique
1364 1615 1509 1649 similior
1516 1622 1579 1658 est,
1595 1627 1700 1660 quam

1025 1663 1143 1698 fluvio.
1155 1664 1279 1699 Horat.
1292 1665 1328 1699 11
1342 1691 1352 1708 ,
1373 1664 1445 1700 od.
1461 1676 1524 1700 xxv
1535 1691 1545 1709 ‚
1566 1668 1701 1710 172flu—

1026 1719 1113 1751 mine
1122 1719 1282 1760 languido
1289 1718 1701 1763 CocytoserransNoster,

1026 1766 1094 1810 IV,
1113 1767 1216 1801 Pont.
1232 1778 1278 1811 x,
1305 1768 1345 1802 61
1362 1793 1372 1811 ,
1397 1772 1498 1812 pigra
1516 1770 1631 1813 palus.
1657 1786 1701 1794 -·-

1027 1820 1190 1854 Recenles
1205 1846 1214 1861 ,
1249 1831 1326 1865 quae
1346 1819 1454 1854 modo
1484 1828 1702 1855 excesserunt

1028 1882 1172 1915 corpore
1187 1897 1196 1914 ,
1211 1883 1293 1905 mox
1308 1875 1387 1906 novi
1398 1884 1521 1907 manes.
1530 1889 1574 1897 ——-
1590 1872 1703 1906 St‘mu-

1027 1923 1138 1963 lacra,
1158 1927 1270 1958 εἶδ’ωλοι
1285 1948 1295 1966 ,
1311 1935 1456 1968 corpora
1465 1923 1522 1957 illa
1531 1935 1618 1957 vana
1629 1949 1639 1967 ,
1657 1922 1701 1956 dc

1030 1973 1154 2019 quibus
1164 1975 1205 2010 ad
1218 1988 1357 2011 versum
1368 1976 1442 2019 443.
1451 1977 1633 2011 —Functa
1646 1988 1703 2010 se-

1025 2028 1171 2070 pulcris,
1204 2027 1335 2072 sepulta
1353 2033 1389 2061 et
1402 2026 1556 2060 humata.
1581 2027 1703 2061 Manes

1029 2080 1193 2121 sepultos,
1217 2078 1315 2123 Virg.
1332 2077 1414 2112 AEn.
1429 2077 1495 2121 IV,
1513 2078 1566 2121 34.
1583 2077 1702 2112 Inhu-

1030 2130 1131 2165 matis
1152 2143 1224 2164 non
1240 2131 1363 2165 licebat
1380 2130 1526 2165 transire
1544 2129 1702 2177 Stygem.

1075 2182 1149 2224 436.
1160 2184 1283 2222 Pallor,
1296 2183 1483 2226 Hiemzsque.
1493 2180 1702 2226 Vi1·g.etiam

1031 2232 1181 2268 Luctum
1193 2260 1203 2277 ‚
1223 2233 1334 2267 Curas
1346 2260 1355 2274 ‚
1375 2233 1520 2267 Morbos
1536 2245 1579 2266 eo
1594 2233 1703 2275 collo-

1031 2292 1094 2319 cat.
1120 2287 1257 2320 Pallida
1269 2298 1370 2328 regna
1383 2285 1577 2319 inferorum
1590 2310 1600 2327 ,
1618 2284 1702 2318 AEn.

1033 2337 1125 2371 VIII
1139 2363 1148 2380 ,
1166 2338 1240 2380 244.
1263 2355 1306 2362 —
1325 2338 1418 2370 Loca
1435 2340 1548 2376 senta,
1571 2335 1703 2370 inculta

1032 2394 1068 2421 et
1081 2400 1199 2432 aspera
1210 2413 1219 2430 ,
1238 2387 1274 2420 in
1292 2387 1415 2431 quibus
1429 2389 1510 2420 novi
1517 2411 1527 2429 ‚
1545 2385 1703 2430 adeoque

1032 2438 1182 2481 regionis
1192 2437 1279 2471 illius
1295 2437 1427 2482 ignari,
1443 2449 1557 2470 manes
1567 2436 1622 2470 vix
1637 2437 1704 2471 iter

1032 2489 1236 2533 investigare
1246 2496 1401 2533 possunt,
1414 2488 1507 2533 quod
1520 2487 1626 2531 ducit,
1638 2495 1702 2522 etc.

1033 2557 1076 2567 --·
1090 2543 1164 2583 Qua
1176 2544 1223 2573 sit
1230 2544 1300 2575 iter.
1314 2541 1479 2575 Heinsius
1489 2541 1703 2584 conjecturat

1033 2605 1098 2637 qua
1106 2595 1150 2635 fil
1157 2596 1227 2633 Iler,
1240 2600 1275 2627 et
1291 2592 1383 2627 delet
1397 2605 1535 2627 versum
1549 2595 1702 2635 sequen-

1034 2652 1105 2679 tem
1117 2671 1125 2687 ,
1137 2651 1176 2678 ut
1191 2644 1257 2679 hoc
1268 2644 1401 2678 dicatur
1410 2670 1420 2687 ‚
1435 2644 1502 2679 iter
1510 2649 1623 2677 totum
1639 2642 1701 2676 ob-

1034 2697 1137 2744 sideri
1152 2710 1169 2731 a
1179 2697 1276 2730 novis
1292 2696 1459 2730 manibus.
1477 2695 1700 2728 Burmannus

1034 2756 1154 2784 contra
1165 2755 1286 2784 monet
1297 2774 1306 2792 ,
1318 2747 1523 2782 vocabulum
1534 2749 1701 2791 nouipos-
