1832 3100
379 245 1090 291 METAMORPHOSEON
1121 250 1249 293 LIB.
1285 251 1324 293 I.

1490 251 1571 294 115

136 341 297 391 Nescia
318 352 571 404 gratentur,
596 339 946 390 consolenturne
970 354 1198 409 parentem
1216 381 1228 402 ,

136 418 368 487 Populifer
388 419 662 486 Spercheos,
689 431 735 468 et
752 420 1021 487 irrequietus
1046 420 1248 487 Enipeus
1266 458 1277 479 ‚

135 497 461 566 Apidanusque
484 496 868 565 senex‚'lenisque
892 498 1194 566 Amphrysos,
1219 510 1264 546 et
1289 499 1424 558 AEas;

1509 515 1575 549 580

135 577 339 643 Moxque
359 595 509 625 amnes
533 575 634 634 alii,
662 577 766 643 qui,
793 596 882 644 qua
900 576 1009 626 -tulit
1028 577 1223 644 impetus
1246 577 1350 626 illos
1365 615 1378 636 ‚

136 655 192 703 In
212 673 331 704 mare
359 654 586 703 deducunt
605 654 745 704 fessas
767 655 998 704 erroribus
1022 655 1179 704 undas.

136 732 331 782 Inachus
350 751 470 782 unus
491 733 640 792 abest;
662 733 846 801 imoque
867 733 1128 782 reconditus
1152 745 1282 782 antro

133 881 294 928 sequitur
308 908 318 927 ,
342 882 493 928 Moxque
512 895 630 917 amnes
647 884 721 917 alii.
743 882 823 918 Imo

135 933 354 970 conveniunt
361 933 436 978 Dii,
444 934 607 980 praesides
615 933 821 978 fluviorum,

135 985 173 1020 in
192 993 295 1021 antro
312 986 425 1021 Penei
442 985 497 1021 vel
518 986 740 1033 gratulandi,
764 985 824 1022 vel

135 1037 341 1072 consolandi
356 1050 468 1073 causa.
792 1048 794 1050 ’

181 1095 255 1140 579.
275 1093 466 1137 Spercheos.
487 1091 540 1126 Ita
558 1090 672 1126 dictus
688 1103 707 1124 a
725 1093 824 1141 errip—

137 1160 227 1190 χην,
253 1145 433 1180 festinare.
463 1145 530 1179 Ed.
557 1143 700 1178 Fluvius
724 1144 827 1188 rapi-

136 1197 321 1241 dissimus,
343 1197 402 1243 qui
427 1197 548 1232 subter
571 1196 695 1231 OEtam
719 1208 828 1230 mon—

138 1258 213 1286 tem
238 1251 276 1286 in
301 1251 420 1286 sinum
437 1250 630 1285 Maliacum
655 1262 828 1284 exonera-

139 1311 220 1347 tur,
245 1310 283 1339 et
306 1304 406 1348 cujus
430 1302 515 1348 ripae
527 1305 664 1346 populis
685 1302 827 1337 consita:

138 1356 244 1392 fuisse
258 1355 425 1391 videntur
437 1383 446 1396 ,
472 1355 562 1390 sicut
578 1355 690 1390 Penei
710 1354 826 1390 lauris.

139 1428 185 1437 —
202 1410 352 1454 Enipeus
371 1421 413 1443 ex
426 1414 550 1442 monte
567 1406 688 1455 Othry
705 1407 826 1442 Thes-

138 1460 232 1497 satie
255 1460 410 1508 profluit.
438 1458 561 1506 Vix-gil.
589 1458 719 1505 Georg.
745 1459 798 1494 IV
813 1485 823 1503 ,

139 1514 206 1550 368
221 1540 231 1558 ,
240 1523 241 1526 ’
249 1520 396 1549 vocatur
409 1515 502 1547 altus
514 1513 675 1556 Enipeus.

183 1567 259 1602 580.
284 1567 537 1612 Apidanusque.
564 1564 684 1600 Nostri
709 1563 824 1599 Codd.

137 1622 375 1666 En'danusquc
390 1619 560 1655 mendose
575 1632 583 1654 :
602 1632 688 1654 nam
703 1618 826 1654 Erida—

137 1685 206 1708 nus
230 1684 457 1718 nequaquam
479 1671 647 1719 populare
663 1670 800 1705 flumen
814 1697 823 1715 ,

137 1727 250 1763 Penei
267 1738 334 1762 nec
346 1727 411 1762 sub
427 1726 561 1761 ditione
579 1732 664 1760 erat.
688 1725 827 1770 Apida-

134 1795 200 1817 nus
217 1809 226 1824 ‚
258 1789 401 1828 accepto
437 1780 479 1816 ad
519 1779 705 1816 Pharsalos
734 1778 825 1813 Eni—

134 1845 203 1880 peo
217 1859 227 1878 ‚
247 1833 286 1868 in
302 1833 467 1868 Peneum
485 1832 649 1867 illabitur.
667 1831 825 1866 Vocatur

133 1897 238 1922 senex
246 1886 363 1933 (Infra
371 1886 408 1922 11
420 1912 430 1930 ,
444 1886 509 1930 243
521 1911 531 1929 ‚
545 1887 674 1919 Peneos
683 1882 821 1929 senex),

135 1939 232 1986 quod
267 1941 353 1976 Intt.
393 1939 568 1985 accipiunt
600 1950 665 1984 pro
696 1936 825 1971 leniter

135 1993 270 2028 fluente
286 2007 295 2035 ς
323 2005 434 2038 eaque
458 1991 643 2037 interpret.
661 1989 767 2024 etiam
785 1989 824 2023 iu

137 2059 211 2081 uno
228 2045 343 2081 Vatic.
361 2044 454 2080 cod.
479 2044 651 2090 adscripta
673 2051 736 2078 est.
765 2043 825 2078 sic

137 2097 263 2132 Senec.
291 2096 392 2132 Med.
420 2097 485 2140 314
498 2122 508 2140 ‚
543 2108 648 2130 senex
671 2096 800 2129 Bootes
812 2121 821 2135 ,

137 2149 199 2194 qui
213 2148 313 2183 tarde
332 2154 507 2182 movetur.
522 2146 594 2182 Sed
612 2146 671 2181 uhi
689 2145 826 2192 Apida-

138 2214 207 2237 nus
220 2201 457 2247 irrequietum
471 2199 652 2246 Enipeum
668 2199 800 2246 accepit
812 2225 822 2244 ‚

135 2253 218 2289 satis
228 2253 351 2299 rapide
362 2252 494 2288 currit:
511 2251 642 2287 Lucan.
659 2251 712 2286 VI
722 2278 732 2295 ,
748 2252 823 2297 372.

138 2305 265 2340 Malim
283 2317 369 2351 ergo
385 2317 498 2339 senem
513 2317 611 2339 nunc
623 2310 823 2348 vetustum,

137 2357 325 2404 antiquum
332 2357 572 2403 interpretari,
584 2357 605 2390 i.
618 2370 648 2391 e.
659 2355 824 2401 antiquis-

135 2410 233 2445 simis
243 2409 461 2456 temporibus
471 2415 598 2443 notum
609 2435 618 2452 ,
629 2415 666 2443 et
675 2408 822 2443 nomine

136 2462 356 2509 insignitum.
389 2461 537 2509 Dionys.
566 2459 697 2507 Geogr.
729 2464 790 2506 417
812 2487 822 2505 ‚

139 2519 266 2562 ὦγύγισς
278 2517 393 2552 Λάδων
407 2542 416 2560 ,
438 2516 498 2550 ubi
519 2515 678 2551 Eustath.
696 2517 823 2560 ὠγύγιον

139 2572 174 2603 δι’
189 2571 267 2613 λέγει
279 2594 290 2612 ,
318 2564 371 2602 δίἂ
387 2573 442 2616 τὴν
457 2574 524 2617 περὶ
545 2570 636 2604 αὐτοῦ
656 2568 824 2616 ἀρχαιολο-

137 2627 218 2667 γίαν.
232 2620 372 2656 Callim.
386 2621 420 2657 h.
438 2621 518 2657 Jov.
537 2623 580 2665 4ο
597 2635 606 2657 ;
622 2624 824 2657 παλαιότατον

139 2681 221 2727 ὕδωρ
235 2704 244 2722 ,
265 2684 302 2713 et
324 2677 359 2713 h.
385 2677 464 2713 Del.
490 2691 526 2722 71
542 2704 551 2721 ‚
575 2680 668 2728 γέρων
693 2680 824 2716 Φεναιᾶς.

138 2729 287 2765 Accedit
298 2755 308 2775 ‚
329 2730 424 2776 quod
442 2731 592 2765 Veteres
606 2729 731 2764 fluvios
748 2742 836 2764 nonv

138 2782 256 2818 minus
271 2795 379 2829 quam
395 2782 584 2818 Oceanum
594 2783 658 2818 sub
670 2785 763 2817 senis
774 2783 822 2816 es-

890 881 971 928 figie
979 881 1290 927 repraesentabant.
1306 882 1404 917 Hinc
1410 894 1492 918 mox
1499 883 1579 927 645,

889 937 1004 967 senior
1024 935 1184 968 Inachus.
1210 952 1254 959 —-
1267 935 1478 981 Amphrysos
1500 949 1580 970 eam

890 985 1079 1021 Thessaliae
1096 993 1234 1032 partem
1254 986 1473 1032 perfluebat,
1502 1002 1580 1034 quae

892 1037 1068 1073 Phthiotis
1091 1038 1284 1074 dicebatur.
1312 1059 1357 1066 —
1377 1042 1467 1075 AEas
1484 1068 1493 1082 ‚
1522 1042 1582 1086 qui

891 1091 1009 1125 Plinio
1022 1092 1070 1126 H.
1086 1093 1130 1127 N.
1144 1092 1217 1134 III,
1238 1093 1279 1126 '23
1290 1119 1299 1136 ,
1321 1094 1419 1128 Aous
1430 1093 1560 1128 (licitur
1570 1121 1579 1138 ‚

892 1142 1021 1178 fluvius
1054 1157 1181 1189 parvus
1209 1151 1245 1179 et
1278 1146 1485 1190 purissimus
1502 1174 1511 1186 ‚
1549 1154 1586 1181 et

893 1195 1004 1241 Epiro
1016 1195 1198 1241 profluens
1212 1223 1221 1241 ,
1237 1204 1273 1231 et
1286 1211 1350 1243 per
1365 1198 1582 1234 Thessaliam

893 1247 929 1281 in
950 1248 1095 1282 lonium
1113 1261 1211 1283 mare
1229 1262 1266 1283 se
1284 1249 1493 1285 immittens.

938 1302 1012 1335 581.
1029 1302 1194 1345 Impetus,
1219 1300 1291 1344 vis,
1313 1302 1583 1347 rapiditas,tri-

892 1351 1013 1387 buitur
1020 1352 1240 1396 fluminibus,
1249 1354 1348 1394 mari,
1355 1355 1582 1398 ventis‚caelo:

893 1404 974 1439 vide
984 1405 1109 1439 Burm.
1121 1405 1163 1440 ad
1179 1405 1318 1440 Phaedr.
1330 1406 1387 1441 111
1398 1433 1407 1447 ‚
1427 1408 1514 1452 prol.
1530 1412 1583 1456 59.

939 1459 1014 1492 582.
1030 1460 1072 1493 In
1085 1472 1177 1492 mare
1191 1461 1369 1495 deducunt.
1385 1459 1461 1505 Qui
1473 1461 1586 1497 diver-

892 1511 937 1545 sis
960 1511 1042 1547 locis
1061 1512 1098 1546 in
1116 1525 1214 1546 mare
1231 1512 1401 1547 influunt.
1427 1513 1500 1549 Sed
1517 1528 1585 1550 or·—

892 1571 974 1599 nate
986 1564 1053 1600 hoc
1064 1566 1407 1608 extulit—Etruros,
1421 1568 1584 1614 ambages

890 1616 1084 1652 fluviorum
1093 1625 1272 1662 tortuosae,
1284 1626 1344 1654 aut
1352 1620 1501 1655 omnino
1509 1634 1584 1656 cur-

891 1682 959 1705 sus.
969 1688 1014 1696 -—-
1023 1672 1148 1704 Fessus
1157 1674 1269 1704 undas
1279 1698 1287 1712 ‚
1312 1679 1350 1706 ut
1351 1672 1464 1716 fessa·
1478 1672 1583 1719 longa

891 1724 947 1758 via
957 1732 1017 1759 aut
1027 1732 1235 1771 tempestate
1250 1738 1354 1759 naves
1367 1739 1376 1760 :
1389 1726 1486 1772 Virg.
1499 1727 1585 1762 AEn.

893 1775 911 1810 I
922 1804 930 1818 ‚
966 1777 1038 1811 168.
1067 1778 1186 1812 Auras
1210 1781 1324 1822 spallo
1352 1780 1467 1812 lassas
1498 1778 1584 1813 dixit

892 1830 986 1865 Ptin.
1005 1830 1061 1874 V,
1082 1830 1149 1876 Ep.
1169 1841 1207 1864 vl
1220 1857 1229 1873 ‚
1253 1832 1302 1875 14.

937 1883 1011 1917 583.
1020 1884 1171 1917 Inachus
1178 1909 1186 1922 ‚
1205 1882 1422 1928 Argivorum
1432 1882 1561 1919 fluvius
1571 1911 1581 1930 ,

890 1933 997 1969 hodie
1014 1937 1120 1975 Naio,
1151 1934 1344 1970 decurrens
1367 1936 1423 1971 vel
1440 1946 1482 1971 ex‘
1498 1937 1581 1971 'Ar-

891 1988 1031 2022 temisio
1045 2013 1055 2031 ,
1084 1987 1244 2023 Arcadiae
1259 1995 1382 2024 monte
1397 2015 1408 2033 ‚
1427 1990 1579 2024 Pausan.

892 2041 1019 2076 Arcad.
1034 2054 1067 2087 p.
1082 2041 1121 2075 61
1132 2055 1144 2076 ι
1160 2067 1169 2085 ,
1184 2041 1239 2076 vel
1251 2054 1270 2076 e
1280 2039 1439 2089 Lyrceo,
1452 2042 1579 2079 itidem

890 2100 1014 2128 monte
1033 2093 1192 2129 Arcadiae
1205 2108 1213 2136 ;
1227 2094 1356 2129 Strabo
1373 2094 1485 2139 VIII,
1502 2110 1581 2143 pag.

891 2147 967 2191 370.
987 2146 1030 2181 Is.
1048 2145 1193 2181 Vossius
1209 2145 1253 2180 ad
1265 2146 1352 2182 Mol.
1369 2146 1402 2180 d.
1420 2146 1442 2181 l.
1458 2155 1577 2193 putat,

887 2198 1062 2234 confundi
1080 2198 1294 2245 Argivorum
1310 2200 1484 2235 Inachum
1496 2213 1578 2235 curn

890 2251 1024 2287 Inacho
1048 2251 1171 2298 Epiri-3
1198 2252 1259 2298 qui
1279 2265 1322 2287 ex
1346 2252 1468 2288 Laemo
1493 2266 1580 2298 pro-
1634 2274 1636 2276 ·

889 2304 1006 2339 fluens
1021 2305 1059 2339 in
1075 2305 1220 2339 Ionium
1234 2318 1331 2340 mare
1346 2318 1381 2340 se
1399 2313 1578 2340 exonerat.

890 2358 992 2393 Falso
1006 2373 1015 2401 ;
1033 2370 1119 2392 nam
1137 2365 1241 2404 poeta
1257 2371 1342 2393 eum
1354 2358 1450 2393 inter
1461 2371 1580 2392 amnes

887 2414 977 2445 alios
988 2438 997 2453 ‚
1024 2424 1042 2445 a
1058 2411 1285 2457 popularibus
1306 2411 1462 2445 diversos
1474 2437 1483 2454 ‚
1510 2423 1578 2445 re·-

887 2465 966 2499 sert.
991 2463 1078 2509 Ejus
1095 2463 1203 2497 filiam
1221 2464 1261 2497 10
1278 2463 1452 2497 faciebant
1468 2463 1577 2497 etiam

889 2516 1019 2552 Castor
1034 2517 1068 2550 in
1089 2515 1294 2558 Chronicis,
1321 2515 1477 2562 AEschyl.
1491 2528 1576 2550 cum

888 2571 960 2605 aliis
992 2570 1149 2614 Tragicis
1183 2576 1287 2614 atque
1318 2568 1450 2615 Hygia.
1501 2569 1574 2604 Sed

889 2623 1094 2669 Apollodor.
1110 2622 1234 2668 aliique
1246 2622 1338 2664 Iaso,
1352 2622 1409 2657 alii
1417 2622 1573 2668 denique

889 2677 1019 2711 Pirene
1030 2682 1149 2710 natam
1161 2675 1368 2721 perhibent:
1384 2675 1452 2710 vid.
1465 2676 1573 2710 Mun-

887 2730 959 2765 ker.
977 2728 1021 2762 ad
1039 2728 1172 2776 Hygia.
1189 2727 1223 2762 d.
1239 2728 1261 2762 l.
1285 2728 1345 2764 ubi
1357 2729 1487 2773 triplex
1515 2728 1574 2763 lus

886 2789 1047 2817 stemma.
1057 2800 1103 2808 —-
1112 2781 1272 2817 Moerens
1283 2782 1433 2817 Inachus
1443 2808 1452 2827 ,
1466 2780 1584 2828 prop-5
