1832 3100
352 241 1067 291 METAMORPHOSEON
1101 244 1234 288 LIB.
1272 247 1370 290 III.
1488 246 1568 290 231

156 339 301 392 Pallas
321 338 466 396 adest;
491 347 707 403 motaeque
728 335 858 401 jubet
875 354 1127 402 supponere
1149 348 1274 385 terrae

152 423 368 490 Vipereos
392 420 566 478 dentes,
592 417 752 486 populi
773 418 1040 468 incrementa
1063 417 1217 466 futuri.

151 506 301 563 Paret;
328 515 394 563 et,
419 515 472 552 ut
493 521 650 570 presso
676 501 850 551 sulcum
867 501 1076 570 patefecit
1098 514 1242 551 aratro
1257 540 1269 560 ,

154 586 334 654 Spargit
353 585 479 634 humi
498 585 667 652 jussos,
692 584 899 634 mortalia
923 584 1111 642 semina,
1138 584 1304 634 dentes.

1522 601 1581 634 105

151 670 283 728 Inde,
305 669 392 719 fide
410 670 577 736 majus!
604 670 746 734 glebae
768 688 938 737 coepere
961 668 1152 727 moveri;

153 752 389 819 Primaque
412 751 464 800 de
487 751 621 801 sulcis
644 752 756 801 acies
777 750 982 818 adparuit
1000 751 1138 800 hastae
1157 770 1168 799 ε

155 834 370 898 Tegmina
389 853 495 883 mox
519 835 714 902 capitum
736 834 859 901 picto
882 834 1086 882 nutantia
1109 853 1225 882 cono
1246 852 1256 892 ;

156 918 269 968 Mox
287 918 462 968 humeri
484 930 750 986 pectusque,
776 930 1043 986 onerataque
1064 918 1245 988 brachia
1267 916 1366 967 telis

155 1042 276 1087 iuben
303 1043 449 1079 alteram
470 1050 608 1090 partem
635 1043 679 1078 ad
707 1043 838 1079 AEeten

153 1094 307 1140 pertulit.
323 1094 484 1141 Apollod.
496 1097 514 1132 I
526 1122 536 1139 ‚
553 1107 592 1130 1x
602 1122 612 1140 ‚
633 1095 686 1130 23.
696 1095 837 1138 Noster,

157 1146 233 1182 Vll
246 1173 257 1190 ,
283 1161 341 1182 121
370 1160 444 1193 sqq.
475 1161 583 1194 quem
612 1147 731 1183 locum
756 1159 840 1182 cum

154 1200 225 1236 hoc
239 1201 408 1237 conseras.
435 1201 642 1237 Secundum
661 1201 840 1249 Pherecy-

157 1253 242 1288 dem
255 1253 293 1288 in
308 1253 426 1289 Schol.
444 1254 608 1300 Apollon.
629 1255 688 1290 111
702 1280 711 1297 ,
734 1268 746 1288 1
756 1268 768 1288 1
777 1255 816 1300 78
829 1280 838 1297 ,

158 1304 318 1342 Cadmus
333 1305 397 1342 bos
414 1305 536 1342 dentes
552 1307 639 1342 sevit
651 1333 662 1351 ‚
684 1320 704 1341 a
722 1307 840 1341 Marte

157 1357 295 1402 iussum
324 1358 387 1394 sed
412 1358 537 1404 reliqui
564 1359 632 1394 hoc
655 1359 841 1394 consilium

158 1409 335 1445 Minerva
343 1410 514 1446 tribuunt.
522 1414 658 1447 —Ecce
665 1414 773 1446 adest.
782 1411 842 1446 Sic

159 1467 197 1496 et
212 1461 250 1497 11
260 1486 272 1506 ‚
287 1461 363 1510 496.
380 1462 551 1498 Virorum
566 1463 755 1498 illustrium
770 1475 841 1498 cu-

158 1524 238 1547 ram
251 1512 336 1548 olim
354 1513 452 1549 Deiss
467 1514 590 1560 aliquis
604 1514 724 1550 Deave
742 1526 842 1560 gere-

157 1563 239 1609 bat,
257 1564 360 1610 eique
371 1566 560 1612 apparebat
573 1592 583 1609 ,
600 1566 628 1601 si
640 1566 765 1601 auxilio
780 1565 840 1600 in-

157 1615 303 1662 digeret.
321 1617 491 1664 Exempla
504 1625 589 1654 sunt
612 1619 650 1653 in
676 1619 840 1654 Homero

156 1674 196 1703 et
205 1666 306 1715 Virg.
322 1669 441 1711 obvia„
450 1670 630 1706 Heroibus
639 1670 708 1706 hoc
716 1670 841 1706 datum

156 1727 251 1763 erat,
277 1728 318 1757 ut
344 1721 441 1759 Deos
472 1723 592 1761 divina
615 1725 729 1771 specie
759 1725 840 1771 ipsis

157 1773 292 1810 oblatos
305 1774 382 1810 sine
397 1788 488 1811 noxa
508 1776 745 1813 intuerentur.
762 1780 843 1813 Pal·

156 1828 213 1861 las
222 1824 363 1862 Cadmo
375 1827 483 1863 etiam
495 1829 685 1875 imperium
695 1830 843 1866 Boeotiae

157 1889 377 1924 comparasse
392 1879 546 1916 traditur
558 1882 600 1917 ab
612 1881 842 1928 Apollodoro.

158 1948 204 1958 —
211 1931 398 1976 Supponere
404 1937 496 1968 terre
505 1946 595 1980 saepe
609 1947 674 1980 pro
682 1933 840 1980 sepelire,

158 1988 202 2017 ut
210 1983 295 2027 XV,
311 1984 396 2029 37o;
408 1984 454 2020 ib.
472 1986 534 2020 153
546 2000 556 2028 ;
570 1986 694 2021 Amor.
706 1987 776 2029 111,
787 1997 841 2030 lx,

161 2037 215 2079 48.
231 2035 328 2082 Ergo
342 2037 434 2072 bene
447 2037 492 2073 de
502 2039 697 2075 seminibus
707 2039 844 2086 sparsis.

161 2088 268 2124 Tunc
281 2101 366 2124 vero
375 2091 628 2136 perspicuitatis
638 2104 739 2127 causa
749 2098 843 2127 recte

161 2141 305 2177 additur
333 2147 432 2178 mota
448 2170 458 2185 ‚
495 2152 612 2180 aratro
641 2145 816 2191 proscissae
833 2172 843 2190 ,

162 2193 466 2239 quemadmodum
477 2209 605 2232 movere
617 2202 736 2232 terram
749 2205 785 2233 et
794 2199 846 2233 so·

163 2245 249 2282 dere
271 2246 454 2292 significat.
480 2247 603 2294 Virgil.
630 2249 815 2296 Georg.11
833 2277 844 2295 ,

165 2297 251 2341 264;
267 2298 360 2333 Plin.
377 2299 435 2343 11,
450 2298 517 2345 Ep.
530 2311 611 2335 xvu
627 2326 638 2345 ,
657 2303 708 2336 25.
727 2302 846 2348 Atque

162 2356 208 2397 τῷ
220 2355 318 2385 mole
331 2363 414 2385 mox
427 2352 619 2397 respondet
631 2367 751 2397 presso
765 2357 846 2390 sul-

163 2413 239 2436 cum
255 2408 320 2438 etc.
340 2402 448 2448 Apud
467 2403 590 2450 Eurip.
611 2405 676 2451 673
689 2431 700 2450 ‚
723 2406 847 2442 dentes

163 2453 294 2500 spargit
305 2458 347 2494 εἷς
355 2459 558 2507 βαθυσκὲρους
571 2460 655 2502 γύας.
664 2458 750 2502 Vll,
766 2474 825 2494 122
838 2472 847 2495 :

163 2510 282 2541 aratos
295 2511 426 2553 spargit
437 2512 474 2544 iu
487 2523 609 2555 ayma·
635 2511 727 2557 apud
744 2511 847 2547 Phe-

165 2558 284 2606 recyd.
301 2563 344 2599 εἰς
353 2565 408 2601 τὴν
418 2563 545 2612 ἄρουραν
555 2589 564 2607 ,
582 2563 620 2598 in
634 2570 766 2598 terram
775 2576 850 2598 mo·

166 2617 250 2648 tam.
269 2613 352 2649 Non
370 2614 477 2660 igitur
502 2616 680 2652 adsentior
701 2617 848 2653 Valken.

170 2663 215 2699 ad
231 2664 353 2712 Eurip.
368 2666 434 2712 673
444 2693 455 2711 ,
470 2668 531 2714 qui
546 2673 707 2715 multique
724 2671 851 2715 praese-

169 2717 270 2753 rebat
283 2744 294 2762 ‚
319 2718 400 2763 quia
420 2719 487 2756 hoc
502 2720 535 2755 ei
549 2721 685 2756 doctius
699 2721 849 2756 videba-

168 2774 252 2813 tur,
276 2782 386 2815 quam
407 2779 445 2807 ut
468 2785 488 2807 a
505 2773 646 2808 librario
657 2773 764 2819 possit
784 2786 851 2808 ex-

902 1043 1323 1089 spectari—Incrementa,
1335 1042 1585 1087 additamenta,

903 1095 1028 1141 quibus
1045 1102 1232 1142 augeretur
1245 1108 1357 1130 novus
1374 1095 1533 1142 populus.

952 1150 1025 1193 ¹04·
1037 1151 1094 1190 ΕΙ,
1110 1154 1286 1193 ulpresso,·
1298 1161 1363 1195 pro
1373 1153 1409 1183 el
1416 1153 1586 1193 impresso,

905 1200 1003 1236 dedit
1019 1201 1188 1236 Heinsius
1204 1214 1245 1236 ex
1255 1201 1586 1247 castigatioribus.—

905 1251 1035 1287 Noster
1047 1252 1178 1298 Regius
1190 1252 1222 1287 A
1237 1278 1246 1295 ‚
1264 1257 1444 1296 μίμνω-,σω
1465 1250 1587 1287 Codex

906 1305 937 1339 B
947 1331 958 1349 ,
967 1308 1137 1349 impresso.
1150 1304 1242 1339 VIII
1255 1330 1264 1347 ,
1275 1304 1338 1338 332
1350 1317 1482 1348 :pressa
1489 1309 1589 1350 ,τιᾈηια

900 1357 1032 1401 pedum.
1060 1355 1109 1391 Et
1130 1356 1243 1401 ipsum
1254 1368 1407 1400 pressum
1421 1362 1585 1398 aratrum,

907 1408 1023 1443 Tibul.
1047 1407 1114 1451 IV,
1135 1418 1168 1451 1,
1191 1407 1263 1442 161.
1278 1409 1478 1453 —Spargib
1498 1409 1586 1443 Inde

906 1461 1038 1497 Graecis
1049 1461 1098 1496 illi
1113 1460 1196 1496 dicti
1211 1468 1383 1507 putantur
1400 1463 1523 1507 Sparti.
1543 1481 1587 1488 —

905 1515 1070 1548 Mortalia
1079 1516 1217 1554 semina,
1230 1512 1376 1557 semina,
1389 1514 1484 1549 unde
1494 1527 1587 1549 mor-

906 1567 992 1602 tales
1009 1573 1248 1602 nascerentur.
1267 1567 1386 1602 Verba
1402 1574 1519 1604 autem
1535 1575 1585 1611 et,

904 1624 974 1653 ut...
995 1621 1112 1654 dentes
1135 1619 1165 1654 si
1186 1619 1369 1666 abessent,
1391 1632 1466 1655 non
1487 1620 1586 1656 desi-

905 1670 1125 1707 derarentur.

952 1725 1025 1759 106.
1044 1724 1206 1771 Inda-fide
1221 1724 1343 1770 majus.
1361 1723 1484 1770 Eurip.
1501 1725 1587 1770 674:

904 1784 996 1813 Ενθεν
1026 1779 1148 1822 ε’ξανΐίκε
1176 1784 1215 1822 γῆ
1237 1778 1390 1812 Πάνοπλον
1420 1781 1490 1822 ὄψιν
1515 1779 1586 1826 ὑπὲρ

906 1832 1004 1880 ἄκρων
1029 1823 1117 1880 ὅρων
1142 1832 1256 1874 χθονός.
1283 1828 1355 1864 Sed
1376 1829 1506 1864 Noster
1529 1841 1588 1863 eos

906 1882 1037 1918 sensim
1052 1882 1152 1917 nobis
1167 1895 1186 1916 e
1203 1889 1296 1916 terra
1307 1881 1521 1927 prodeuntes
1532 1894 1591 1916 os-

907 1936 1022 1971 tendit
1034 1962 1043 1980 ,
1057 1935 1173 1970 addita
1194 1934 1422 1970 similitudine
1440 1935 1588 1970 minime

907 1987 1233 2033 vulgari—Movere]
1246 1999 1384 2021 sursum
1398 1987 1495 2031 ferri,
1507 1999 1588 2021 mox

909 2039 1024 2074 dilabi.
1043 2038 1168 2074 Claud.
1186 2050 1249 2074 xxl
1261 2066 1270 2083 ,
1286 2040 1351 2074 318
1363 2052 1371 2074 :
1385 2042 1493 2083 galea*
1506 2052 1589 2074 ma-

908 2098 989 2128 trem
998 2098 1158 2128 nascente
1159 2093 1302 2138 firiunt,
1317 2099 1447 2128 eruunt
1457 2099 1589 2129 terram

908 2144 972 2179 sibi
987 2145 1195 2180 obstantem.

957 2198 1029 2232 108.
1063 2199 1224 2243 Tegmina
1251 2200 1400 2243 capilum
1412 2225 1422 2239 ‚
1457 2197 1562 2244 galeae
1581 2224 1591 2241 ,

907 2248 1085 2285 habebant
1093 2262 1233 2292 conum,
1251 2250 1473 2286 tuberculum
1491 2262 1592 2284 exca-

909 2309 1030 2338 vatum
1041 2329 1051 2347 ,
1067 2302 1123 2337 cui
1140 2302 1354 2338 indebantur
1363 2302 1494 2346 cristae,
1513 2313 1591 2346 quae

909 2355 983 2391 sere
1000 2355 1207 2390 constabant
1221 2354 1486 2390 versicoloribus
1501 2366 1593 2399 pen-

909 2408 984 2451 nis,
1007 2407 1102 2442 unde
1114 2411 1229 2452 pictus
1247 2420 1362 2442 conus.
1387 2407 1449 2441 Eae
1465 2418 1592 2451 pennae

914 2461 1008 2495 inter
1023 2459 1183 2495 eundum
1202 2462 1385 2501 nutabant,
1402 2458 1595 2493 moveban-

911 2521 980 2548 tur.
1008 2513 1071 2548 Est
1094 2519 1213 2548 autem
1235 2517 1354 2547 nutare
1381 2512 1530 2546 verbum
1556 2511 1593 2544 in

911 2566 977 2601 hac
993 2578 1032 2600 re
1051 2566 1235 2611 proprium
1252 2576 1261 2599 z
1277 2563 1347 2599 vid.
1366 2562 1534 2601 Heinsius
1551 2562 1595 2597 ad

914 2619 975 2654 Sil.
991 2618 1058 2662 IV,
1078 2619 1151 2662 460.
1167 2616 1239 2653 Sed
1250 2616 1337 2651 dum
1349 2615 1454 2663 galeae
1465 2615 1596 2650 sensim

914 2685 934 2706 e
946 2679 1040 2706 terra
1050 2669 1239 2716 prodibant
1248 2696 1258 2715 ,
1270 2669 1383 2705 cristae
1392 2673 1511 2704 nutare
1522 2680 1596 2703 non

915 2729 1088 2769 poterant.
1101 2722 1146 2751 -'-
1159 2723 1263 2758 Unus
1279 2722 1420 2758 Thuani
1431 2749 1440 2766 ,
1460 2724 1599 2756 mt‘can—

922 2780 997 2821 tia‚·
1022 2777 1112 2813 bene
1136 2779 1302 2814 nulanlae'a.
1331 2775 1453 2812 Facilis
1484 2781 1604 2811 autem
