1832 3100
303 188 1019 238 METAMORPHOSEON
1056 194 1125 237 LI
1140 196 1191 238 B.
1230 195 1322 240 VI.

102 307 127 330 »
153 286 216 335 Et
237 283 336 334 date
355 285 538 347 Latonae
550 319 563 341 ‚
587 282 973 349 Latonigenisque
998 284 1177 334 duobus
1188 323 1200 344 ‚

1437 195 1528 257 429

1467 305 1529 339 160

103 383 129 406 »
177 381 271 412 aum
291 379 422 429 prece
444 372 543 410 tura
565 360 666 427 pia;
691 359 906 427 lauroque
928 360 1139 411 innectite
1163 363 1328 412 crinem
1350 383 1361 412 :

107 462 131 483 u
159 441 253 490 Ore
273 457 372 488 meo
393 440 564 488 Latona
581 438 723 503 jubet.
749 460 773 481 »
800 438 1013 497 Paretur;
1040 451 1084 488 et
1105 459 1259 490 omnes

102 514 354 586 Tbebaides
372 514 508 581 jussis
535 534 614 564 sua
638 526 840 582 tempora
859 515 1096 566 frondibus
1121 531 1306 577 ornant,

103 597 314 662 Turaque
337 593 446 643 dant
468 593 633 643 sanctis
656 605 702 643 et
721 593 856 642 verba
873 595 1098 661 precantia
1117 595 1316 645 flammis.

170 675 288 723 Ecce
313 672 440 723 venit
454 673 668 722 comitum
692 672 841 721 Niobe
864 672 1146 722 celeberrima
1170 675 1327 733 turba,

1478 691 1539 726 165

106 751 323 802 Vestibus
343 751 516 800 intexto
540 750 748 819 Phrygiis
772 750 1028 818 spectabilis
1052 771 1185 810 auro,

106 831 169 879 Et
193 841 412 897 quantum
434 829 499 878 ira
524 829 632 878 sinit
648 866 660 888 ‚
686 828 908 887 formosa;
927 848 1198 896 movensque
1220 830 1380 880 decoro

113 908 228 958 Cum
252 907 396 976 capite
418 907 656 971 immissos·
665 908 901 956 humerum
924 925 1006 973 per
1028 918 1267 974 utrumque
1290 907 1474 975 capillos

113 985 333 1036 Constitit
352 1006 364 1035 :
383 997 523 1052 utque
548 984 704 1034 oculos
729 984 1001 1034 circumtulit
1021 984 1109 1033 alta
1131 985 1351 1052 superbos
1371 1005 1382 1045 3

119 1086 142 1107 «
176 1064 294 1130 Quis
317 1064 444 1130 furor
465 1064 666 1123 auditos,
692 1064 867 1130 inquit,
891 1081 1147 1131 praeponere
1166 1063 1273 1112 visis

1487 1090 1546 1125 170

120 1165 144 1187 »
173 1143 419 1194 Caelestes?
440 1155 519 1193 aut
540 1162 619 1192 cur
643 1142 809 1192 colitur
831 1143 1001 1191 Latona
1024 1161 1107 1209 per
1128 1143 1259 1190 aras?

116 1265 222 1300 Deos.
249 1264 511 1300 Pertinuerunt
538 1263 597 1299 illa
629 1276 725 1299 sacra
760 1263 803 1299 ad

119 1317 285 1353 mulieres
317 1324 470 1353 tantum.
485 1337 530 1345 —
544 1319 596 1353 Et
627 1319 707 1352 date
736 1324 802 1352 etc.

119 1369 290 1406 For-mula
307 1369 474 1411 solemnis
488 1370 526 1405 in
542 1370 735 1406 indictione
747 1382 804 1405 sa—

119 1435 274 1459 crorum.
286 1421 423 1458 Confer
435 1423 579 1458 AEneid.
598 1422 713 1467 VIII,
728 1423 802 1468 274.

121 1478 242 1518 -Ρία,
250 1489 328 1522 quae
338 1475 436 1522 pium
445 1476 606 1511 animum
616 1476 806 1512 declarant.

121 1547 166 1556 —·
178 1530 260 1564 Cum
267 1541 378 1574 prece.
390 1528 625 1574 lntelligenda
641 1541 807 1575 compre-

122 1582 235 1626 catio,
257 1594 336 1628 quae
357 1581 526 1618 sacrificio
550 1581 700 1617 addebat
716 1594 806 1627 pre·-

122 1647 190 1670 ces.
205 1633 343 1670 Confer
360 1635 414 1670 IX
429 1661 440 1679 ,
478 1637 552 1683 ¹59·
568 1634 622 1670 Ut
644 1634 682 1669 in
702 1634 807 1669 sacris

122 1686 252 1723 Bacchi
262 1687 458 1734 pampineae
469 1694 530 1723 aut
541 1685 756 1731 hederaceae,
767 1686 806 1721 in

123 1737 299 1773 honorem
315 1738 482 1774 Herculis
493 1738 653 1785 populeae
663 1738 808 1773 frondes

123 1791 379 1826 innectebantur
391 1793 538 1827 crinibus
549 1818 558 1832 ‚
575 1791 624 1826 sic
640 1791 677 1825 in
698 1790 810 1836 Apol-

123 1839 205 1878 linis
214 1843 318 1879 sacris
331 1846 458 1878 laurus.
466 1861 511 1871 —
520 1844 648 1878 Jussis.
660 1843 714 1877 Ita
725 1849 759 1877 et
771 1843 788 1877 I
797 1869 807 1886 ‚

129 1895 314 1943 3933111,
343 1900 428 1940 ¹⁰53
447 1896 520 1940 IV,
539 1898 600 1938 32;
626 1897 703 1940 xl,
733 1896 810 1930 635.

130 1947 178 1983 Et
195 1961 237 1982 ex
251 1961 352 1983 more
367 1947 473 1984 Ovid.
487 1955 565 1994 post
571 1948 673 1992 jubet
681 1948 813 1993 repeti-

130 2005 209 2034 tum
215 2000 341 2044 jussis.
373 2000 456 2036 Non
474 2007 595 2036 tamen
613 1998 813 2045 spernenda

132 2052 242 2088 altera
259 2053 363 2090 lectio
375 2081 385 2099 ,
402 2054 520 2100 sestis.
546 2055 599 2090 Ita
616 2054 673 2091 ΙΙΙ
687 2080 696 2098 ,
724 2054 788 2089 528
801 2080 811 2098 ,

124 2105 217 2149 sesti
227 2109 377 2142 ululatus
390 2118 403 2149 ,·
421 2107 501 2142 vide
518 2114 554 2142 et
569 2106 612 2143 ad
633 2107 689 2142 ΙΙΙ
700 2132 710 2151 ,
731 2119 788 2142 111
804 2121 813 2148 ;

137 2156 262 2206 virgil.
285 2159 426 2195 AEneid.
460 2159 518 2204 11,
554 2161 618 2208 249
631 2185 640 2203 ,
671 2158 815 2194 delubra

135 2211 255 2248 Deum
271 2214 371 2258 festa
386 2216 536 2248 velamus
552 2213 689 2258 fronde.
714 2212 816 2259 Regii

135 2266 248 2301 nostri
267 2265 438 2310 Codices,
454 2266 579 2310 jussis.

181 2318 255 2355 165.
269 2320 362 2354 Ecce
378 2321 473 2354 venit
482 2320 638 2354 comitum
660 2324 725 2353 etc.
747 2317 817 2352 In-

134 2384 249 2407 cessus
264 2371 421 2406 mulieris
439 2371 597 2416 superbae
613 2377 649 2405 et
664 2382 735 2416 prae
751 2382 818 2404 su-

136 2423 257 2470 perbia
279 2423 495 2470 indignantis
511 2423 649 2470 egregie
675 2422 731 2457 hic
747 2421 818 2456 de-

136 2477 315 2519 scribitur-3
329 2478 551 2515 celeberrima,
566 2476 690 2521 stipata
701 2474 821 2509 multis

138 2528 324 2572 comitibus
336 2554 345 2572 ,
362 2541 463 2563 more
480 2528 684 2574 reginarum
700 2527 822 2562 orien-

139 2583 274 2619 talium.
284 2582 391 2618 —De
408 2585 566 2629 Phrygizs
578 2585 726 2617 vestibus
742 2581 822 2617 vide

143 2635 186 2671 ad
201 2648 290 2670 vers.
310 2647 338 2670 1.
357 2653 401 2661 -
412 2636 553 2669 Movens
566 2662 574 2675 ,
600 2634 821 2677 concutiens,

142 2687 393 2734 indignationis
412 2699 511 2722 causa
524 2712 534 2729 ‚
562 2693 601 2720 ut
622 2686 761 2730 Jupiter
785 2685 823 2719 in

146 2740 235 2777 libro
276 2741 292 2776 1
311 2766 320 2784 ,
354 2752 456 2776 versu
490 2751 560 2786 ¹79·
577 2756 623 2764 —·
639 2739 823 2774 Immissos.

870 1262 972 1299 Pauli
986 1261 1135 1298 Codices
1144 1262 1276 1297 habent
1286 1265 1464 1298 immensos
1474 1273 1486 1305 ;
1502 1263 1553 1298 id-

871 1329 939 1362 que
956 1315 1068 1361 placet
1085 1314 1232 1350 Barthio
1246 1329 1255 1357 ;
1273 1327 1314 1350 ea
1325 1328 1410 1350 vero
1426 1323 1477 1350 est
1490 1315 1551 1350 im-

868 1381 991 1404 mensa
1007 1367 1208 1416 hyperbole.
1226 1368 1327 1414 Regii
1344 1369 1455 1403 nostri
1471 1367 1553 1403 Co-

871 1421 963 1456 dices
981 1447 990 1465 ,
1014 1424 1194 1456 immissos.
1212 1421 1366 1455 Immissi
1376 1420 1414 1455 in
1429 1421 1554 1456 faciem

871 1476 994 1519 capilli
1008 1473 1149 1520 signum
1169 1480 1272 1508 erant
1285 1473 1341 1508 vel
1356 1473 1525 1519 squaloris
1545 1502 1555 1519 ,

871 1526 926 1561 vel
937 1532 1032 1561 certe
1043 1525 1266 1571 negligentiae
1275 1553 1286 1570 ‚
1299 1525 1408 1571 qualis
1417 1533 1469 1562 est
1477 1539 1559 1561 mu-

871 1577 999 1612 lierum
1025 1576 1123 1611 domi
1151 1575 1351 1611 sedentium
1368 1603 1378 1620 ‚
1399 1578 1456 1622 V,
1481 1578 1558 1612 338.

871 1630 1011 1664 Verum
1034 1628 1070 1663 h.
1094 1628 1117 1663 l.
1142 1632 1291 1664 immissi
1304 1629 1458 1665 absolute
1476 1636 1562 1665 sunt

872 1683 995 1728 soluti,
1012 1683 1184 1727 fluentes,
1214 1683 1332 1729 quales
1349 1692 1432 1720 sunt
1449 1684 1561 1730 Apol-

872 1736 962 1773 linis.
989 1737 1106 1772 Tibul.
1138 1738 1194 1772 ΙΙΙ
1209 1763 1218 1780 ,
1246 1748 1298 1781 lv,
1328 1751 1368 1783 27
1394 1750 1403 1772 :
1427 1739 1565 1772 Intonsi

874 1793 983 1825 crines
997 1792 1099 1834 longa
1125 1793 1250 1824 cervice
1263 1791 1429 1834 fluebant.
1455 1789 1563 1835 Apud

877 1843 1027 1877 Homer.
1045 1842 1078 1876 d.
1096 1841 1115 1876 l.
1133 1845 1260 1886 ἠΰκομος
1275 1844 1434 1881 Νιέἒη.-
1449 1843 1535 1877 Alla
1546 1869 1556 1883 ,

878 1894 959 1939 quia
979 1893 1119 1939 superbi
1137 1893 1228 1927 elato
1247 1893 1358 1939 capite
1378 1893 1560 1930 incedunt.

878 1946 980 1981 Vers.
1002 1947 1065 1991 275
1079 1972 1089 1989 ,
1116 1948 1282 1990 resupina.
1303 1945 1429 1981 Senec.
1453 1945 1562 1992 Epist.

878 2008 973 2033 Lxxx
985 2024 994 2042 ,
1011 2011 1044 2043 p.
1058 1998 1142 2041 624,
1161 1997 1216 2032 ed.
1231 1997 1321 2044 Lips.
1338 1998 1438 2039 :Ille,
1454 2001 1562 2043 quiin

878 2063 982 2085 scena
993 2052 1104 2085 elatus
1112 2051 1248 2091 incedit,
1262 2054 1297 2084 et
1305 2051 1379 2085 hac
1390 2054 1565 2095 resupinus

879 2106 981 2144 dicit,
999 2105 1055 2138 En
1069 2106 1194 2147 impero
1210 2103 1324 2147 Argis.

929 2167 1001 2202 ¹7⁰·
1017 2157 1101 2199 Quis
1106 2154 1211 2200 furor
1218 2157 1372 2195 auditos,
1392 2161 1457 2190 etc.
1469 2154 1567 2190 Hinc.

881 2212 1004 2243 cuncta
1036 2207 1095 2242 illa
1110 2233 1120 2251 ‚
1161 2220 1239 2252 quae
1270 2210 1402 2241 animos
1436 2209 1569 2241 dabant

848 2309 851 2312 Ι
882 2259 1001 2307 (152),
1017 2266 1057 2294 ut
1073 2272 1108 2294 se
1124 2259 1269 2295 Latonae
1281 2260 1480 2306 praeserret,
1494 2260 1566 2305 ipsa

882 2325 957 2347 non
971 2319 1157 2347 enumerat
1172 2312 1279 2347 modo
1290 2339 1300 2356 ,
1317 2311 1375 2347 sed
1392 2319 1427 2347 et
1442 2312 1568 2357 ampli-

883 2365 973 2401 ficat.
1000 2366 1089 2400 Haec
1111 2372 1194 2400 suut
1218 2378 1342 2409 magna
1363 2364 1421 2398 illa
1443 2367 1560 2406 verba,

885 2431 963 2464 quae
994 2418 1154 2454 minuere
1184 2418 1326 2453 nolebat
1339 2444 1348 2461 ‚
1381 2424 1416 2451 et
1442 2417 1570 2463 quibus

885 2473 974 2507 elata
987 2497 996 2515 ,
1011 2484 1113 2506 versu
1132 2471 1192 2515 184
1209 2497 1218 2514 ‚
1238 2470 1391 2504 fidenter
1405 2470 1543 2515 subjicit
1558 2497 1570 2514 ,

891 2528 1035 2570 Qua-rite
1055 2538 1143 2559 nunc
1160 2531 1225 2559 etc.
1246 2523 1302 2558 De
1324 2523 1475 2558 formula
1494 2526 1570 2568 quis

877 2578 1011 2623 furor?
1027 2576 1070 2612 ad
1086 2577 1163 2620 111,
1183 2577 1256 2610 531.
1282 2575 1375 2620 Quae
1391 2575 1454 2621 ipsi
1474 2577 1572 2610 vide-

888 2642 978 2671 mus‚
1006 2643 1046 2664 ea
1065 2636 1101 2664 et
1123 2629 1271 2663 certiora
1292 2635 1328 2663 et
1345 2629 1571 2674 praesentiora

888 2691 970 2719 sunt
989 2685 1136 2724 auditis,
1160 2681 1203 2716 de
1223 2681 1348 2728 quibus
1370 2681 1478 2717 fando
1500 2681 1571 2715 ali—

890 2735 975 2782 quid
987 2735 1191 2782 accepimus.
1203 2736 1407 2771 -Peraras
1418 2747 1492 2770 non
1506 2740 1570 2777 est,
