1832 3100
303 217 1002 269 METAMORPHOSEON
1038 219 1172 264 LIB.
1212 222 1304 266 IV.

1433 221 1514 266 331

109 312 272 362 Omnia
291 312 394 366 trita
416 310 572 370 simu13
593 330 690 378 quae
714 310 932 373 sanguine
955 310 1093 359 mixta
1116 313 1283 360 recenti

107 391 296 441 Coxerat
315 408 396 439 aere
418 408 522 440 cavo
536 427 548 448 ‚
571 388 702 438 viridi
726 401 895 438 versata
915 388 1058 438 cicuta
1078 408 1088 437 :

107 469 321 536 Dumque
334 479 496 536 pavent
514 467 604 526 illi,
630 468 762 517 vertit
783 467 938 518 furiale
963 487 1181 517 venenum

106 547 265 597 Pectus
276 546 332 596 in
355 547 612 604 amborum3
637 546 967 613 praecordiaque
990 545 1147 594 intima
1170 546 1321 595 movit.

106 629 220 678 Tum
242 627 334 678 face
352 628 512 695 jactata
533 647 614 696 per
632 628 831 678 eumdem
856 629 1017 696 saepius
1041 628 1194 678 orbem
1209 667 1222 687 ‚

106 710 406 778 Consequitur
426 723 574 761 motos
597 710 806 761 velociter
826 710 1008 774 ignibus
1030 710 1169 774 ignes.

103 793 178 842 Sic
199 794 379 852 victrix,
402 795 603 862 jussique
625 806 812 862 potens5
839 794 894 843 ad
918 794 1066 842 inania
1087 793 1239 856 magni

103 876 258 940 Regna
279 877 395 926 redit
415 877 554 937 Ditis,
581 890 864 944 sumtumque
884 877 1128 940 recingitur
1151 895 1353 939 anguem.

1463 890 1528 924 510

164 958 377 1009 Protinus
401 960 602 1010 AEolides
625 960 771 1010 media
791 959 1060 1009 furibundus
1085 959 1132 1006 in
1156 957 1255 1007 aula

103 1041 273 1092 Clamat
293 1063 302 1092 :
329 1066 351 1087 «
377 1045 429 1092 Io
448 1045 458 1092 l
481 1044 665 1093 comites
680 1082 692 1103 ‚
717 1045 788 1093 his
811 1044 923 1094 retia
947 1043 1115 1092 tendite
1141 1041 1263 1091 silvis
1284 1061 1295 1089 ε

146 1180 222 1214 503.
231 1180 399 1227 Sanguine
409 1184 526 1216 mixta.
541 1181 648 1216 Multi
658 1195 698 1216 ex
709 1195 781 1216 me-

101 1229 244 1266 lioribus
256 1257 265 1275 ,
283 1232 372 1267 etsie
381 1232 524 1278 quidem
537 1234 647 1268 nostri
657 1234 758 1279 Regii
769 1261 778 1278 ,

102 1286 224 1323 tincta,
244 1296 308 1330 pro
323 1287 441 1319 mixta.
456 1303 501 1311 —
517 1286 637 1320 Cicuta
648 1313 656 1326 ‚
682 1286 781 1320 cala-

102 1347 182 1370 mus
195 1335 293 1372 istius
302 1336 430 1382 plantae
441 1337 627 1383 tripedalis.
646 1339 700 1374 Eo
710 1339 782 1374 uti-

103 1394 162 1422 tur
186 1387 263 1424 loco
284 1388 511 1425 instrumenti
535 1390 577 1425 ad
603 1391 782 1427 miscenda

101 1451 248 1476 venena.
275 1439 436 1476 Similem
460 1443 751 1488 praeparationem
769 1469 778 1487 ,

101 1491 171 1527 vid.
181 1491 266 1535 Vn,
281 1493 344 1528 262
354 1506 447 1540 sqq„
461 1495 520 1530 ubi
533 1494 662 1531 Medea
672 1499 787 1531 arenti

100 1559 193 1581 ramo
213 1549 308 1582 olim·
321 1548 370 1584 sic
383 1547 503 1584 utitur.
522 1549 640 1584 Etiam
660 1563 734 1595 sqq.
759 1563 779 1585 e

88 1591 200 1645 ‘Vir-g.
221 1599 308 1645 374,
331 1610 489 1646 expressa
501 1626 511 1645 ‚
528 1605 728 1647 penitusque
742 1606 780 1637 in

98 1654 229 1686 w'scera
243 1653 374 1696 lapsum
389 1652 555 1697 -S'erpenhtr
558 1652 692 1697 furiale
703 1667 780 1688 ma-

95 1705 165 1738 lum
174 1730 184 1745 ‚
196 1707 363 1749 lotamque
365 1710 571 1750 percrraL—
577 1707 686 1741 Vertit
690 1705 779 1741 Gro-

98 1768 179 1791 nov.
195 1754 281 1792 obs.
299 1757 358 1801 11,
372 1770 405 1803 p.
422 1759 507 1802 294,
524 1765 638 1794 mutat
653 1759 691 1793 in
709 1773 778 1794 ver-

93 1810 164 1851 git,
198 1821 327 1856 nempe
355 1809 462 1845 Furia
478 1836 488 1854 ,
514 1810 611 1856 quod
639 1819 778 1848 coctum

98 1859 258 1897 hahebat.
275 1861 450 1898 Eamdem
467 1864 702 1899 mutationem
717 1864 780 1899 ha-

96 1912 158 1948 bet
164 1913 322 1951 Graevius
333 1930 341 1958 ;
354 1915 414 1951 sed
427 1915 576 1951 Codices
586 1917 697 1951 nostri
705 1917 780 1951 Re-

100 1966 146 2011 gii
159 1976 301 2004 servant
317 1972 424 2004 verm.
452 1969 519 2004 Ed.
542 1989 587 1998 -—
610 1970 780 2006 Vocabul-

89 2017 223 2062 J'un'ule
235 2020 435 2066 frequentat
451 2021 612 2058 Ovidius.

145 2071 220 2106 508.
240 2072 459 2118 Consequitur
471 2081 536 2110 etc.
561 2075 694 2110 Versus
715 2074 781 2110 dis-

101 2121 216 2168 ficilis,
235 2124 295 2169 qui
310 2124 409 2160 valde
425 2126 526 2161 torsit
540 2127 682 2173 ingenia
694 2128 780 2163 Intt.

100 2174 288 2211 Accursius
310 2176 522 2214 emendabat
537 2182 636 2214 molis·
656 2182 781 2214 veloci-

98 2232 150 2262 ter
160 2230 293 2273 ignibus
307 2231 419 2273 ignes,
441 2229 476 2265 id
490 2236 560 2274 est,
579 2239 691 2266 rotata
706 2232 780 2267 sace

99 2287 135 2314 et
150 2281 336 2316 commotis
351 2282 427 2327 ejus
437 2282 576 2329 ignibus
591 2284 690 2330 ignes
700 2297 782 2320 con-

97 2331 264 2377 sequitur.
276 2333 322 2378 X,
337 2348 354 2379 7
369 2337 562 2381 :nullosque
575 2340 702 2371 invenit
708 2350 781 2372 mo-

96 2387 186 2419 libus
199 2388 304 2430 ignes.
319 2386 468 2424 Lenzius
479 2394 590 2434 putat,
602 2401 675 2424 voc.
689 2393 780 2434 ignis·

96 2436 225 2483 duplici
248 2451 352 2474 sensu
375 2441 529 2486 positum
555 2454 628 2477 esse
646 2468 655 2486 ‚
677 2442 725 2477 ita
742 2450 781 2478 ut

95 2491 183 2524 moti
192 2492 287 2535 ignes
297 2491 368 2526 sint
383 2492 515 2528 interni
529 2493 627 2540 ignes
639 2507 781 2541 veneno

98 2541 213 2577 effecti
225 2568 234 2586 ,
263 2555 350 2587 quos
368 2543 474 2579 Furia
490 2548 623 2589 ignibus
636 2573 644 2587 ‚
664 2546 781 2590 jacta—

99 2593 194 2630 tione
217 2596 294 2630 satis
311 2623 321 2640 ‚
347 2597 456 2643 magis
491 2598 699 2634 excitaverit.
723 2599 783 2634 Si-

99 2646 229 2682 militer
247 2648 348 2684 Rode
363 2675 373 2692 ,
397 2651 470 2684 und
482 2652 665 2695 eatstammt
677 2654 782 2686 durch

99 2699 155 2734 dte
169 2702 318 2736 schnelle
340 2704 526 2748 Bewegung
539 2705 593 2739 die
608 2706 715 2739 sebon
731 2706 783 2739 lo-

101 2752 222 2788 demde
235 2755 384 2790 Flamma·
399 2758 483 2792 noch
501 2759 602 2794 mehr.
617 2758 680 2794 Me
700 2770 784 2794 vero

846 1193 920 1214 non
933 1179 1079 1226 poenitet
1096 1177 1257 1224 amplecti
1270 1175 1530 1222 interpretatio-

846 1246 931 1268 nem
942 1233 1006 1266 viri
1024 1231 1116 1267 docti
1131 1232 1167 1266 in
1182 1229 1398 1266 Bibliotheca
1410 1229 1528 1275 Figur.

847 1299 888 1321 ex
905 1298 971 1331 qua
988 1285 1079 1319 orbis
1099 1284 1154 1319 ille
1178 1283 1368 1318 continuus
1381 1309 1390 1326 ,
1421 1294 1527 1327 quem

845 1340 944 1386 ignes
960 1339 1121 1374 celeriter
1148 1337 1236 1372 moti
1263 1337 1300 1372 in
1323 1349 1403 1372 aere
1420 1335 1532 1371 sacie-

846 1393 932 1428 hant
946 1419 955 1436 ‚
973 1391 1080 1427 oculis
1096 1390 1289 1436 subjicitur.
1307 1390 1460 1434 Propter
1471 1400 1531 1422 ce-

846 1445 1020 1481 leritatem
1047 1451 1164 1479 motus
1179 1443 1335 1479 scintillae
1359 1455 1396 1477 se
1420 1441 1528 1476 vide-

845 1498 975 1534 bantur
990 1498 1162 1544 attingere
1179 1503 1216 1532 et
1231 1496 1444 1531 continuum
1461 1507 1528 1528 or-

845 1551 928 1585 bem
943 1551 1057 1585 sacere
1070 1576 1080 1594 ‚
1099 1547 1402 1595 quemadmodum
1418 1559 1532 1593 pruna

845 1602 883 1637 in
898 1602 1051 1638 tenebris
1065 1601 1227 1637 celeriter
1244 1601 1454 1636 circumacta
1469 1598 1532 1634 cir-

844 1655 963 1691 culum
980 1655 1131 1702 ignitum
1146 1654 1254 1690 oculis
1273 1653 1403 1699 objicit.
1422 1652 1532 1687 Simi-

843 1710 925 1746 liter
941 1709 1033 1755 apud
1052 1707 1291 1752 Claudianum
1309 1734 1318 1751 ,
1349 1707 1392 1742 R.
1410 1706 1452 1740 P.
1473 1716 1504 1739 11
1523 1731 1532 1748 ,

846 1765 888 1798 25
902 1790 912 1805 ,
931 1762 1029 1798 hasta
1047 1775 1153 1808 quam
1171 1761 1337 1796 Minerva
1353 1760 1391 1794 iu
1408 1770 1533 1805 gyrum

844 1821 977 1859 movet,
990 1818 1103 1849 instar
1109 1816 1202 1848 silvoe
1212 1815 1323 1852 habet,
1343 1811 1424 1856 quia
1435 1810 1532 1845 hasta

845 1867 949 1902 celeri
965 1872 1066 1900 motu
1081 1865 1177 1910 quasi
1189 1862 1450 1908 multiplicatur.
1468 1862 1531 1896 In-

846 1918 984 1964 geniose
1003 1916 1148 1963 quidem
1171 1915 1273 1950 illum
1289 1914 1415 1948 orbem
1430 1918 1533 1947 nota-

844 1971 914 2014 vit,
932 1970 991 2006 sed
1013 1970 1129 2004 alieno
1146 1969 1235 2003 loco.

891 2026 967 2073 509.
984 2026 1088 2059 Jussi
1096 2028 1220 2069 potens
1236 2050 1245 2064 ,
1274 2029 1461 2069 postquam
1480 2022 1535 2056 es-

846 2077 975 2112 fecerat
989 2103 999 2121 ,
1023 2075 1119 2122 quod
1135 2076 1198 2122 ipsi
1215 2076 1351 2121 jussum
1367 2081 1454 2110 erat.
1474 2074 1534 2109 Sic

846 2132 1047 2174 volipolens
1058 2156 1068 2170 ‚
1091 2128 1135 2163 de
1152 2140 1222 2174 quo
1240 2127 1283 2163 ad
1300 2141 1388 2163 vers.
1400 2127 1477 2162 325.
1490 2133 1534 2155 ...A

847 2184 991 2224 luania,
1011 2183 1049 2217 in
1074 2183 1201 2228 quibus
1226 2195 1301 2217 non
1323 2181 1390 2216 nisi
1413 2182 1537 2216 inanes

846 2234 981 2270 umbrae
996 2242 1192 2270 versantur.
1209 2234 1333 2280 Virgil.
1350 2234 1434 2268 AEn.
1453 2234 1507 2269 VI
1521 2260 1531 2277 ,

848 2288 912 2338 269
933 2300 942 2323 ε
963 2290 1092 2334 Perque
1117 2290 1234 2323 domos
1257 2289 1354 2322 Ditis
1379 2299 1509 2322 vacuus
1525 2314 1534 2327 ‚

845 2343 880 2374 et
891 2342 1011 2375 inania
1024 2352 1136 2385 regna.
1148 2359 1192 2366 -
1201 2341 1418 2384 RecingHur‚·
1436 2337 1533 2378 domi

849 2393 1016 2428 mulieres
1030 2392 1200 2428 sedebant
1218 2392 1405 2427 discinctae.

890 2448 965 2481 511.
990 2448 1150 2481 Protinus
1176 2448 1329 2481 AEomles
1356 2452 1423 2479 etc.
1446 2444 1530 2478 Jam

847 2498 889 2533 ad
906 2498 972 2533 sab.
989 2498 1101 2544 ipsam
1116 2498 1219 2533 redit.
1237 2497 1369 2545 Hygia.
1386 2497 1454 2531 sab.
1471 2508 1531 2540 Ν,

846 2563 888 2585 ex
914 2550 1084 2596 Euripide
1111 2557 1253 2593 narrat,
1284 2549 1320 2582 in
1341 2548 1530 2584 venatione

847 2603 963 2638 filium
981 2603 1023 2637 ab
1041 2603 1257 2637 Athamante
1278 2615 1351 2637 esse
1368 2602 1536 2637 intersec-

847 2662 934 2691 tum.
962 2655 1067 2700 Apud
1103 2654 1361 2701 Apollodorum
1379 2680 1388 2700 ,
1419 2655 1533 2689 filium

846 2719 910 2754 pro
925 2720 1029 2742 cervo
1044 2706 1159 2742 habet.
1188 2707 1219 2742 A
1240 2708 1371 2744 Nostro
1388 2707 1480 2742 Fast.
1499 2706 1533 2740 d.

846 2759 868 2795 l.
894 2762 1005 2806 imago
1019 2758 1123 2804 falsa
1142 2766 1281 2796 tantum
1304 2770 1532 2796 commemo-
