1832 3100
293 191 1020 239 METAMORPHOSEON
1058 195 1195 240 LIB.
1235 197 1329 241 VI.

1442 197 1523 251 431

106 307 130 329 »
155 285 352 350 Qua-,rite
373 303 517 344 nunc‘,
539 284 705 337 habeat
725 304 857 351 quam
881 297 1036 334 nostra
1057 288 1268 354 superbia
1291 308 1466 338 causam
1485 311 1495 339 :

106 386 130 407 υ»
156 363 318 415 Nescio
342 381 521 430 quoque
545 363 703 413 audete
726 374 863 412 satam
887 362 1097 412 Titanida
1124 365 1233 413 Coeo

1471 382 1532 417 185

105 465 128 486 »
155 443 371 493 Latonam
391 441 596 509 praeferre
616 441 754 500 mihi3
781 441 854 490 cui
875 440 1064 490 maxima
1087 443 1312 508 quondam

105 541 128 562 ι)
153 519 372 584 Exiguam
395 519 544 569 sedem
567 519 775 586 pariturae
799 531 915 568 terra
937 520 1126 584 negavit.

102 620 127 642 »
152 599 245 648 Nec
265 597 373 648 caelo
387 636 400 658 ,
420 618 503 648 nec
526 599 690 657 humo,
715 617 797 647 nec
817 599 945 666 aquis
964 599 1059 648 Dea
1078 610 1220 648 vestra
1239 614 1417 670 recepta
1441 616 1532 654 est:

101 697 127 720 »
152 676 295 727 Exsul
313 689 408 726 erat
427 677 585 726 mundi
603 697 614 736 ;
640 678 782 726 donec
803 678 1010 726 miserata
1032 689 1262 741 vagantem
1276 717 1288 737 ‚

102 776 128 798 s»
152 752 347 822 Hospita
370 766 421 804 tu
445 754 574 804 terris
597 774 741 814 ενι-33,
763 774 845 819 ego
862 793 874 812 ‚
900 754 1036 813 dixit,
1061 754 1108 802 in
1134 755 1291 813 undis;

97 877 249 914 studiose
266 877 503 924 quaesiverunt
522 878 672 914 Veteres
683 905 693 922 ,
711 878 782 914 AEl.

98 929 144 965 V.
161 931 210 966 H.
223 931 296 967 ΧΠ
309 957 319 975 ,
337 931 402 974 36;
419 931 554 967 Gellius
568 932 613 968 N.
627 932 671 966 A.
687 932 757 966 XX
769 957 780 975 ‚

100 995 117 1028 7
134 995 144 1024 ;
167 981 285 1018 schol.
301 982 425 1030 Eur-ip.
442 982 485 1018 ad
495 981 622 1019 Pht'en.
642 983 702 1018 162
716 1010 726 1027 ,
746 991 783 1018 et

97 1046 117 1068 e
131 1035 386 1071 recentioribus
407 1034 540 1082 Cuper.
563 1035 672 1071 Obsv.
699 1036 756 1071 111
770 1063 779 1080 ‚

101 1100 130 1132 7.
145 1087 278 1123 Noster
286 1095 454 1134 sequutus
465 1095 518 1124 est
527 1088 650 1135 Eurip.
663 1088 782 1124 AEsch.

100 1138 279 1186 Aristoph.
290 1139 433 1176 Lasium
447 1166 458 1185 ,
476 1141 536 1186 qui
546 1148 681 1187 septem
693 1141 783 1176 filios

98 1191 319 1239 totidemque
335 1193 422 1229 filias
438 1193 563 1229 Niobae
571 1193 711 1229 dabant.
724 1194 783 1229 Sic

99 1251 136 1280 et
147 1245 330 1293 Hyginus,
346 1245 584 1293 Apollodorus
593 1273 604 1291 ,
616 1254 652 1282 et
663 1246 783 1282 Scho-

98 1298 213 1334 liastes
245 1299 424 1347 Euripidis
444 1327 454 1346 ‚
487 1313 508 1337 e
548 1299 783 1347 Cresphonte.

100 1351 284 1387 Homerus
311 1366 386 1388 non
419 1353 486 1389 nisi
512 1366 571 1389 sex
602 1354 785 1400 utriusque

98 1416 198 1440 sexus
207 1405 568 1450 numerat‚Hesiodus
578 1413 614 1441 et
623 1405 786 1442 AElianus

99 1458 249 1493 omnino
275 1458 400 1505 viginti
414 1485 425 1503 ‚
463 1458 671 1494 Herodotus
698 1459 785 1494 duos

100 1511 189 1547 filios
201 1539 211 1556 ,
232 1519 303 1548 tres
315 1511 415 1548 filias.

140 1566 211 1600 185.
223 1566 348 1600 Nescio
356 1571 552 1611 quoqueetc.
567 1564 663 1600 Cum
671 1564 783 1611 splen-

98 1614 180 1651 dida
207 1628 269 1651 sua
294 1616 438 1652 fortuna
461 1624 641 1662 comparat
668 1617 784 1651 mise-

97 1680 175 1703 ram
202 1668 347 1704 Latonae
365 1676 497 1704 sortem
510 1695 520 1714 ,
547 1668 591 1706 de
609 1682 678 1715 qua
700 1669 784 1704 Ho-

98 1733 185 1757 mer.
198 1720 233 1757 h.
250 1720 364 1767 Apoll.
387 1728 423 1757 et
441 1720 677 1757 Callimachus
689 1721 724 1757 h.
744 1722 782 1756 in

97 1773 227 1821 Delph.
246 1773 581 1810 adeundi.—Nesc1'o
590 1787 715 1821 quoque
724 1788 783 1809 au-

97 1829 181 1864 dete.
202 1827 256 1862 Ita
272 1826 347 1862 haec
365 1826 471 1862 verba
484 1827 653 1862 Heinsius
670 1839 783 1862 cons-

98 1879 194 1915 tituit
224 1879 333 1915 ductu
359 1879 560 1914 Florentini
594 1879 720 1924 optimi
748 1885 783 1914 et

97 1930 194 1966 tertii
207 1930 361 1965 Medicei
373 1956 384 1974 ,
401 1942 555 1976 quorum
569 1929 626 1964 ille
637 1956 647 1974 ,
661 1931 784 1965 Nescio

98 1995 226 2028 quoque
259 1984 375 2017 audile
406 1986 519 2016 salam
535 2008 544 2023 ‚
577 1981 633 2016 hic
658 1983 784 2017 Nescio

99 2047 228 2080 quoque
241 2036 361 2069 audete
372 2038 542 2079 genalam.
558 2033 688 2069 Scabra
703 2033 784 2068 satis

100 2094 184 2123 sunt
202 2087 309 2123 verba
327 2094 363 2122 et
378 2087 487 2130 dura3
505 2086 658 2122 ostendit
676 2087 782 2121 etiam

100 2152 162 2186 que
177 2153 188 2174 .·
204 2139 265 2175 sed
294 2139 435 2175 difficile
456 2147 507 2175 est
529 2166 538 2185 ,
569 2139 644 2175 sine
671 2139 782 2174 MSS.

100 2191 309 2239 adjumento
339 2192 467 2239 aliquid
493 2192 619 2227 melius
649 2191 783 2227 substi—

100 2251 212 2280 tuere.
219 2245 371 2292 Vulgata
379 2244 529 2280 habebat
543 2247 678 2289 Quoque
683 2245 784 2279 modo

97 2300 233 2333 audem*
244 2301 403 2343 genitam.
421 2297 474 2332 Ex
490 2297 554 2332 hac
563 2296 783 2332 emendatio-

97 2362 143 2385 ne
157 2349 298 2385 Heinsii
308 2349 398 2385 ordo
409 2356 445 2384 et
458 2361 580 2384 sensus
591 2349 781 2384 verborum

96 2402 126 2438 is
148 2410 201 2438 est
227 2415 236 2438 :
263 2407 299 2438 et
317 2405 440 2438 audete
469 2404 638 2438 Latonam
668 2404 782 2436 nescio

96 2466 162 2499 quo
174 2453 441 2501 (contemptim)
453 2456 532 2490 Coeo
544 2452 782 2490 satam-Co-

97 2507 164 2542 dex
189 2507 320 2554 Regius
339 2509 371 2544 A
394 2508 500 2543 habet
530 2510 666 2553 Quoque
682 2509 780 2542 modo

97 2562 231 2595 audetis
253 2564 424 2605 gem‘lam‚·
445 2559 567 2596 Codex
583 2561 613 2595 B
629 2587 638 2606 ,
658 2562 782 2595 Nescio

98 2626 225 2658 quoquo
239 2614 360 2647 audete
370 2618 491 2649 salam.
507 2613 627 2649 Lectio
640 2611 780 2647 Codicis

100 2666 133 2700 A
146 2692 156 2710 ,
174 2678 252 2712 quae
269 2673 322 2701 est
340 2665 485 2711 vulgatae
498 2692 507 2710 ,
520 2665 615 2700 haud
627 2666 781 2700 muttum

100 2720 231 2765 placet,
249 2720 310 2755 sed
327 2727 419 2756 recta
430 2727 491 2755 est.
511 2718 632 2754 Codex
645 2719 674 2753 B
687 2730 781 2753 non-

1470 783 1535 820 190

849 877 937 912 nihil
952 878 1057 912 habet
1066 877 1280 913 salebrosum
1295 893 1304 921 ;
1322 886 1356 914 at
1373 881 1468 926 quod
1479 882 1537 917 ha-

847 924 952 965 bebat
966 931 1021 965 vir
1033 930 1087 965 Cl.
1105 932 1233 976 Ganga
1244 959 1253 972 ‚
1271 934 1397 968 Nescio
1411 948 1538 981 quoque

846 985 967 1018 audete
978 986 1143 1028 genitam,
1159 996 1260 1029 grave
1272 985 1447 1020 mendum
1460 995 1511 1022 est
1522 999 1538 1031 ‚·

847 1035 914 1071 hoc
936 1034 1224 1079 emendavimus,
1251 1037 1401 1073 Heinsio
1427 1039 1507 1075 sreti
1527 1054 1536 1076 :

847 1100 928 1123 raro
959 1087 1103 1134 quidem
1128 1088 1275 1133 ponitur
1303 1093 1339 1125 τὲ
1367 1103 1430 1135 que
1459 1101 1538 1138 post

847 1144 962 1176 nescio
971 1144 1068 1186 φαίη
1082 1147 1202 1176 tamen
1216 1154 1326 1186 quum
1336 1156 1410 1178 uno
1422 1151 1537 1180 tractu

848 1193 984 1239 legatur
1006 1197 1120 1228 nescia
1140 1197 1234 1239 quis,
1267 1195 1364 1240 quasi
1382 1196 1538 1242 adjecti-

848 1259 931 1291 vus,
954 1245 1006 1281 nil
1031 1247 1144 1282 obstat
1165 1249 1354 1293 quominus
1375 1249 1538 1286 admittat

849 1305 928 1344 post
958 1302 1033 1344 quis
1065 1299 1119 1335 vel
1146 1313 1209 1345 quo
1231 1301 1438 1346 particulam
1464 1316 1539 1348 que.

850 1350 986 1396 Tanaq.
1000 1350 1127 1395 Faber,
1146 1351 1200 1386 cui
1217 1365 1321 1387 suum
1333 1360 1437 1399 caput
1448 1380 1457 1398 ,
1474 1367 1538 1389 sua

846 1403 954 1438 libido
972 1411 1044 1447 est,
1064 1417 1138 1439 non
1158 1405 1276 1441 timuit
1294 1414 1433 1442 mutare
1452 1415 1536 1443 tex-

848 1464 926 1492 tum
939 1483 948 1501 ,
967 1470 1042 1491 non
1059 1456 1245 1492 infeliciter
1257 1485 1266 1503 ,
1286 1459 1348 1494 sed
1365 1460 1441 1495 sine
1452 1473 1538 1496 auc-

847 1510 988 1546 toritate
1004 1537 1014 1555 ‚
1030 1510 1084 1545 his
1101 1511 1216 1546 verbis
1232 1524 1240 1547 :
1259 1514 1308 1546 Et
1318 1527 1407 1548 nunc
1422 1519 1538 1549 nescio

846 1574 910 1607 quo
923 1565 1072 1606 gcm‘lam
1095 1563 1260 1596 Titanida
1278 1564 1356 1598 Caeo
1366 1566 1538 1600 Latonam

839 1613 996 1658 pra-ferte
1023 1614 1131 1648 mibi!
1160 1613 1227 1648 Ed.
1244 1632 1288 1641 —-
1304 1616 1387 1651 Fuit
1416 1624 1536 1652 autem

850 1667 948 1701 Coeas
963 1679 1056 1702 unus
1072 1680 1113 1702 ex
1123 1667 1308 1704 Titanibus
1319 1696 1329 1713 ‚
1348 1670 1448 1716 cujus
1465 1671 1538 1706 filia

846 1717 982 1753 Latona
994 1732 1012 1753 a
1021 1719 1110 1754 Jove
1122 1732 1320 1766 compressa
1330 1721 1534 1766 Apollinem

845 1769 951 1805 simul
972 1778 1009 1806 et
1033 1771 1190 1806 Dianam
1214 1773 1385 1818 concepit.

895 1823 966 1859 186.
989 1825 1056 1858 Cui
1071 1827 1254 1859 maxima...
1272 1830 1360 1859 terra
1379 1829 1536 1870 negavi&

846 1875 870 1909 J
874 1875 1090 1921 urejurando
1101 1877 1334 1911 obstrinxerat
1345 1877 1369 1911 J
1374 1890 1445 1911 uno
1455 1891 1536 1912 om-

847 1942 911 1964 nes
938 1936 1049 1964 terras
1079 1943 1125 1964 ne
1151 1930 1364 1975 parturienti
1390 1930 1536 1967 Latonae

847 1981 965 2016 locum
983 1981 1223 2018 concederent
1240 1996 1247 2018 :
1266 1983 1366 2018 latuit
1379 1990 1454 2018 tum
1471 1985 1536 2019 sub

847 2035 945 2080 aquis
954 2035 1063 2070 Delos
1080 2036 1193 2071 insula
1207 2063 1216 2080 ,
1235 2049 1341 2082 quam
1352 2050 1535 2083 emergere

847 2089 947 2133 jussit
981 2089 1170 2135 Neptunus
1200 2096 1236 2124 et
1268 2091 1386 2124 locum
1410 2098 1534 2136 partu-

846 2141 951 2176 rienti
966 2142 1121 2188 praebere
1141 2155 1150 2177 z
1174 2141 1253 2176 vide
1268 2143 1359 2177 infra
1376 2156 1453 2189 quae
1471 2142 1535 2177 ad·-

848 2193 899 2229 dit
921 2195 1046 2239 Gz‘erig.
1069 2193 1112 2229 de
1136 2194 1247 2229 insula
1264 2195 1366 2230 Delo.
1387 2198 1453 2231 Ed.
1476 2196 1534 2230 De

846 2246 1025 2281 erroribus
1039 2246 1184 2281 Latonae
1200 2248 1445 2293 parturientis,
1464 2248 1531 2281 vid.

847 2300 998 2335 Homer.
1025 2300 1059 2335 h.
1080 2300 1195 2347 Apoll.
1213 2302 1276 2347 30,
1308 2309 1344 2336 et
1370 2302 1413 2336 de
1440 2302 1534 2336 Delo

846 2357 1006 2388 miserata
1031 2358 1228 2398 vagantem,
1253 2367 1340 2389 vers.
1368 2354 1408 2388 6ι
1429 2367 1503 2400 sqq.
1521 2381 1532 2398 ,

845 2412 882 2440 et
901 2405 1038 2440 Gallim.
1053 2405 1088 2439 h.
1106 2405 1187 2440 Del.
1204 2419 1266 2440 201
1287 2408 1538 2451 sqq-Exsul

845 2459 966 2492 mundi
990 2457 1115 2492 eadem
1142 2459 1277 2505 syntaxi
1296 2484 1305 2502 ,
1321 2470 1325 2478 s
1339 2470 1408 2502 qua
1436 2459 1540 2491 exsul

845 2513 967 2544 mentis
981 2536 991 2552 ,
1015 2509 1186 2554 fugitivus
1211 2513 1306 2553 regni
1337 2516 1401 2545 etc.
1413 2536 1423 2553 ,
1451 2509 1533 2544 vide

846 2561 970 2596 Burm.
987 2561 1151 2596 Graviter
1166 2565 1404 2604 emulmundi,
1419 2575 1531 2608 quum

847 2615 903 2649 alii
930 2620 1070 2649 tantum
1094 2614 1165 2648 sint
1189 2617 1324 2649 exsules
1343 2618 1473 2660 patria.
1487 2633 1532 2640 —·

847 2669 922 2711 Ego
947 2669 983 2700 ιἰι
1005 2669 1115 2700 undis.
1132 2667 1241 2702 Delos
1258 2667 1343 2702 olim
1363 2667 1531 2703 instabilis

849 2720 862 2763 (
877 2718 963 2753 Stat.
983 2717 1094 2754 Achil.
1113 2719 1150 2763 1,
1172 2718 1284 2765 388),
1304 2727 1339 2755 et
1355 2733 1476 2755 errans
1493 2720 1530 2754 in
