1832 3100
311 251 367 295 92

685 235 735 279 P.
777 235 1007 280 OVIDII
1052 235 1357 285 NASONIS

310 325 418 374 Inde
442 325 521 373 ubi
543 325 707 375 libatos
730 327 967 376 irroravere
992 327 1188 393 liquores

309 407 521 455 Vestibus
545 419 587 455 et
610 408 766 474 capiti3
790 409 972 457 flectunt
994 409 1175 471 vestigia
1199 420 1357 457 sanctae

257 475 267 481 .
307 488 381 536 Ad
405 488 588 537 delubra
611 491 714 538 Deae
734 509 744 537 :
766 509 955 555 quorum
978 489 1151 551 fastigia
1174 489 1294 555 turpi

311 569 586 636 Squalebant
607 590 784 628 musco3
811 571 1074 636 stabantque
1098 570 1189 618 sine
1212 570 1393 632 ignibus
1416 588 1511 618 aroe.

311 710 456 746 Obrecti
475 710 596 745 Codex
612 713 695 746 8001
713 736 722 754 ‚
738 712 819 745 Jam
831 713 986 745 nondum.

310 762 411 796 Alter
427 762 513 807 Reg.
532 762 620 796 8000
634 788 643 805 ,
665 763 714 795 Et
727 765 911 796 nondum...
926 763 990 795 sed

299 815 390 858 jam.
411 832 456 839 --
469 814 573 848 Nunc
590 820 706 847 autem
722 816 865 848 nondum
885 816 986 858 liqui-

308 868 387 906 dus,
403 865 566 911 limpidus
576 891 585 909 ,
598 873 671 900 erat
684 891 692 908 ,
707 865 861 899 multum
873 865 985 899 adhuc

308 917 383 951 limi
399 930 517 952 secum
533 917 666 951 serebat
679 931 687 958 ;
705 916 765 951 sed
784 923 898 950 tamen
908 916 985 959 jam

308 970 400 1002 vada
424 973 504 1003 nota
528 971 686 1009 secabat,
721 967 858 1002 alveum
882 980 985 1002 suum

308 1032 428 1053 rursus
442 1019 660 1064 sequebatur.
691 1020 739 1052 Ut
738 1044 810 1052 .......
825 1022 878 1052 sic
894 1025 987 1052 amat

307 1072 437 1106 Noster
448 1084 511 1116 pro
523 1098 533 1115 ‚
552 1072 723 1115 quidem....
739 1073 804 1104 sed
815 1083 824 1104 ,’
842 1071 885 1105 cs.
898 1083 986 1104 vers.

312 1124 396 1165 404,-
415 1123 504 1157 XIV
516 1148 525 1166 ,
545 1124 619 1169 509-
638 1140 682 1149 -—
704 1123 832 1156 Vadunt
845 1148 853 1162 ,
874 1121 987 1156 omnis

308 1173 423 1218 locus,
442 1186 504 1219 per
516 1186 622 1219 quem
639 1186 726 1218 aqua
743 1173 838 1207 vadit
850 1199 860 1217 ‚
879 1173 988 1207 autin

311 1238 380 1270 quo
393 1239 480 1271 aqua
493 1225 694 1260 continetur
707 1251 717 1269 ,
729 1226 826 1268 sons,
840 1232 964 1270 puteus
977 1251 987 1268 ,

310 1278 437 1312 fluvius
448 1304 457 1321 ,
477 1291 573 1312 mare
586 1304 595 1320 ‚
612 1284 671 1311 aut
684 1303 693 1320 ‚
716 1284 756 1310 ut
768 1277 801 1310 h.
817 1277 837 1311 l.
853 1276 987 1311 alveus:

308 1329 387 1363 vide
399 1329 555 1370 Gronov.
568 1328 716 1364 Observ.
730 1328 761 1371 1,
777 1328 990 1374 19.--Sccan-

310 1387 360 1417 tes
371 1410 380 1424 ,
399 1390 583 1427 sequentes
596 1408 605 1425 ,
620 1381 714 1426 quod
726 1380 834 1415 MSS.
847 1379 989 1425 quidam

310 1447 350 1467 ex
367 1434 475 1480 glossa
495 1434 627 1468 habent
642 1443 650 1464 t
665 1445 780 1467 secare
799 1435 888 1466 viam
900 1457 910 1475 ‚
932 1434 989 1466 τέ·-

310 1502 395 1531 μνειν
409 1488 473 1521 ὁδὸν
482 1512 491 1529 ,
505 1486 591 1535 ἀέρας
601 1511 609 1527 ,
623 1486 802 1527 θάλασσαν,
815 1483 989 1518 solemnes

312 1545 494 1583 poetarum
503 1537 693 1572 locutiones
704 1561 713 1580 ,
732 1535 937 1580 metaphora
948 1535 989 1568 ab

313 1596 427 1624 aratro
440 1589 703 1634 petita—Nola,
718 1592 882 1620 consueta
894 1589 992 1618 :nota

314 1641 478 1675 dicuntur
498 1667 508 1684 ,
538 1639 575 1673 in
598 1639 722 1684 quibus
755 1638 842 1672 solet
872 1637 991 1682 aliquis

313 1693 461 1736 versari,
475 1704 615 1727 currere
628 1698 691 1725 etc.
704 1702 712 1724 ε
724 1690 813 1724 infra
826 1690 880 1724 111
889 1715 899 1732 ‚
914 1689 990 1736 239,

314 1750 396 1780 nota
404 1746 516 1790 juga,·
539 1745 663 1779 Horat.
681 1744 698 1778 I
712 1769 722 1787 ‚
751 1742 820 1778 Od.
845 1753 876 1776 11
889 1768 898 1785 ,
928 1754 967 1775 10
981 1767 990 1784 ,

314 1803 396 1833 nota
412 1800 508 1832 sedes
522 1796 781 1838 columbarum
800 1795 908 1829 Mart.
923 1793 990 1838 IV,

316 1852 380 1893 415
395 1877 404 1894 ,
433 1853 522 1884 notis
542 1848 716 1893 fugientia
727 1850 872 1893 flumina
899 1848 992 1889 ripis.

319 1901 499 1936 Caeterum
521 1901 565 1935 ad
580 1900 647 1935 hoc
662 1899 797 1934 flumen
819 1897 904 1932 olim
919 1903 994 1931 erat

319 1953 502 1988 Themidis
518 1952 697 1987 oraculum
716 1965 724 1987 ι
744 1951 842 1986 plin.
874 1951 922 1985 Η.
949 1951 992 1985 Ν.

319 2005 463 2048 XXXI,
480 2018 529 2039 11.
542 2004 638 2038 Hinc
654 2016 743 2049 aqua
759 1999 995 2047 Cephisisati-

318 2059 415 2098 dica,
435 2056 566 2091 Lucan.
583 2056 660 2099 ΙΙΙ,
686 2058 756 2102 175.

363 2109 438 2153 371.
456 2109 538 2142 Inde
553 2111 614 2141 ubi
625 2110 758 2141 libatos.
781 2107 864 2142 Non
882 2106 995 2140 solum

320 2171 414 2193 sacra
426 2158 550 2193 facturi
563 2158 700 2205 (Liv.1,
718 2158 775 2201 45)
788 2183 797 2200 ,
820 2156 880 2191 sed
890 2156 995 2190 etiam

320 2205 493 2256 templum
509 2208 696 2256 ing'ressuri
715 2209 932 2254 (Hippocrat.
952 2209 995 2242 de

323 2263 453 2297 Morbo
471 2275 567 2298 sacro
580 2289 590 2307 ,
613 2276 684 2309 cap.
706 2273 745 2298 1v
759 2288 768 2305 ,
794 2275 868 2308 pag.
891 2262 969 2308 329)
985 2287 994 2305 ,

323 2316 469 2351 lustrare
478 2329 513 2350 se
529 2343 538 2360 ,
553 2318 806 2366 περιῤῥαίνεσθαι,
820 2314 993 2357 solebant,

324 2382 370 2404 ne
383 2370 511 2415 impuri
520 2369 725 2404 accederent
735 2368 776 2403 ad
787 2368 891 2402 Deos.
903 2367 997 2401 Fieri

322 2428 441 2456 autem
452 2421 525 2456 haec
532 2421 687 2456 lustratio
697 2420 826 2456 solebat
836 2432 916 2454 cum
926 2420 997 2454 aliis

321 2473 440 2514 rebus,
460 2481 536 2507 tum
553 2486 642 2518 aqua
654 2500 664 2517 ,
683 2486 759 2518 quae
775 2485 829 2507 ros
844 2479 878 2506 et
898 2475 997 2521 δράσας

322 2524 418 2566 (vide
427 2525 573 2560 Valken.
582 2524 624 2559 ad
633 2524 752 2570 Eurip.
760 2524 865 2570 Hipp.
876 2537 907 2569 p.
919 2537 931 2557 1
938 2524 996 2566 80)

322 2576 500 2611 dicebatur
511 2604 520 2618 ,
538 2578 575 2611 in
592 2577 712 2622 primis
729 2589 816 2620 aqua
833 2576 910 2610 viva
925 2575 995 2610 scil.

323 2628 452 2662 fluviali
466 2629 578 2673 (Virg.
591 2627 731 2663 AEneid.
747 2628 784 2662 II
799 2654 808 2671 ,
826 2641 908 2675 7¹93
924 2627 996 2670 IV,

322 2680 402 2723 635)
414 2707 422 2723 ,
439 2680 518 2725 quia
526 2681 679 2714 sontibus
690 2688 725 2714 et
741 2680 853 2714 fluviis
870 2680 999 2714 saneti-

322 2740 372 2768 tas
389 2734 546 2779 quaedam
564 2734 675 2769 inesse
691 2733 906 2769 credebatur.
923 2734 999 2768 Ne-

1050 725 1118 758 que
1141 725 1225 747 vero
1252 725 1377 748 manus
1401 718 1540 749 tantum
1565 711 1725 748 lavabant

1051 764 1159 811 (Fast.
1180 766 1232 800 lV
1250 791 1259 809 ,
1286 765 1386 811 777),
1413 772 1448 799 et
1470 769 1591 809 caput,
1617 763 1726 811 (infra

1050 817 1143 860 VII,
1164 817 1239 864 189)
1254 843 1262 860 ,
1280 817 1340 852 sed
1358 817 1463 852 etiam
1481 822 1589 852 vestes
1606 829 1617 852 ‚⁶
1643 817 1723 852 Ho-

1050 881 1137 902 mer.
1150 867 1219 903 Od.
1232 875 1269 912 A,
1285 871 1366 916 759,
1379 876 1413 904 et
1426 869 1542 904 Tibul.
1553 869 1590 904 Π
1601 895 1611 912 ,
1624 867 1724 914 Eleg.

1050 931 1077 962 1,
1094 934 1105 953 1
1112 920 1131 952 3
1147 933 1245 963 :pura
1253 933 1327 954 cum
1337 925 1428 955 veste
1438 924 1559 955 venito.
1570 939 1615 946 --
1623 921 1727 954 Liba-

1051 977 1113 1010 tos,
1127 984 1235 1005 manu
1243 972 1364 1006 leviter
1378 972 1527 1007 haustos.
1535 971 1633 1018 Virg.
1642 971 1727 1006 AEn.

1052 1022 1106 1056 Vl
1118 1047 1128 1064 ,
1147 1022 1230 1064 230,
1247 1035 1318 1056 rore
1336 1024 1404 1056 levi
1422 1034 1582 1066 spargens
1605 1024 1727 1056 socios.

1052 1072 1143 1106 Rod.
1157 1086 1163 1107 :
1175 1077 1224 1107 sie
1236 1075 1353 1107 lcostcn
1363 1086 1427 1107 von
1436 1077 1558 1108 seinem
1573 1074 1623 1108 W
1616 1074 1727 1108 asser!

1051 1143 1096 1151 —
1109 1125 1278 1169 Liquores.
1291 1125 1391 1170 Aqua
1405 1124 1520 1160 fluens
1532 1137 1600 1170 qua
1611 1138 1646 1159 se
1656 1124 1729 1159 lus·

1053 1177 1192 1211 trabant
1209 1177 1380 1222 templum
1400 1177 1598 1223 ingressuri.
1616 1179 1684 1212 Ed.

1097 1228 1171 1273 373.
1188 1229 1251 1262 Ad
1262 1230 1408 1263 delubra.
1426 1227 1582 1274 Templis
1596 1228 1729 1274 magni-

1054 1279 1202 1314 ficentiae
1224 1293 1325 1314 causa
1348 1279 1566 1315 addebantur
1578 1279 1730 1323 fastigia

1054 1339 1089 1366 et
1103 1335 1239 1376 gradus.
1262 1332 1317 1367 De
1324 1331 1483 1376 fastigiis
1497 1359 1506 1374 ,
1524 1331 1592 1366 vid.
1607 1331 1651 1366 ad
1668 1331 1705 1367 II
1718 1357 1728 1376 ,

1054 1384 1085 1418 3.
1102 1384 1274 1418 Exornari
1289 1383 1482 1418 admodum
1497 1383 1665 1418 solebant.

1097 1436 1173 1480 374.
1190 1437 1395 1480 Squalebant
1407 1449 1530 1470 musco.
1554 1434 1731 1480 Intelligi-

1055 1493 1113 1521 tur
1129 1494 1247 1521 autem
1263 1499 1396 1521 muscus
1417 1491 1584 1528 mannus,
1609 1488 1706 1521 sucus
1719 1512 1730 1530 ,

1055 1542 1143 1587 βρύον
1167 1540 1338 1574 ,θαλάσσιον
1363 1548 1370 1570 2
1400 1539 1468 1572 vid.
1494 1538 1662 1573 Brodoeus
1687 1537 1732 1571 ad

1057 1590 1235 1635 Theophr.
1248 1589 1360 1624 Plant.
1371 1603 1404 1634 p.
1417 1590 1491 1633 411.
1507 1589 1631 1624 Senec.
1644 1588 1730 1634 Hip.

1060 1642 1140 1684 1041
1156 1640 1263 1675 :tauri
1274 1653 1292 1674 e
1302 1640 1390 1674 mari
1401 1639 1605 1684 prodeuntis
1613 1645 1732 1685 pectus

1055 1705 1169 1727 musco
1185 1696 1299 1726 tenaci
1310 1695 1403 1726 viret.
1416 1709 1460 1717 —
1473 1692 1638 1737 Squalere,
1655 1703 1733 1725 om-

1057 1745 1144 1778 nino
1162 1743 1350 1779 obductum
1370 1756 1442 1778 esse
1460 1755 1468 1777 z
1486 1743 1584 1788 Virg.
1603 1742 1733 1788 Georg.

1058 1797 1123 1840 IV,
1135 1811 1173 1844 9¹
1187 1823 1196 1840 ,
1208 1799 1346 1831 maculoe
1355 1799 1548 1841 squalentes
1557 1809 1649 1830 auro.
1661 1794 1735 1830 Sed

1058 1848 1206 1883 Gesner.
1224 1849 1266 1882 ad
1285 1848 1436 1892 Quintil.
1453 1847 1470 1881 I
1482 1873 1491 1891 ,
1518 1857 1571 1891 11,
1603 1848 1642 1882 18
1661 1847 1732 1882 de-

1057 1901 1170 1936 fendit
1180 1903 1362 1935 Pallebant
1370 1927 1378 1940 ‚
1394 1900 1474 1945 quia
1477 1902 1606 1943 pallere
1615 1911 1735 1934 recon-

1060 1953 1223 1988 ditiorem
1239 1952 1528 1997 significationem
1546 1950 1650 1984 habet
1663 1975 1673 1993 ‚
1695 1957 1735 1985 ut

1059 2007 1165 2041 situm
1182 2006 1333 2049 indicet,
1357 2017 1463 2050 quem
1476 2015 1626 2049 ‚corpora
1641 2015 1736 2038 con·-

1060 2057 1205 2092 trahunt
1221 2070 1240 2091 a
1255 2058 1370 2101 quiete
1384 2082 1394 2100 ,
1411 2056 1560 2090 humore
1576 2054 1736 2090 admisso.

1061 2108 1143 2143 Non
1174 2108 1263 2142 male
1278 2122 1286 2149 ;
1321 2107 1514 2152 praesertim
1545 2119 1655 2152 quum
1683 2113 1737 2141 tot

1064 2159 1177 2195 Codd.
1213 2160 1397 2195 auctoritas
1435 2158 1584 2195 accedat.
1618 2159 1737 2204 Atque

1055 2215 1169 2257 pallor
1177 2212 1283 2246 etiam
1298 2212 1422 2257 plantis
1438 2212 1539 2247 variis
1554 2210 1736 2246 tribuitur:

1062 2265 1159 2309 Virg.
1180 2264 1253 2298 Eel.
1279 2265 1335 2299 111
1347 2290 1356 2307 ,
1381 2264 1445 2310 39,
1461 2265 1560 2297 edera
1574 2264 1709 2306 pallens
1719 2272 1734 2303 ,·

1064 2315 1142 2350 Cul.
1157 2330 1169 2350 1
1176 2318 1216 2359 42
1227 2342 1236 2359 ,
1248 2317 1352 2350 viridi
1350 2317 1481 2359 pallore
1491 2316 1673 2360 corymbos.
1689 2313 1738 2348 Et

1062 2369 1136 2404 haec
1156 2368 1226 2402 duo
1248 2380 1336 2412 saepe
1358 2366 1501 2401 confusa
1517 2371 1599 2400 sunt
1615 2378 1624 2399 ε
1638 2365 1738 2410 Virg.

1062 2419 1203 2454 AEneid.
1214 2419 1305 2453 VIII
1317 2443 1326 2461 ,
1344 2431 1422 2464 197,
1434 2430 1494 2452 ora
1497 2418 1632 2461 pallida
1640 2419 1718 2451 taba
1726 2442 1737 2460 ,

1063 2472 1122 2505 uhi
1141 2484 1231 2504 unus
1246 2472 1433 2514 squallida,
1463 2476 1501 2503 ut
1514 2469 1654 2512 Noster,
1673 2468 1709 2503 ΙΙ
1724 2493 1735 2511 ,

1065 2524 1139 2570 760,
1150 2522 1234 2556 dixit
1249 2524 1435 2566 squalentia
1450 2523 1538 2554 tabo.
1548 2538 1592 2545 —-
1601 2520 1737 2564 Squale-

1063 2578 1152 2608 bant.
1177 2574 1272 2608 Libri
1289 2580 1422 2608 veteres
1439 2578 1639 2607 constanter
1652 2572 1739 2604 Pal-

1062 2629 1177 2660 lebant
1191 2638 1312 2659 musco,
1333 2624 1403 2659 Sed
1421 2624 1571 2658 alterum
1593 2621 1738 2656 retinuit

1065 2678 1352 2714 Heins.-·Nostri
1362 2690 1500 2722 quoque
1511 2674 1623 2710 Codd.
1635 2676 1736 2717 8000,

1065 2733 1149 2766 8001
1167 2757 1178 2775 ,
1202 2733 1402 2775 pallebant:
1424 2728 1540 2764 nescio
1562 2740 1625 2763 eur
1646 2727 1739 2765 hane
