1832 3100
323 279 369 306 12
830 270 1205 315 PRAEFATIO

313 376 459 406 rerum
495 371 651 409 natura
687 361 821 411 habet
836 400 848 422 ‚
876 383 971 430 quae
1010 364 1202 413 hominis
1238 363 1431 413 indolem
1467 365 1691 429 attingunt
1710 385 1720 425 ;

311 465 446 512 eaque
470 458 514 495 et
537 449 693 514 cupide
717 462 762 498 et
777 451 1004 514 ingeniose
1023 470 1130 500 usus
1144 489 1156 509 ,
1174 451 1337 514 insigni
1354 471 1499 501 rerum
1517 453 1721 502 varietate

311 544 442 598 atque
466 535 594 601 copia
617 555 730 602 opus
752 556 882 586 suum
905 539 1096 604 posteris
1112 539 1443 588 commendavit.
1463 540 1585 589 Deos
1605 541 1722 590 enim

309 620 543 689 plerosque
579 643 678 672 cum
707 626 933 674 attributis
969 628 1061 675 suis
1090 627 1162 676 hic
1189 628 1431 695 descriptos
1452 628 1720 695 reperimus,

308 711 433 760 Jovis
453 713 744 778 majestatem,
764 715 949 765 fulmina
965 753 977 774 ,
1003 717 1235 783 imperium
1258 718 1304 766 in
1324 710 1559 777 mundum,
1582 702 1719 776 fui-ta,

308 800 502 848 Junonis
540 801 827 869 zelotypiam,
852 804 1078 871 Apollinis
1115 817 1230 854 artes
1261 817 1304 854 et
1337 825 1527 865 amores,
1552 806 1721 856 Cereris
1770 863 1772 866 v

309 889 461 936 merita
471 887 487 947 ‚'
510 890 723 939 Mercurii
755 892 1048 942 ministerium
1071 906 1116 942 et
1140 906 1362 953 ornatum,
1389 895 1542 943 Dianae
1560 893 1722 943 choros

308 987 352 1023 et
382 977 655 1036 venationeS,
683 980 847 1027 Bacchi
878 981 1084 1040 nomina,
1109 1001 1180 1030 res
1215 993 1358 1045 gestas
1388 994 1432 1030 et
1464 1001 1604 1040 sacra,
1626 981 1722 1030 Mi-

304 1083 445 1112 nervae
459 1065 506 1112 in
518 1067 706 1114 texendo
723 1067 1037 1128 excellentiam,
1053 1071 1233 1118 Latonae
1246 1089 1415 1119 errores
1428 1082 1472 1118 et
1483 1070 1718 1128 vindictas,

305 1152 540 1218 Cupidinis
561 1174 679 1203 arma
702 1168 745 1203 et
766 1157 1031 1222 potentiam,
1055 1158 1260 1221 Plutonis
1280 1159 1514 1224 imperium
1532 1159 1579 1206 in
1597 1158 1712 1207 infe-

303 1259 399 1298 ros,
424 1242 698 1309 Proserpinae
721 1245 832 1304 fata,
857 1248 1136 1313 Neptunum,
1162 1247 1323 1294 Protea
1343 1247 1622 1309 ambiguum,
1640 1262 1718 1295 'ca-

304 1348 466 1378 norum
489 1331 698 1389 Tritona,
725 1334 957 1382 Musarum
975 1347 1126 1383 cantus
1140 1373 1152 1393 ,
1178 1334 1369 1383 Telluris
1391 1334 1584 1393 fructus,
1601 1334 1719 1383 Tisi-

302 1416 475 1482 phones
510 1419 696 1468 formam
733 1433 777 1468 et
813 1428 1050 1479 venenum,
1087 1421 1218 1469 Isidis
1252 1441 1429 1488 quoque
1449 1422 1718 1489 AEgyptiacae

303 1523 523 1571 pompam.
551 1506 779 1555 Prodeunt
799 1508 881 1556 viri
897 1520 940 1556 et
958 1508 1116 1557 heroes
1132 1546 1144 1567 ,
1169 1528 1282 1575 quos
1306 1508 1544 1574 antiquitas
1559 1509 1717 1557 habuit

304 1593 633 1653 celeberrimos,
669 1595 935 1654 Deucalion,
963 1596 1134 1645 Chiron
1151 1633 1162 1654 ,
1191 1595 1473 1662 AEsculapius
1489 1633 1501 1654 ,
1526 1595 1716 1644 Cadmus

304 1701 403 1731 cum
437 1685 556 1742 suis,
593 1684 806 1742 Tiresias,
843 1685 1057 1743 Perseus,
1088 1686 1249 1742 Jason,
1285 1684 1504 1742 Theseus,
1524 1684 1713 1742 ‘Minos,

303 1770 533 1829 Daedalus,
567 1770 894 1837 Triptolemus,
920 1771 1169 1835 Meleager,
1205 1771 1416 1821 Hercules
1432 1809 1444 1830 ‚
1471 1771 1680 1838 Orpheus
1700 1808 1713 1829 ,

302 1858 519 1918 Achilles,
541 1859 743 1926 Ulysses,
769 1860 1042 1926 Pythagoras
1054 1897 1066 1918 ,
1085 1860 1247 1908 AEneas
1259 1897 1270 1918 ,
1288 1859 1507 1908 Romulus
1519 1896 1532 1918 ,
1549 1860 1713 1915 Numa,

305 1967 495 2012 quorum
515 1947 713 1995 omnium
730 1966 798 1995 res
822 1946 1023 2013 plurimae
1047 1959 1091 1996 et
1112 1947 1263 1996 laudes
1287 1959 1363 1995 aut
1380 1948 1557 1995 brevius
1581 1947 1714 1995 attin-

305 2046 472 2097 guntur
484 2072 496 2093 ,
522 2047 598 2083 aut
612 2035 780 2097 ingenii
792 2034 970 2084 flumine
988 2046 1152 2083 ornatae
1167 2033 1453 2100 explicantur.
1470 2035 1709 2090 Notantur,

303 2138 399 2189 quae
417 2123 464 2170 in
479 2123 624 2171 animo
641 2123 834 2172 humano
848 2132 978 2182 sunt,
997 2123 1193 2171 adfectus
1210 2134 1419 2188 paternus
1431 2158 1443 2179 ,
1466 2132 1688 2170 maternus
1699 2158 1711 2178 ,

300 2210 519 2260 fraternus
533 2248 545 2269 ,
565 2211 765 2259 sororius
777 2248 789 2269 ,
809 2230 932 2259 amor
945 2223 1090 2261 castus
1102 2247 1113 2268 ,
1133 2211 1348 2268 incestus,
1367 2208 1622 2266 sceleratus,
1643 2209 1712 2259 sui

300 2300 465 2365 ipsius,
483 2298 624 2348 libido
641 2299 791 2348 furens
805 2336 816 2356 ,
834 2297 983 2364 plures
1003 2297 1170 2346 doloris
1194 2309 1238 2345 et
1261 2296 1406 2345 luctus
1425 2295 1607 2357 gradus,
1633 2294 1712 2343 de-

302 2388 514 2453 speratio,
535 2387 725 2445 insania,
744 2388 829 2445 ira,
851 2386 1090 2435 ulciscendi
1107 2385 1330 2444 studium,
1347 2383 1511 2432 invidia
1527 2420 1538 2441 ‚
1558 2382 1712 2431 crude-

301 2476 415 2534 litas,
435 2477 648 2543 impietas,
669 2477 824 2542 pietas,
845 2476 1109 2534 innocentia,
1130 2473 1401 2540 simplicitas,
1420 2471 1710 2538 hospitalitas,

301 2562 508 2612 mollities
523 2602 534 2622 ,
557 2563 774 2613 fortitudo
785 2602 796 2623 ,
820 2576 913 2612 tum
926 2582 1086 2630 pugnae
1102 2574 1145 2610 et
1163 2560 1378 2609 tumultus
1395 2560 1618 2608 variorum
1635 2559 1711 2606 ad·
1752 2604 1755 2609 .

302 2653 493 2701 fectuum
517 2654 563 2701 in
587 2655 745 2702 animo.
773 2653 901 2702 Adde
926 2653 1071 2701 studia
1089 2651 1344 2709 hominum,
1365 2649 1482 2697 bella
1497 2686 1509 2707 ,
1534 2646 1707 2714 praelia,

302 2741 575 2800 venationes,
611 2752 722 2790 artes
759 2741 1048 2804 (textoriam,
1072 2739 1316 2797 fatidicam,
1346 2738 1584 2796 nauticam,
1616 2735 1710 2802 pis-
