1832 3100
251 279 335 335 342

620 285 672 326 Ρ.
713 284 947 330 OVIDII
977 285 1276 333 NASONIS

250 375 317 421 Ex
343 394 448 422 auro
471 394 616 424 ramos
632 413 643 433 ‚
668 395 718 424 ex
738 395 845 425 auro
864 398 997 444 poma
1022 382 1240 441 tegebant.

254 474 275 493 «
307 452 480 518 Hospes
495 490 506 509 ‚
530 454 592 501 ait
617 454 799 503 Perseus
822 455 915 512 illi,
943 475 1018 504 seu
1041 457 1181 519 gloria
1210 458 1353 521 tangit

252 551 276 572 »
302 531 364 577 Te
391 531 559 592 generis
584 533 727 594 magni
749 552 758 580 :
781 533 950 595 generis
974 534 1083 581 mihi
1104 536 1281 601 Jupiter
1304 548 1482 595 auctor;

253 627 276 647 »
305 605 402 653 Sive
426 625 471 653 es
491 606 671 655 mirator
690 627 834 656 rerum
848 646 860 666 ‚
886 608 1098 659 mirabere
1119 623 1306 660 nostras.

1595 629 1663 675 640

252 705 276 725 ι)
308 684 584 748 Hospitium,
609 686 892 751 requiemque
914 699 1032 752 peto.
1060 710 1081 730 »
1103 689 1280 737 Memor
1299 689 1372 738 ille
1395 702 1576 740 vetustae

253 755 393 808 Sortis
421 773 511 809 erat
537 782 546 809 ε
572 762 752 810 Themis
775 762 889 810 bane
914 763 1089 813 dederat
1115 766 1320 815 Parnasia
1342 779 1533 827 sortem;

253 860 275 880 «
301 839 518 904 Tempus,
544 838 674 895 Aila,
701 839 868 897 veniet,
895 852 971 889 tua
996 861 1085 907 quo
1111 843 1376 909 spoliabitur
1397 864 1504 894 auro

250 937 274 958 >›
304 916 453 963 Arbor
474 937 483 963 :
504 928 548 964 et
570 917 689 965 hunc
713 917 869 983 praedae
892 918 1071 966 titulum
1093 921 1204 968 Jove
1227 933 1358 970 natus
1378 922 1574 972 habebit.
1598 945 1624 967 »
1650 931 1653 933 ’

245 991 295 1040 Id
323 1004 539 1049 metuens,
566 992 722 1042 solidis
746 994 940 1060 pomaria
965 995 1177 1046 clauserat
1197 998 1324 1047 Atlas

1593 1013 1661 1065 ⁶4⁵

248 1070 477 1117 Moenibus
493 1107 504 1126 ‚
527 1081 572 1130 et
593 1082 716 1118 vasto
743 1070 922 1120 dederat
945 1074 1376 1133 servandassraconh

245 1146 525 1211 Arcebatque
548 1146 639 1193 suis
664 1159 867 1195 externos
890 1148 1054 1197 finibus
1079 1170 1242 1199 omnes.

248 1223 364 1270 Hinc
391 1242 594 1289 quoque,
626 1246 647 1265 α
671 1223 792 1271 Vade
818 1225 1002 1290 procul,
1028 1245 1082 1274 ne
1104 1225 1234 1290 longe
1259 1226 1399 1290 gloria
1421 1244 1567 1277 rerum
1584 1266 1597 1288 .,
1636 1243 1638 1246 ’

245 1321 268 1341 »
298 1301 422 1363 Quas
447 1300 665 1358 mentiris,
690 1300 772 1358 ait,
797 1300 929 1364 longe
954 1303 1037 1351 tibi
1058 1304 1234 1370 Jupiter
1253 1305 1382 1353 absit.
1411 1327 1434 1348 »

200 1474 203 1477 ¹
240 1435 324 1469 nulli
347 1435 383 1468 in
404 1434 597 1482 Cyrenaica
611 1462 620 1479 ‚
642 1435 802 1481 Apollod.
827 1436 920 1471 inter

241 1488 506 1534 Hyperboreos,
525 1488 584 1522 sed
597 1489 811 1532 antiquiores
822 1489 856 1522 in
871 1490 920 1523 in-

240 1540 315 1574 sula
340 1538 474 1573 Oceani
501 1539 745 1574 Occidentalis.
776 1541 919 1575 Hesiod.

245 1592 312 1626 Th.
331 1595 413 1634 215,
432 1594 522 1641 πέρην
545 1597 648 1627 Aura>
665 1592 835 1628 'neca-am.
862 1593 921 1627 Sic

241 1651 277 1678 et
293 1641 502 1678 pherecides
522 1655 530 1676 :
547 1642 613 1676 vid.
634 1643 777 1677 Salmas.
801 1644 918 1678 Exer-

238 1696 309 1730 citt.
331 1695 419 1729 Plin.
434 1708 465 1739 p.
484 1706 545 1740 ²⁰7
563 1702 598 1728 et
614 1695 687 1740 671.
705 1712 748 1720 —
762 1696 856 1729 Auro
865 1708 921 1729 m-

239 1749 353 1781 dianle
362 1749 504 1780 virentes
513 1746 677 1790 exquisite
687 1772 696 1788 ,
714 1759 836 1781 aureae.
858 1749 919 1781 Vt·-

240 1813 309 1833 rere
334 1799 422 1832 bene
448 1798 642 1841 delectum,
662 1799 741 1843 quia
760 1806 795 1832 et
813 1800 919 1833 fron-

241 1852 341 1885 dibus
365 1858 400 1885 et
417 1848 562 1884 metallis
579 1857 710 1895 aptum.
736 1850 919 1885 Claudian.

238 1903 398 1940 XXXV,
425 1914 483 1948 ²9¹
504 1913 512 1934 ι
531 1903 707 1944 Fulgentes
731 1904 834 1936 viridi
854 1914 919 1935 ra-

239 1967 310 1987 mos
325 1958 462 1987 curuata
480 1955 624 1987 metallo.
640 1954 734 1986 Aum
750 1954 920 1998 repetitur

238 2007 303 2048 sic,
322 2006 434 2047 ut-II,
464 2017 534 2050 ¹07-
549 2005 707 2039 Frondes
724 2012 763 2039 ut
779 2008 916 2044 vestire,

239 2059 286 2092 ita
307 2059 342 2091 e't
366 2063 472 2101 tegere
493 2057 633 2092 arbores
651 2057 826 2091 dicuntur.
850 2058 918 2092 Alii

239 2123 304 2156 pro
329 2114 470 2144 virentes
493 2110 577 2144 dant
594 2136 603 2153 ‚
629 2124 668 2144 ex
701 2111 918 2156 interpreta—

239 2166 358 2210 tione,
385 2166 526 2196 m'lentes
539 2190 546 2201 ,
574 2170 632 2197 aut
647 2167 819 2199 mit-antes.

283 2217 359 2260 642.
372 2215 427 2249 De
446 2217 615 2249 Themidis
630 2217 768 2250 oraculo
785 2217 861 2251 vide
874 2216 916 2251 ad

240 2269 257 2303 I
271 2294 280 2310 ,
299 2268 371 2302 321.
386 2266 530 2300 Themis
547 2273 663 2300 autem
680 2274 824 2311 cognata
846 2267 916 2301 At-

239 2317 326 2353 lanti
341 2332 348 2357 ς
367 2318 469 2351 ambo
483 2317 578 2351 enim
595 2330 702 2362 genus
713 2317 886 2352 ducebant
897 2331 915 2351 a

242 2371 480 2409 Titanibus.-—
488 2372 642 2405 Tl'lulum,
662 2370 819 2415 gloriam,
827 2370 917 2404 hanc

242 2423 426 2468 gloriosam
435 2421 600 2467 praedam.
615 2422 662 2456 Et
676 2429 842 2456 eventum
860 2422 917 2456 ha-

240 2475 317 2507 buit
338 2474 409 2508 haec
425 2486 521 2515 sors;
546 2485 698 2519 namque
717 2474 886 2508 Hercules
903 2499 913 2516 ‚

241 2529 324 2560 Jove
339 2531 456 2562 natus.
479 2527 536 2563 illa
558 2527 648 2561 mala
668 2527 804 2562 abstulit
821 2554 828 2561 .
847 2526 914 2560 vid.

242 2579 293 2613 IX
312 2605 321 2621 ,
354 2591 423 2624 ¹90·
450 2596 494 2605 -·
514 2581 683 2613 Illa-nibus
699 2593 739 2613 ex
761 2592 832 2613 uno
852 2592 915 2614 suo

240 2636 334 2664 recte
351 2630 497 2664 mutavit
519 2630 686 2665 Ciosanus
703 2644 767 2676 pro
786 2635 914 2666 monti—

241 2683 318 2717 bus,
338 2681 430 2725 quod
442 2682 525 2715 olim
536 2681 712 2716 edebatur.
726 2684 827 2717 Hanc
840 2696 915 2717 mu-

239 2731 408 2766 tationem
425 2740 542 2777 postea
559 2733 674 2778 plures
691 2733 826 2768 Heinsii
841 2733 914 2767 Co-

239 2781 330 2816 dices
342 2808 352 2826 ,
368 2782 405 2818 in
418 2783 540 2828 quibus
553 2785 673 2819 tertius
687 2784 865 2819 Mediceus
878 2791 913 2819 et

985 1445 1132 1484 uterque
1146 1436 1368 1474 Ersurtensis·.
1379 1439 1567 1486 Schepper.
1579 1452 1660 1475 con-

985 1491 1133 1535 jecturat
1155 1491 1298 1526 molibus
1314 1519 1322 1532 ‚
1351 1498 1495 1537 propter
1520 1504 1662 1528 versum

987 1555 1059 1586 772.
1079 1543 1197 1577 Nostri
1215 1544 1315 1588 Regii
1332 1543 1463 1578 habent
1483 1539 1661 1579 montibus.

985 1611 1028 1618 —
1041 1594 1110 1627 Per
1123 1599 1245 1628 rna-nia
1260 1595 1486 1629 Burmannus
1501 1594 1662 1640 intelligit

985 1651 1140 1687 montes,
1154 1645 1211 1689 qui
1223 1646 1409 1679 munimen
1426 1646 1659 1690 praestiterint.

985 1694 1107 1728 Fuerit
1129 1708 1211 1729 sane
1236 1695 1334 1730 Atlas
1356 1696 1518 1730 immanis
1542 1696 1633 1741 gigas
1647 1722 1658 1739 ,

983 1747 1010 1780 si
1023 1755 1160 1782 montes
1172 1748 1401 1789 transtulerit,
1415 1748 1523 1794 iisque
1537 1761 1661 1794 poma-

983 1799 1034 1833 ria
1044 1799 1203 1834 clauserit
1215 1801 1221 1834 l
1242 1801 1316 1835 Nee
1328 1800 1510 1845 quisquam
1522 1807 1660 1836 montes

983 1852 1080 1886 facile
1096 1852 1219 1887 dixerit
1234 1856 1371 1889 solidos.
1384 1854 1440 1889 De
1452 1852 1661 1889 oedificiisle·

985 1904 1093 1949 gitur,
1112 1905 1168 1939 ἸΙΙ
1182 1930 1191 1947 ,
1208 1905 1282 1951 696.
1299 1906 1468 1940 —Dtaco
1477 1905 1533 1940 ille
1546 1905 1659 1940 dietus

984 1962 1036 1990 est
1053 1955 1183 1989 Ladon.
1204 1956 1364 2001 Apollon.
1383 1955 1451 1990 Rh.
1469 1957 1544 1999 IV,
1567 1956 1660 2003 1³96.

1028 2007 1102 2050 648.
1117 2009 1219 2041 Hinc.
1236 2007 1357 2042 Nostri
1374 2006 1496 2052 Regii,
1513 2009 1602 2041 buck.
1617 2023 1661 2032 --

984 2060 1097 2102 longe
1112 2071 1186 2093 esse
1207 2066 1267 2094 aut
1282 2062 1399 2094 abesse
1413 2059 1512 2094 nobis
1527 2059 1660 2094 dicun·-

983 2118 1054 2154 tur,
1066 2123 1141 2156 quae
1156 2111 1255 2145 nobis
1271 2111 1357 2145 nihil
1375 2118 1532 2156 prosimu
1542 2111 1658 2147 Tibul.

983 2163 1000 2197 I
1013 2188 1022 2204 ‚
1041 2174 1077 2206 v,
1095 2177 1113 2196 α
1136 2176 1144 2197 :
1166 2163 1219 2196 At
1231 2164 1317 2196 mihi
1334 2176 1422 2197 nunc
1439 2165 1537 2208 longe
1549 2165 1660 2207 storia

973 2215 1080 2259 fhrlis
1089 2217 1194 2250 abest.
1210 2217 1262 2250 Ut
1274 2216 1319 2250 ibi
1333 2215 1572 2260 glort'afhrltk,
1590 2227 1660 2261 qua

982 2280 1017 2301 se
1029 2267 1156 2301 sortem
1169 2267 1391 2311 gloriabatur,
1399 2266 1446 2301 sic
1452 2266 1658 2311 nuncfhdt'a

982 2321 1089 2357 dicta,
1119 2320 1243 2364 quibus
1263 2331 1299 2352 se
1323 2319 1475 2362 sortem,
1503 2318 1658 2364 intrepi—

982 2370 1067 2404 dum
1078 2396 1088 2414 ,
1106 2370 1319 2413 declarabat,
1333 2369 1488 2414 adeoque
1500 2369 1658 2404 minacia.

982 2422 1072 2456 Plin.
1091 2422 1145 2465 V,
1175 2422 1239 2466 Ep.
1263 2431 1334 2464 XX,
1363 2433 1422 2465 17,
1450 2433 1518 2455 vox
1537 2434 1657 2465 parum

970 2475 1086 2518 sorl1‘s.
1100 2475 1210 2509 Paulo
1220 2481 1309 2520 post,
1322 2487 1385 2519 pro
1391 2478 1514 2519 gratia,
1534 2473 1656 2509 Ciosa-

980 2540 1046 2561 nus
1059 2553 1068 2569 ,
1089 2540 1129 2561 ex
1147 2527 1225 2561 MS.
1241 2526 1418 2561 Dominic-
1434 2526 1577 2572 protulit
1587 2529 1657 2570 glo·

979 2582 1039 2612 ria.
1056 2577 1096 2612 Id
1113 2584 1292 2623 receptum
1311 2590 1330 2611 a
1347 2578 1458 2623 Regio
1476 2588 1512 2612 se
1529 2577 1656 2622 proba-

979 2629 1029 2662 vit
1039 2635 1074 2663 et
1084 2629 1222 2663 Lenzio.
1243 2629 1319 2675 Ego
1333 2629 1483 2663 alterum
1498 2629 1633 2662 retineo
1643 2653 1652 2670 ,

980 2680 1059 2725 quia
1073 2683 1182 2724 gloria
1196 2681 1245 2715 bis
1263 2680 1442 2726 praecessit.
1470 2679 1651 2724 Quoniam

980 2740 1017 2766 tu
1037 2745 1109 2767 non
1128 2746 1227 2767 curas
1244 2745 1358 2766 meam
1375 2732 1519 2777 gratiam
1538 2730 1625 2765 inire
1638 2755 1648 2773 ,

979 2797 1043 2830 ego
1058 2811 1068 2829 ,
1085 2798 1214 2820 munere
1231 2785 1311 2819 dato
1325 2810 1335 2829 ,
1355 2790 1453 2819 tuam
1469 2782 1576 2818 inibo.
