1832 3100
347 261 1032 312 METAMORPHOSEON
1064 262 1194 306 LIB.
1234 263 1304 307 II.

1465 262 1546 322 139

126 361 324 428 AEquora
348 360 538 418 calm-at,
562 354 729 408 medias
752 356 973 422 cingentia
995 367 1154 414 terras,

124 441 447 506 Terrarumque
472 438 650 496 orbem,
674 436 915 503 caelumque
929 473 941 494 ‚
968 435 1089 502 quod
1111 434 1313 483 imminet
1333 435 1446 484 orbi.

127 516 347 567 Caeruleos
368 516 504 565 habet
529 515 649 564 unda
671 514 813 572 Deos;
837 514 1022 562 Tritona
1043 531 1250 561 canorum
1264 549 1276 570 ,

125 594 374 661 Proteaque
396 594 677 656 ambiguum,
700 591 1056 658 balaenarumque
1080 599 1350 657 prementem

78 691 80 693 ·
126 671 339 736 AEgaeona
362 671 454 721 suis
475 671 682 721 immania
705 683 828 734 terga
851 669 1046 728 lacertis,
1512 689 1549 711 lo

124 749 382 817 Doridaque
397 786 409 807 ‚
432 759 476 796 et
498 760 622 797 natas
646 768 656 797 :
684 767 870 816 quarum
890 766 993 815 pars
1015 765 1119 795 nare
1138 744 1363 802 videntur,

124 829 234 878 Pars
256 827 303 876 in
322 826 441 876 mole
462 826 620 876 sedens
643 826 806 876 virides
830 827 992 875 siccare
1019 824 1203 892 capillos
1223 844 1234 883 ;

125 906 252 955 Pisce
275 904 375 954 vehi
396 904 596 972 quaedam
620 924 630 953 :
655 903 788 954 facies
809 923 905 953 non
929 903 1138 953 omnibus
1160 922 1275 961 una,

94 980 96 983 ¹
123 984 217 1032 Nec
240 983 407 1032 diversa
431 994 603 1040 tamen3
629 981 802 1048 qualem
826 982 951 1032 decet
974 1001 1068 1032 esse
1092 1000 1308 1030 sororum.

124 1062 263 1130 Terra
282 1060 424 1119 viros,
446 1060 670 1127 urbesque
694 1060 831 1123 gerit,
859 1059 1099 1126 silvasque,
1124 1059 1348 1126 ferasque,
1517 1072 1554 1104 15

167 1166 200 1200 ὃ.
215 1167 364 1211 AEquora
378 1166 525 1200 celarat.
544 1164 568 1199 J
571 1176 628 1199 am
650 1169 810 1199 recenset

125 1226 377 1264 argumentum
390 1218 532 1254 illorum
546 1218 809 1253 emblematum.

127 1270 262 1306 Omnia
278 1269 410 1316 repleta
424 1277 526 1304 erant
542 1269 787 1304 animantibus.

173 1337 202 1368 7.
223 1324 325 1366 Quod
329 1325 479 1356 Imminet
487 1324 568 1356 orbi.
583 1321 738 1358 Nomine
751 1323 809 1355 or-

125 1374 191 1418 bis,
202 1374 260 1411 hie
269 1387 351 1420 cape
369 1386 500 1418 aerem,
511 1380 654 1416 terram,
668 1386 806 1418 aquam,

127 1439 281 1474 quorum
296 1426 393 1462 velut
409 1432 543 1462 tectum
562 1425 740 1471 quoddam
757 1431 808 1460 est

127 1480 262 1516 caelum.
278 1480 346 1514 Ed.

170 1533 202 1567 8.
238 1532 379 1570 Tritona
410 1541 569 1564 canorum
581 1555 591 1573 ,
624 1535 676 1563 est
710 1528 808 1563 enim

126 1584 267 1620 tubicen
284 1581 441 1628 Neptuni
459 1594 468 1616 :
485 1581 564 1616 vide
582 1580 623 1616 ad
642 1582 659 1616 1
671 1607 680 1625 ,
699 1581 774 1616 333.

168 1649 202 1684 9.
217 1637 401 1680 Proteaque
408 1636 609 1679 ambiguum.
618 1633 674 1668 De
686 1635 808 1668 Proteo

123 1690 220 1726 loeus
241 1688 367 1725 classic.
384 1694 437 1723 est
454 1687 552 1734 Virg.
575 1687 704 1734 Georg.
728 1687 782 1722 lv
795 1713 806 1731 ‚

125 1743 294 1790 387—450.
311 1741 400 1777 Erat
419 1747 538 1776 autem
553 1742 694 1776 Pmteus
712 1746 808 1775 vates

124 1809 232 1831 senex
243 1802 278 1831 et
289 1794 388 1830 Deus
401 1793 559 1829 marinus
569 1820 578 1838 ,
595 1793 652 1828 cui
669 1793 809 1837 Neptu-

126 1861 195 1884 nus
204 1859 325 1884 curam
337 1852 582 1882 armentorum
594 1857 739 1880 suorum
752 1870 762 1888 ,
772 1844 808 1879 h.

126 1914 158 1936 e.
173 1907 417 1936 monstrorum
434 1898 656 1935 marinorum
668 1923 678 1941 ,
699 1896 810 1932 tradi—

126 1952 237 1989 derat.
260 1953 481 1997 Ambiguum,
506 1957 706 1986 mutantem
723 1949 810 1985 vul-

127 2013 200 2048 tus,
219 2013 259 2041 ut
273 2018 356 2041 eum
372 2010 472 2040 vo'cat
487 2004 614 2039 Horat.
631 2004 648 2038 1
662 2030 671 2048 ,
692 2003 758 2049 Ep.
774 2013 808 2047 1,

128 2071 184 2107 9⁰·
213 2058 336 2094 Varias
363 2057 461 2092 enim
483 2057 613 2092 formas
641 2056 810 2091 inducere

129 2112 261 2148 solebat
276 2112 427 2147 Pmteus
439 2137 449 2155 ,
474 2111 522 2146 ita
538 2117 578 2144 ut
596 2109 704 2145 modo
727 2121 811 2154 aper

129 2172 240 2210 esset,
259 2164 369 2200 modo
385 2164 511 2208 arbor,
530 2176 612 2198 mox
626 2163 663 2198 in
682 2175 810 2208 aquam

128 2231 165 2254 se
186 2223 414 2261 extenuaret,
445 2225 527 2251 mox
548 2217 637 2262 ignis
658 2215 809 2262 speciem

129 2276 286 2307 sumeret
300 2296 310 2314 ,
340 2269 384 2305 cs.
407 2269 522 2313 VIII,
552 2269 615 2315 73²
644 2281 718 2314 sqq.
749 2268 811 2303 ubi

129 2324 205 2370 ejus
247 2321 398 2358 fictionis
436 2334 576 2357 causam
619 2320 809 2356 attulimus.

134 2375 364 2420 Transsormis
378 2381 524 2410 vocatur
540 2375 631 2410 Fast.
646 2375 663 2410 Ι
676 2401 685 2419 ,
703 2375 779 2422 373.

177 2441 227 2463 ιο.
235 2431 406 2473 AEgaeona.
419 2427 687 2472 EtiamAEgoeon,
703 2440 811 2473 quem

127 2479 188 2515 Dii
203 2481 379 2515 Briareum
393 2480 576 2524 vocabant,
593 2479 691 2514 Deus
701 2479 810 2514 mari-

129 2545 213 2576 nus,
232 2531 390 2578 Neptuni
406 2530 459 2566 vel
475 2531 566 2567 filius
577 2558 587 2576 ‚
604 2532 658 2567 vel
674 2545 809 2567 secun—

130 2584 217 2620 dum
227 2582 372 2619 Hesiod.
386 2583 522 2630 Theog.
531 2585 569 2619 81
576 2598 592 2630 7
601 2597 675 2630 sqq.
686 2597 807 2631 gener,

130 2636 191 2685 sed
214 2642 311 2683 patre
330 2635 477 2678 sortior3
505 2635 599 2671 unde
617 2636 648 2671 ei
664 2643 809 2672 centum

129 2688 269 2725 brachia
283 2715 293 2734 ,
313 2688 351 2723 in
368 2688 494 2734 quibus
508 2687 608 2723 sedes
624 2688 810 2723 fortitudi-

131 2741 208 2786 nis,
226 2740 432 2777 tribuuntur
449 2754 457 2775 :
478 2740 558 2775 vide
576 2741 685 2775 Hom.
703 2741 743 2776 Il.
759 2746 807 2784 A,

133 2795 197 2839 402
224 2806 297 2840 sqq.
331 2793 402 2830 Sed
427 2793 550 2839 virgit.
585 2793 724 2830 AEneid.
752 2794 809 2838 X,

875 1164 963 1208 565,
997 1176 1080 1198 eum
1104 1163 1246 1198 videtur
1269 1163 1364 1197 inter
1387 1160 1555 1207 Gigantas

874 1216 1042 1251 retulisse.
1066 1218 1218 1250 Premere
1242 1214 1391 1250 omnino
1412 1211 1555 1259 quidem

874 1275 926 1303 est
940 1268 1090 1303 insidere
1108 1282 1116 1310 ;
1132 1266 1192 1302 sed
1208 1280 1306 1302 nunc
1318 1294 1327 1311 ‚
1345 1266 1404 1300 ubi
1419 1268 1556 1300 lacertu

876 1321 1017 1355 additur
1028 1347 1037 1363 ,
1058 1320 1179 1354 malim
1193 1319 1234 1354 ad
1252 1318 1410 1353 habitum
1426 1317 1556 1352 anima-

874 1372 962 1407 libus
971 1371 1201 1407 insidentium
1209 1371 1353 1411 reserre‚
1370 1382 1482 1415 quum
1492 1368 1555 1403 de—

875 1425 986 1460 missis
994 1424 1143 1459 brachiis
1154 1431 1383 1469 tergaeorum
1393 1429 1451 1457 tan
1456 1429 1555 1468 gunt,

874 1485 915 1514 ut
930 1479 1022 1514 infra
1045 1478 1111 1523 874
1134 1477 1278 1524 Europa
1294 1476 1439 1512 dorsum
1456 1477 1557 1511 tauri.

923 1547 972 1568 11.
995 1534 1121 1576 Don's,
1152 1531 1222 1567 filia
1240 1531 1376 1567 Oceani
1390 1557 1400 1575 ,
1428 1531 1557 1575 conjux

875 1585 1003 1630 Nerei,
1020 1592 1134 1620 mater
1157 1583 1412 1630 quinquaginta
1433 1583 1554 1629 Nym-

874 1637 1025 1684 pharum
1039 1664 1048 1682 ,
1067 1649 1144 1683 quae
1161 1650 1180 1671 a
1196 1643 1295 1682 patre
1312 1634 1482 1670 Nereides
1495 1634 1557 1668 di-

851 1734 858 1742 *
874 1698 1022 1727 cuntur:
1035 1689 1180 1726 Hesiod.
1192 1689 1327 1735 Theog.
1342 1689 1408 1733 240
1420 1702 1429 1730 ;
1441 1687 1556 1734 Orph.

876 1743 1012 1791 Hymn.
1023 1743 1129 1777 23.-
1139 1744 1229 1777 Nare
1244 1743 1413 1781 videntur,
1432 1746 1559 1774 nantes

874 1801 1136 1831 cernuntur.—-
1154 1796 1323 1829 Videntur.
1343 1791 1458 1828 Codd.
1470 1804 1556 1826 nos—

874 1847 921 1882 tri
934 1849 1075 1883 videtur.
1092 1847 1298 1891 Utrumque
1314 1846 1417 1880 bene.

923 1914 971 1934 12.
989 1901 1109 1940 Moles,
1132 1899 1303 1944 scopulus.
1316 1897 1422 1931 Unus
1432 1895 1556 1931 Heius.

873 1967 963 1998 rupe.
976 1953 1096 1989 Nostri
1114 1950 1229 1987 Codd.
1246 1954 1342 1986 mole.
1361 1969 1407 1976 —
1425 1951 1559 1985 Siccate

875 2009 1017 2050 capillos
1031 2005 1188 2041 solemne
1200 2003 1384 2049 negotium
1394 2001 1558 2037 Deorum

875 2055 1416 2102 marinorum‚quemadmodum
1424 2054 1480 2090 alii
1486 2056 1558 2090 otio

875 2110 1094 2145 abundantes
1102 2121 1242 2145 comam
1253 2115 1392 2144 ornant.
1404 2108 1558 2154 Singulis

875 2176 972 2200 nunc
982 2163 1071 2199 actio
1081 2162 1242 2209 quaedam
1250 2162 1428 2198 tribuitur.
1437 2179 1482 2189 --
1497 2163 1558 2197 Vi-

873 2220 963 2253 rl'des
971 2220 1146 2253 Nereidum
1156 2230 1258 2252 coma
1269 2216 1376 2251 etiam
1385 2216 1475 2251 Hor.
1487 2215 1555 2256 111,

875 2270 947 2306 Od.
959 2281 1081 2305 xxvnr
1094 2296 1104 2314 ,
1125 2283 1176 2304 10.
1189 2270 1378 2315 Neptunus
1388 2273 1556 2313 κυανοχαί-

874 2339 929 2364 της
950 2322 1042 2369 apud
1063 2322 1205 2358 Graecos
1221 2335 1230 2356 ι
1245 2321 1314 2358 vid.
1330 2321 1373 2356 ad
1396 2321 1413 2356 1
1427 2347 1436 2365 ,
1465 2321 1529 2366 275
1547 2346 1555 2358 ,

875 2375 935 2411 ubi
951 2382 1098 2410 vocatur
1120 2377 1299 2411 Caeruleus.

922 2427 971 2462 13.
987 2429 1098 2462 Pisce.
1114 2426 1272 2462 Gronov.
1289 2425 1383 2469 coni.
1394 2427 1559 2469 prisia-

874 2480 994 2522 Pisce,
1018 2479 1140 2514 belluis
1155 2477 1300 2514 marinis
1310 2503 1321 2521 ‚
1337 2475 1512 2522 delphinis
1522 2475 1557 2510 in

875 2531 1008 2577 primis,
1021 2531 1101 2566 vehi
1117 2530 1277 2566 solebant
1289 2528 1460 2564 Nereides
1472 2541 1480 2563 :
1490 2527 1561 2565 vid.

875 2584 918 2619 ad
931 2584 983 2618 XI
998 2610 1008 2628 ,
1027 2583 1100 2629 237.
1110 2584 1284 2617 —Facies
1293 2588 1357 2617 etc.
1372 2582 1558 2628 Ingeniose

876 2644 912 2672 et
931 2636 968 2671 in
985 2634 1127 2670 laudem
1144 2634 1293 2671 artificis.
1313 2633 1496 2670 Claudian.
1513 2647 1557 2677 x,

879 2701 915 2733 72
929 2714 939 2732 ,
956 2687 1000 2722 de
1019 2687 1210 2723 Amoribus
1222 2686 1466 2732 :'me'llefiatres
1477 2714 1486 2729 ,
1505 2700 1560 2722 ore

869 2753 972 2786 pares
981 2768 989 2782 ,
1010 2743 1138 2776 stmiles
1153 2743 1280 2776 habim.

924 2796 972 2830 15.
994 2795 1104 2829 Viros.
1120 2793 1296 2830 Homines
1308 2796 1428 2839 tectu,
1442 2792 1561 2827 habet.
