1832 3100
277 200 364 243 530

639 203 692 246 P.
728 204 968 251 OVIDII
1003 205 1301 252 NASONIS

341 293 465 341 VIII.
485 292 674 343 Talibus
697 308 828 363 atque
853 297 948 346 aliis
973 297 1159 361 longum
1181 300 1460 350 sermonibus
1484 302 1551 351 illi
1595 326 1598 330 ·

273 369 514 437 Implevere
539 371 655 421 diem
674 393 685 421 ε
706 373 817 423 lucis
838 394 943 441 pars
962 374 1120 424 ultima
1141 395 1302 425 mensae

272 449 357 496 Est
381 448 505 506 data;
529 467 621 497 nox
643 450 811 500 somnis
831 470 841 498 z
858 451 992 516 jubar
1015 471 1172 502 aureus
1195 453 1409 503 extulerat
1434 455 1528 515 sol;

270 525 431 574 Flahat
456 525 598 574 adhuc
619 528 767 575 Eurus
781 564 794 585 ‚
816 528 1098 595 redituraque
1120 529 1215 578 vela
1238 531 1429 580 tenebat.

270 602 342 650 Ad
365 603 611 670 Cephalum
634 603 831 654 Pallante
852 605 933 653 sati
949 642 960 663 ‚
985 605 1056 654 cui
1082 605 1293 668 grandior
1311 618 1415 655 aetas
1431 645 1444 666 ‚

1627 623 1694 658 665

271 679 344 727 Ad
366 699 513 743 regem
535 681 758 747 Cephalus
771 719 783 739 ‚
804 681 936 730 simul
957 693 1002 730 et
1025 681 1224 731 Pallante
1249 683 1383 732 creati

271 762 584 811 Conveniunt:
607 763 684 811 sed
705 763 850 811 adhuc
871 782 1019 827 regem
1042 782 1179 830 sopor
1202 763 1317 812 altus
1340 763 1545 813 habebat.
1569 813 1575 820 ,

269 843 448 910 Excipit
470 843 673 892 AEacides
697 843 805 892 illos«
821 844 868 891 in
891 843 1044 894 limine
1067 845 1249 893 Phocus
1270 866 1280 893 :

267 927 380 975 Nam
400 925 615 975 Telamon
629 964 640 984 ‚
664 926 885 992 fraterque
903 964 915 984 ‚
937 926 1058 975 viros
1082 926 1137 974 ad
1157 925 1276 975 bella
1298 925 1517 990 legebant.

269 1007 447 1056 Phocus
468 1008 518 1055 in
541 1009 727 1056 interius
751 1009 942 1075 spatium
958 1046 970 1067 ,
996 1006 1298 1075 pulchrosque
1321 1028 1519 1058 recessus

1630 1023 1698 1071 6³70

273 1089 544 1156 Cecropidas
567 1089 718 1149 ducit,
744 1109 844 1138 cum
870 1090 969 1156 quis
990 1089 1121 1138 simul
1139 1091 1234 1157 ipse
1260 1090 1437 1140 resedit.

269 1171 479 1238 Adspicit
501 1170 712 1220 AEoliden
732 1171 887 1234 ignota
909 1191 961 1220 ex
985 1172 1143 1222 arbore
1166 1172 1332 1222 factum

307 1315 477 1350 661—865.
491 1316 659 1358 Cephalus
669 1319 704 1349 et
713 1311 859 1350 Procris.
874 1314 949 1350 Ce-

266 1367 387 1413 phalus
410 1379 521 1412 quum
545 1367 587 1400 ab
612 1367 753 1402 Aurora
776 1367 947 1412 impulsus

267 1419 426 1464 conjugis
439 1445 448 1462 ,
475 1420 590 1463 ipsum
607 1431 681 1453 non
699 1419 918 1464 agnoscentis
937 1445 945 1462 ‚

266 1469 469 1514 pudicitiam
486 1476 522 1504 et
546 1476 713 1503 tentasset
737 1476 773 1503 et
792 1469 949 1503 labefac-

267 1527 372 1556 tasset
386 1547 395 1564 ,
414 1521 471 1555 illa
483 1547 492 1565 ,
510 1520 645 1566 pudore
661 1522 790 1555 suffusa
807 1520 895 1565 sugit
911 1521 949 1555 in

267 1572 384 1615 silvas,
404 1571 485 1605 inde
503 1584 642 1605 reversa
663 1570 819 1616 Cephalo
837 1571 948 1606 donat

268 1636 393 1658 canem
411 1630 447 1657 et
468 1623 633 1668 jaculum.
662 1622 769 1656 Canis
790 1630 950 1657 mutatur

268 1677 304 1710 in
320 1688 439 1711 saxum
455 1690 463 1717 ;
484 1675 597 1720 jaculo
615 1674 791 1719 Cephalus
809 1675 949 1719 impru-

269 1728 357 1763 dens
365 1727 532 1762 interficit
543 1726 702 1761 Procrin.
718 1726 862 1761 Confer.
876 1726 948 1760 An·

270 1780 414 1814 touinus
435 1777 620 1821 Liberalis,
635 1790 707 1823 cap.
719 1791 758 1811 21
775 1792 784 1819 3
803 1777 950 1822 Apollo-

272 1833 398 1875 dorus,
417 1831 474 1874 ΙΙ,
493 1842 545 1874 lv,
564 1845 603 1876 7;
623 1830 699 1874 III,
717 1841 787 1874 xv,
809 1831 951 1877 13Hy-

274 1885 375 1930 ginus
388 1910 398 1927 ‚
426 1883 541 1917 sabula
562 1883 622 1930 189
636 1908 646 1925 ,
673 1885 732 1926 241
750 1897 758 1924 ;
785 1881 926 1918 Servius
939 1909 949 1927 ,

273 1936 316 1970 ad
336 1934 477 1970 AEneid.
500 1934 555 1969 VI
576 1960 586 1977 ,
616 1935 679 1977 448
700 1949 708 1975 ;
736 1934 922 1969 Pausanias
939 1961 949 1979 ,

276 1989 380 2023 Attic.
400 2002 431 2033 p.
445 2001 484 2035 9¹
502 2002 511 2029 ;
537 1987 650 2021 Boeot.
669 2001 700 2032 p.
722 1987 792 2032 746.
810 1987 949 2022 Narra·-

271 2047 369 2074 verat
380 2048 432 2079 et,
448 2046 486 2073 ut
502 2052 521 2072 e
537 2037 652 2073 Schol.
668 2037 711 2072 ad
723 2037 850 2081 Od.A,
863 2039 947 2081 320,

273 2099 414 2139 apparet
427 2118 436 2134 ‚
452 2090 672 2137 Pherecydes
681 2116 690 2133 ,
702 2103 854 2135 quocum
865 2090 949 2125 Ovi-

276 2144 353 2179 dius
367 2145 440 2177 sere
457 2142 641 2177 consentit.
662 2142 825 2176 Exstabat
845 2142 951 2176 etiam

276 2195 456 2241 Sophoclis
473 2195 621 2229 Procris.
649 2195 778 2229 Noster
797 2195 949 2229 fabulam

273 2248 397 2283 decore
410 2274 419 2291 ‚
435 2247 694 2293 diligentissime
707 2254 742 2280 et
751 2248 947 2283 suavissime

273 2300 436 2334 narravit.
455 2317 500 2323 —
524 2300 700 2342 Implevere
723 2301 828 2339 diem,
854 2311 948 2332 con-

270 2358 494 2396 sumpserunt
519 2364 527 2384 :
556 2356 671 2384 totum
698 2350 792 2384 diem
807 2377 815 2390 ,
842 2363 948 2395 quam

271 2402 394 2448 longus
411 2409 461 2437 est
474 2428 483 2445 ,
507 2402 544 2435 in
560 2402 613 2436 his
630 2409 666 2436 et
681 2401 848 2436 similibus
865 2415 947 2435 ser-

272 2452 436 2487 monibus
451 2460 705 2498 transegerunt.
727 2455 792 2486 Ed.
807 2470 850 2478 -—
861 2455 948 2486 Pars

272 2507 389 2538 ultima
400 2516 412 2545 ‚·
433 2505 533 2549 Regii
546 2505 656 2539 nostri
668 2512 703 2539 et
717 2504 858 2549 quidam
869 2504 946 2548 alii,

266 2569 350 2599 pars
364 2559 511 2600 oplirna‚·
529 2557 645 2590 minus
662 2557 751 2590 bene
764 2583 773 2599 ,
792 2557 947 2600 quamvis

270 2611 395 2651 optima
410 2620 488 2653 pars
504 2608 573 2642 diei
594 2609 629 2642 in
647 2608 845 2653 regionibus
862 2621 946 2642 me—

270 2659 495 2694 ridionalibus
507 2685 517 2702 ,
544 2660 603 2694 ubi
620 2660 661 2694 ab
680 2668 759 2694 ortu
776 2661 848 2694 sere
868 2660 946 2694 solis
976 2679 979 2683 ⁴

270 2713 382 2747 servet
404 2712 534 2756 aether,
557 2713 599 2747 sit
623 2715 762 2755 ultima,
792 2714 832 2747 ab
862 2713 946 2747 hora

469 2806 483 2831 Ι

1014 1328 1109 1350 nona
1121 1328 1231 1360 usque
1244 1314 1287 1350 ad
1298 1314 1484 1359 decimam,
1497 1311 1593 1350 unde
1605 1315 1695 1351 hanc

1013 1375 1152 1414 partem
1163 1368 1322 1403 ultimam
1333 1381 1466 1410 mensae
1473 1375 1509 1403 et
1518 1369 1604 1414 jocis
1612 1381 1695 1404 con·

1012 1427 1232 1455 sectaverant
1249 1434 1258 1455 :
1276 1421 1386 1455 immo
1404 1421 1549 1466 prandia
1566 1428 1694 1456 vetus-

1012 1473 1095 1507 tiori
1120 1485 1194 1507 aevo
1211 1473 1359 1507 omnino
1379 1473 1599 1518 ignorabant.
1625 1474 1692 1508 Ed.

1013 1543 1057 1550 —
1076 1525 1243 1565 Tenebat,
1270 1525 1454 1559 retinebat.

1057 1576 1132 1611 666.
1145 1577 1342 1621 Adregem;
1358 1577 1401 1611 ad
1412 1577 1572 1612 AEacum.
1580 1578 1695 1612 —So—

1007 1639 1073 1669 por
1097 1629 1263 1666 habeba&
1292 1627 1442 1662 habetur
1463 1634 1610 1673 sopore,
1635 1629 1695 1673 qui

1011 1677 1144 1721 sopitus
1160 1677 1260 1721 jacet.
1278 1678 1416 1712 Eodem
1433 1679 1541 1713 modo
1554 1705 1565 1723 ‚
1590 1693 1694 1715 versu

1014 1729 1079 1762 800
1093 1754 1102 1771 ,
1125 1740 1222 1762 amor
1233 1730 1386 1763 habe-bal.

1056 1779 1131 1826 669.
1151 1781 1249 1814 Viros
1260 1781 1311 1814 ad
1316 1782 1404 1814 bella
1412 1781 1575 1824 legebant.
1591 1781 1691 1827 Regii

1012 1830 1122 1864 nostri
1136 1856 1145 1874 ,
1165 1833 1345 1865 monebant
1352 1842 1363 1873 ‚·
1374 1843 1473 1876 paene
1484 1832 1610 1867 insulse
1626 1835 1690 1868 :le—

1009 1895 1085 1927 gere
1098 1885 1188 1917 viros
1197 1882 1330 1928 phrasis
1346 1883 1486 1928 propria
1500 1883 1538 1918 in
1554 1883 1619 1918 hae
1631 1897 1669 1919 re
1681 1900 1690 1926 ;

1012 1934 1060 1968 sic
1078 1933 1244 1979 Virgilius
1261 1960 1270 1978 ,
1300 1934 1442 1968 AEneid.
1461 1935 1555 1970 VIII
1569 1961 1578 1979 ,
1604 1937 1665 1982 547
1681 1963 1690 1979 ‚

1017 1987 1087 2028 Qui
1105 1998 1178 2019 sese
1203 1989 1240 2019 in
1264 1988 1353 2020 bella
1374 1991 1572 2030 sequantur,
1603 1988 1695 2022 Pm—

1012 2041 1142 2071 stantes
1156 2040 1277 2071 virtute
1291 2039 1382 2081 legit.
1401 2037 1468 2072 Ed.

1055 2089 1131 2133 670.
1139 2090 1180 2122 In
1188 2091 1330 2123 interius
1339 2091 1484 2132 spatium
1493 2101 1503 2123 :
1514 2089 1551 2123 in
1562 2089 1692 2124 aedibus

1011 2144 1244 2184 erantprima·‚
1257 2143 1429 2175 interiores
1438 2147 1474 2175 et
1484 2143 1607 2174 inlimae
1616 2154 1690 2186 par·

1012 2200 1073 2229 tes.
1097 2194 1140 2227 In
1162 2197 1332 2227 interiores
1353 2200 1388 2227 et
1403 2196 1542 2227 intimas
1556 2195 1692 2228 secede-

1010 2248 1094 2279 bant
1102 2272 1111 2285 ,
1127 2245 1186 2290 qui
1198 2244 1327 2291 aliquid
1339 2244 1455 2279 arcani
1465 2251 1613 2279 tractare
1623 2244 1691 2279 vel-

1011 2297 1086 2331 lent
1104 2311 1112 2338 ;
1133 2297 1250 2331 Livius
1264 2322 1274 2339 ,
1304 2296 1368 2330 XL
1382 2322 1391 2339 ,
1420 2297 1465 2331 8:
1486 2298 1632 2330 Secessi!
1653 2299 1690 2330 in

1003 2356 1134 2394 partem
1152 2353 1337 2385 interebrem
1353 2363 1427 2384 cum
1444 2352 1573 2384 amt'cis.
1599 2349 1615 2383 Ι
1618 2348 1688 2383 nde

1009 2415 1160 2436 secessus
1174 2409 1233 2436 aut
1243 2414 1393 2436 recessus
1403 2428 1411 2442 ,
1431 2402 1449 2436 Ι
1461 2427 1471 2444 ,
1491 2415 1503 2435 1
1512 2414 1561 2445 77.
1575 2401 1689 2436 Erant

1008 2458 1243 2497 spatiosiores:
1255 2453 1393 2487 Vitruv.
1406 2453 1473 2496 Vl,
1485 2454 1691 2499 82AEd1ficm

1008 2508 1210 2548 spatiosiora
1219 2506 1271 2538 ad
1276 2509 1454 2539 conventus
1462 2507 1687 2548 exclpiendos.

1052 2558 1126 2603 572.
1145 2558 1310 2591 AEoliden.
1325 2557 1416 2592 Vide
1442 2557 1485 2591 ad
1503 2558 1558 2592 Vl
1577 2583 1586 2600 ,
1610 2557 1687 2591 581.

1008 2627 1051 2634 —
1065 2610 1206 2653 Ignota5
1235 2608 1378 2653 quidam
1392 2635 1403 2652 ,
1428 2612 1566 2653 ignara,
1592 2607 1688 2653 quod

1009 2667 1044 2694 et
1071 2660 1179 2695 active
1205 2667 1240 2696 et
1267 2660 1396 2705 passive
1424 2660 1489 2695 dici
1514 2660 1616 2694 docet
1641 2658 1685 2693 ad

1009 2713 1104 2748 hunc
1121 2714 1238 2748 locum
1259 2714 1435 2749 Heinsius.
1461 2712 1594 2748 Nostris
1618 2711 1684 2746 Re-
