1832 3100
306 211 391 270 400

679 212 998 264 P.„OVIDII
1032 212 1336 259 NASONIS

305 306 556 355 Poeniceum
581 323 710 354 curva
733 306 1005 374 decerpserat
1028 307 1183 356 arbore
1207 325 1388 374 pomum
1401 320 1415 365 ‚⁴

305 384 543 449 Sumtaque
562 382 745 450 pallenti
771 396 938 451 septem
963 384 1015 432 de
1039 385 1198 434 cortice
1220 401 1354 447 grana

305 461 528 509 Presserat
550 479 623 508 ore
648 479 730 508 suo
752 480 762 518 ;
787 460 996 527 solusque
1019 480 1071 510 ex
1096 461 1302 510 omnibus
1320 458 1434 508 illud

303 537 486 586 Viderat
507 536 780 604 Ascalaphus
795 575 806 596 ‚
830 557 961 604 quem
985 538 1206 604 quondam
1227 537 1388 585 dicitur
1410 534 1595 602 Orphne

304 615 424 662 Inter
445 613 680 663 Avernales
702 614 821 662 haud
842 614 1117 676 ignotissima
1137 614 1364 680 Nymphas
1377 650 1389 671 ‚

1647 623 1713 668 540

303 691 373 738 Ex
395 691 646 740 Acheronte
672 709 751 739 suo
775 690 912 738 furvis
937 690 1157 756 peperisse
1181 690 1264 738 sub
1287 689 1424 739 antris
1444 707 1456 737 ε

305 767 429 815 Vidit
445 805 456 827 ‚
482 781 526 816 et
550 768 714 815 indicio
738 767 927 815 reditum
944 767 1132 815 crudelis
1156 766 1328 815 ademit.

304 845 526 906 Ingemuit
547 843 698 906 regina
721 844 855 891 Erebi
873 863 883 900 ;
910 855 1151 910 testemque
1172 843 1407 910 profanam

304 920 427 969 Fecit
450 940 596 979 avem⁴‚
624 939 910 986 sparsumque
935 932 1066 987 caput
1089 919 1457 983 Phlegethontide
1477 917 1654 985 lympha

306 1002 359 1049 In
381 1013 593 1059 rostrum,
625 1013 668 1049 et
690 1000 862 1067 plumas
876 1039 886 1059 ‚
913 1013 955 1049 et
977 1000 1157 1064 grandia
1178 1000 1345 1049 lumina
1365 1000 1507 1049 vertit.

1648 1011 1714 1057 ⁵45

305 1082 384 1131 Ille
408 1082 492 1131 sibi
510 1082 681 1131 ablatus
702 1081 833 1130 fulvis
856 1081 1057 1130 amicitur
1078 1082 1132 1130 ab
1157 1081 1236 1130 alis
1256 1100 1267 1139 ;

306 1166 446 1230 Inque
470 1176 602 1230 caput
623 1163 801 1221 crescit,
825 1162 1073 1230 longosque
1096 1162 1333 1211 reflectitur
1355 1179 1526 1224 ungues
1541 1197 1554 1219 ‚

308 1290 404 1325 Hinc
411 1290 788 1336 Thesmophoriazusae,
801 1302 876 1335 quae
886 1302 980 1325 sacra

306 1343 476 1378 faciebant
497 1342 621 1378 Cereri
636 1343 803 1388 legiferae,
823 1343 980 1377 abstine-

309 1395 395 1442 bant
409 1408 428 1428 a
442 1394 540 1429 malis
559 1394 757 1440 punicis.—
768 1395 887 1428 Cortex
901 1397 982 1438 pal-

308 1449 380 1480 lens
396 1453 490 1481 recte
512 1445 660 1487 dicitur;
685 1457 769 1479 nam
785 1447 914 1490 pallere
939 1444 982 1478 de

308 1496 384 1530 auri
399 1497 504 1531 etiam
518 1496 633 1531 colore
645 1502 890 1541 usurpatur.—-
901 1496 984 1530 Hoc

309 1548 385 1582 loco
410 1553 532 1590 septem
554 1560 681 1591 grana,
713 1546 774 1581 sed
799 1547 889 1581 Fast.
915 1546 980 1587 IV,

311 1601 374 1645 607
389 1626 398 1643 ,
416 1612 490 1634 non
507 1600 572 1634 nisi
587 1603 662 1633 tria.
673 1618 717 1625 -
727 1599 782 1633 De
792 1603 913 1633 cortt'oe
925 1598 982 1632 illo

311 1652 431 1685 conser
442 1652 475 1685 X
488 1677 497 1695 ,
518 1651 588 1697 736.
607 1651 650 1684 In
662 1650 695 1685 h.
708 1650 876 1692 Homeri,
894 1649 956 1694 372
971 1675 980 1692 ,

310 1703 415 1738 Pluto
434 1703 504 1748 ipse
517 1729 526 1746 ,
544 1702 718 1736 dimittere
735 1701 983 1746 Proserpinam

309 1756 419 1799 jussus
430 1780 439 1798 ,
449 1754 515 1788 tale
526 1767 664 1798 granum
677 1753 708 1787 ei
720 1752 897 1787 edendum
911 1752 981 1795 dat,

310 1807 408 1852 cujus
432 1806 481 1841 vis
505 1813 600 1849 erat,
621 1812 661 1839 ut
683 1804 796 1849 puella
821 1816 867 1838 ne
893 1803 985 1849 apud

311 1860 466 1905 Superos
483 1864 667 1901 maneret,
700 1856 761 1891 sed
786 1856 829 1890 ad
854 1856 984 1900 conju—

312 1923 392 1956 gem
408 1909 547 1945 rediret.
566 1909 624 1944 Sic
639 1915 674 1943 et
692 1907 932 1953 Apollodorus.

342 1963 416 2011 539.
431 1961 799 2004 W'deratAscalaphus,
810 1966 872 1993 etc.
881 1957 987 2004 Apud

313 2013 474 2059 Apollod.
491 2013 547 2048 lib.
573 2013 606 2054 Ι,
630 2012 664 2046 d.
682 2012 702 2047 l.
724 2010 831 2045 Ceres
847 2010 987 2045 Ascala-

313 2068 403 2112 pho,
422 2065 631 2101 Acherontis
652 2072 687 2100 et
708 2064 876 2110 Gorgyrae
892 2063 984 2106 filio,

314 2119 408 2165 quod
443 2118 676 2164 gustationem
712 2117 807 2151 illam
844 2122 986 2150 testatus

315 2178 389 2206 erat
403 2196 412 2213 ,
430 2169 683 2214 superimponit
701 2181 842 2210 saxum;
865 2167 925 2202 sed
937 2167 986 2201 li-

314 2224 475 2258 beratum
490 2234 571 2255 eum
587 2221 669 2254 inde
687 2221 727 2255 ab
742 2220 894 2255 Hercule
909 2232 988 2253 mu-

315 2281 365 2309 tat
380 2274 415 2308 in
432 2274 519 2313 ὦτον,
537 2285 598 2307 seu
607 2284 748 2317 parvam
764 2278 988 2305 noctuam.—

320 2327 467 2370 Orphze,
494 2329 581 2371 ὄρφνη
596 2350 605 2367 ,
627 2323 790 2358 tenebrae.
814 2341 856 2347 —
872 2323 988 2356 Furvis

316 2382 377 2414 sub
393 2381 509 2413 antris.
527 2378 569 2412 ln
582 2376 648 2410 hoc
662 2376 737 2410 loco
754 2375 897 2410 varietas
914 2373 989 2409 Co-

318 2432 434 2467 dicum
451 2444 459 2466 :
478 2430 533 2465 alii
548 2429 818 2473 habentfulv1255
836 2427 891 2462 alii
901 2454 910 2471 ,
926 2429 989 2461 sil-

318 2489 392 2528 m'53
415 2485 505 2519 mala
520 2490 666 2528 utraque
693 2481 814 2523 lecti03
835 2493 987 2525 namque

318 2542 416 2572 antra
441 2549 515 2571 non
536 2541 618 2571 sunt
638 2534 757 2578 sulm,
783 2533 844 2569 sed
856 2534 981 2577 surm,

319 2601 424 2635 opaca
438 2603 446 2630 ;
478 2587 603 2622 deinde
637 2599 710 2621 non
742 2592 854 2632 potest
884 2583 989 2629 accipi

317 2644 411 2675 silvis·
427 2645 533 2675 antris·
546 2668 554 2682 ,
585 2640 677 2685 quod
695 2652 799 2675 sensu
816 2645 903 2684 eget.
922 2638 987 2670 Ed.

318 2711 361 2718 —-
376 2695 493 2727 Furvis
516 2694 577 2727 sub
598 2696 725 2734 antrir,
754 2690 989 2736 quemadmo-

1046 1291 1131 1326 dum
1154 1290 1327 1339 Nymphae
1351 1289 1494 1324 marinae
1517 1291 1631 1323 vitreis·
1653 1289 1716 1322 sub

1043 1348 1150 1379 antris
1167 1343 1315 1390 pariunt.
1335 1342 1426 1377 Vide
1446 1340 1488 1376 ad
1504 1352 1644 1375 versum
1663 1339 1716 1383 48.

1089 1397 1161 1440 543.
1187 1397 1378 1440 restemque
1386 1393 1564 1439 profanam
1580 1403 1592 1434 ;
1610 1391 1715 1426 etiam

1045 1447 1118 1492 VI,
1134 1448 1194 1491 431
1209 1473 1219 1491 ‚
1232 1445 1397 1491 profanus
1407 1448 1501 1480 bubo.
1517 1443 1607 1480 Plin.
1624 1442 1717 1477 Hist.

1044 1500 1125 1535 Nat.
1139 1500 1173 1534 X
1184 1525 1193 1542 ,
1214 1513 1251 1533 ια
1265 1508 1273 1530 2
1288 1499 1386 1533 Buba
1386 1497 1545 1542 funebris
1557 1499 1592 1530 et
1599 1496 1718 1529 maxi-—

1045 1565 1094 1587 me
1119 1555 1348 1591 abominatus,
1386 1552 1534 1599 public-1¹35
1554 1549 1719 1593 praectjvue
1778 1580 1786 1586 Ν

1045 1607 1220 1648 auspiciu,
1241 1605 1371 1637 deserta
1393 1603 1528 1641 incolit,
1557 1612 1618 1634 nec
1638 1604 1718 1633 tan-

1044 1660 1113 1689 tum
1142 1656 1295 1688 desolata
1309 1679 1317 1692 ‚
1363 1655 1429 1686 sed
1449 1654 1524 1685 dira
1555 1653 1656 1684 etiam
1684 1653 1720 1684 et

1044 1709 1219 1740 inaccessa
1226 1731 1234 1745 ‚
1251 1707 1360 1739 noctis
1368 1707 1557 1741 monstrum,
1565 1713 1627 1735 nec
1634 1713 1719 1735 can-

1046 1762 1082 1792 tu
1097 1760 1208 1802 aliquo
1226 1758 1355 1790 vocalis·
1368 1782 1378 1796 ‚
1401 1756 1466 1788 sed
1479 1756 1613 1798 gemitu.
1644 1753 1720 1786 Ita-

1046 1822 1108 1854 que
1130 1811 1166 1842 in
1187 1809 1338 1846 urbibus,
1364 1809 1428 1840 aut
1440 1807 1572 1839 omnino
1590 1806 1626 1838 1⁰11
1646 1805 1720 1837 luce

1046 1864 1141 1896 visus
1156 1886 1164 1899 ‚
1193 1861 1299 1893 dirum
1328 1862 1491 1892 ostentum
1518 1861 1580 1892 est.
1619 1857 1722 1891 Vola!

1048 1923 1213 1956 nunquam
1224 1937 1232 1950 ,
1252 1922 1317 1954 quo
1332 1911 1449 1951 libuit,
1471 1910 1537 1943 sed
1553 1912 1720 1942 transver-

1048 1978 1107 2000 sus
1120 1964 1278 2008 aufertur.

1094 2019 1168 2061 544.
1179 2018 1314 2061 Sparsio
1323 2016 1411 2059 talis,
1424 2028 1443 2050 a
1451 2014 1527 2049 Diis
1536 2014 1636 2057 sacta,
1648 2012 1722 2047 vim

1050 2068 1209 2104 mutandi
1219 2068 1377 2102 habebat?
1393 2066 1484 2101 Vide
1494 2065 1537 2101 ad
1548 2067 1629 2110 4543
1640 2065 1697 2100 111
1707 2090 1719 2108 ,

1053 2122 1124 2168 194.
1140 2139 1184 2146 -
1205 2120 1369 2165 Aufertur
1384 2121 1469 2159 sibi,
1492 2118 1590 2164 cujus
1609 2117 1721 2151 forma

1050 2179 1206 2207 mutatur
1218 2173 1255 2207 in
1267 2171 1635 2207 aliam.-—·Am1‘citurab
1643 2172 1720 2205 alls.

1053 2223 1201 2259 Codices
1223 2224 1356 2268 nostri,
1385 2226 1540 2257 amicitur
1567 2225 1604 2256 in
1630 2224 1720 2256 alis:

1051 2283 1197 2320 utraque
1222 2275 1326 2310 lectio
1344 2275 1417 2310 sine
1442 2273 1690 2320 significatione
1711 2287 1720 2315 ;

1051 2340 1203 2372 namque
1218 2327 1285 2361 hoc
1300 2327 1447 2361 verbum
1456 2328 1562 2360 amici
1570 2325 1644 2360 sine
1655 2324 1724 2359 ulla

1053 2380 1293 2426 praepositione
1310 2378 1400 2424 apud
1416 2378 1556 2412 Latinos
1572 2377 1723 2423 ponitur.

1051 2435 1117 2467 Ed.
1138 2450 1181 2457 --
1199 2433 1240 2466 In
1256 2435 1360 2475 caput
1373 2443 1518 2465 crescere
1531 2456 1539 2470 ,
1571 2436 1612 2464 ut
1633 2427 1725 2474 apud

1052 2484 1259 2529 Virgilium,
1289 2485 1324 2517 in
1346 2487 1497 2517 ventrem.
1519 2481 1697 2516 Caeterum
1711 2505 1722 2523 ,

1053 2535 1219 2581 quoniam
1255 2534 1422 2580 ἀσκάλαςεος
1450 2546 1558 2579 genus
1588 2539 1729 2567 noctuae!

1053 2586 1182 2621 Graecis
1195 2585 1429 2630 significabat,
1449 2584 1590 2620 Aristot.
1612 2584 1660 2618 H.
1680 2582 1724 2616 A.

1054 2639 1110 2682 ΙΙ,
1135 2651 1186 2683 17,
1203 2638 1298 2672 facile
1315 2643 1472 2683 apparet,
1485 2648 1561 2682 quae
1573 2635 1670 2680 origo
1680 2633 1724 2668 sit

1052 2689 1158 2734 hujus
1170 2687 1496 2734 metamorphoseos.
