1832 3100
358 249 1057 302 METAMORPHOSEON
1088 255 1214 300 LIB.
1250 256 1342 300 VI.

154 350 357 414 Augusta
378 349 591 413 gravitate
615 347 772 398 sedent
794 367 803 396 :
826 366 906 396 sua
930 366 1151 414 quemque
1172 348 1373 396 Deorum

153 427 364 478 Inscribit
385 427 518 477 facies
541 447 550 475 ε
569 428 599 475 J
602 427 698 475 ovis
721 438 788 475 est
811 424 972 489 regalis
996 425 1158 487 imago.

152 505 278 555 Stare
299 505 447 553 Deum
471 503 619 571 pelagi
636 505 656 563 ,'
674 503 905 570 longoque
928 502 1057 552 ferire
1081 501 1272 552 tridente
1543 518 1588 563 75

150 582 323 649 Aspera
347 601 450 631 saxa
469 581 598 641 facit,
624 582 858 649 medioque
882 600 906 630 e
928 580 1109 629 vulnere
1129 579 1223 629 saxi

149 654 396 714 Exsiluisse
421 663 583 714 fictum
598 703 611 724 ,
637 684 728 733 quo
753 664 942 732 pignore
966 662 1161 712 vindicet
1178 662 1350 710 urbem.

149 746 214 794 At
235 746 325 795 sibi
349 746 425 795 dat
443 746 671 814 clypeum,
698 747 775 796 dat
798 758 936 795 acutae
961 744 1159 812 cuspidis
1176 744 1374 802 hastam;

150 829 242 877 Dat
265 826 433 892 galeam
458 828 594 896 capiti
615 848 627 887 ς
650 827 904 878 defenditur
927 827 1065 891 aegide
1089 838 1246 894 pectus
1266 846 1277 875 :

148 909 498 979 Percussamque
521 930 601 960 sua
626 910 808 960 simulat
830 910 883 960 de
908 909 1093 977 cuspide
1115 921 1277 958 terram
1546 924 1590 957 80

149 1015 165 1035 N

81 1077 92 1084 κ
161 1062 165 1066 “
189 1057 243 1104 73.
262 1057 422 1102 Augusta
434 1061 607 1102 gravitas,
625 1058 745 1094 divina
755 1072 835 1094 ma-

144 1109 399 1156 jestas.Nempe
404 1114 557 1155 gram‘tas
567 1111 743 1156 judicibus
749 1124 835 1147 con-

145 1163 254 1198 venit.
263 1163 491 1205 —Inscn‘bit,
510 1171 641 1199 notum
654 1164 737 1200 facit
746 1191 755 1208 ,
769 1164 835 1199 de-

145 1214 255 1250 clarat
270 1215 347 1261 quis
357 1215 423 1260 sit;
449 1215 596 1253 ductum
611 1216 666 1251 vel
689 1229 708 1251 a
726 1215 836 1251 titulis

145 1265 398 1313 aedificiorum,
418 1268 474 1304 vel
490 1266 604 1315 potius
623 1269 665 1304 ab
683 1269 833 1314 inscrip-

142 1320 298 1357 tionibus
308 1321 345 1357 in
354 1329 495 1369 pectore
505 1323 697 1367 venalium,
707 1323 833 1369 quibus

147 1373 401 1422 declarabatur,
419 1377 565 1423 quinam
574 1384 689 1412 essent
703 1403 712 1420 ,
726 1388 833 1422 quam

144 1434 260 1462 artem
280 1428 544 1474 profiterentur.
563 1429 621 1464 Sic
632 1431 834 1463 litteratorem

144 1481 514 1526 e’nscn'biSuetonius,
538 1481 591 1516 Ill.
611 1481 733 1516 Gram.
745 1483 773 1526 4.
789 1499 834 1507 —-

145 1533 309 1576 negans,
332 1546 415 1569 cum
431 1541 569 1580 sceptro
584 1540 620 1569 et
634 1533 794 1568 fulmine.

190 1587 242 1632 75.
258 1587 356 1622 Stare
364 1589 486 1623 Deum.
506 1588 611 1624 Unus
623 1602 664 1623 ex
675 1588 833 1623 Leiden-

143 1636 249 1682 sibus,
257 1651 338 1674 nare
345 1641 466 1681 Deum,
481 1640 575 1686 quod
585 1641 709 1686 probat
720 1641 832 1675 Hein-

141 1689 222 1726 sius.
232 1690 328 1726 Male
338 1705 348 1734 ;
359 1691 547 1738 Neptunus
557 1700 651 1728 recte
664 1697 761 1727 stans
770 1705 832 1727 ex—

142 1753 280 1786 pressus
293 1750 368 1778 erat
381 1756 501 1779 coram
516 1744 689 1790 judicibus
699 1744 830 1781 seden—

143 1792 244 1830 tibus.
255 1812 300 1820 -—
315 1795 418 1842 Regii
439 1796 552 1832 nostri
567 1802 659 1832 stare
674 1797 807 1832 habent
820 1810 829 1839 ;

141 1844 333 1882 lectionem
348 1860 430 1883 nare
440 1855 534 1883 recte
550 1851 678 1893 Gienssg.
697 1849 832 1894 impro-

141 1897 202 1933 bat
218 1912 228 1940 3
259 1911 415 1945 namque
443 1900 612 1935 Heinsius
643 1913 829 1946 nunquam

142 1950 230 1986 vidit
244 1951 456 1998 Neptunum
471 1959 621 1987 nantem
636 1965 748 1998 quum
763 1956 832 1987 Iri-

142 2005 242 2037 denle
255 2016 345 2038 saxa
354 2004 452 2049 serit.
478 2004 544 2039 Ed.
562 2023 608 2031 -
634 2007 746 2039 Fert're
760 2008 831 2039 Iri-

143 2057 314 2091 denteetc.
329 2054 424 2091 Cum
434 2055 588 2092 hocloco
599 2057 831 2092 conserantur

143 2120 263 2143 versus
280 2109 344 2144 283
360 2115 396 2144 et
413 2110 479 2154 ²84
488 2109 567 2144 libri
578 2110 658 2145 I.—
673 2111 827 2152 Vulnere,

143 2159 511 2197 hiatu.-E2silu1:rse
508 2161 648 2206 fretum.
666 2161 776 2197 MSS.
794 2169 831 2198 et

143 2213 296 2250 editores
314 2215 476 2261 plurimi,
495 2215 633 2260 serum,
664 2229 796 2262 equum
815 2244 825 2261 ,

142 2273 184 2301 ut
194 2266 383 2311 Phaedrus,
398 2268 435 2312 Ι,
453 2267 519 2303 sab.
535 2278 590 2303 x11
601 2295 610 2311 ,
624 2282 664 2316 9,
678 2269 738 2304 ubi
747 2269 827 2305 vide

143 2318 469 2365 Interpretationes.
494 2319 680 2367 Virgilius,
696 2321 827 2369 Georg.

142 2373 161 2410 Ι
177 2400 187 2418 ,
218 2387 256 2408 12
273 2386 282 2409 z
300 2377 362 2409 cui
370 2377 483 2418 prima
501 2374 703 2420 frementem
726 2375 832 2410 Fudit

139 2439 257 2471 equum
265 2440 390 2472 magno
399 2429 501 2462 tellus
503 2440 670 2472 percussa
680 2430 827 2464 tridenti.

141 2479 283 2513 Verum
299 2478 474 2522 Herodot.
493 2480 608 2523 VIII,
629 2481 671 2515 55
687 2494 696 2522 ;
715 2479 828 2526 Apol-

140 2529 307 2575 lodorus,
325 2531 401 2575 ΙΙΙ,
420 2543 498 2575 xlv,
516 2546 529 2567 ι
545 2547 555 2575 ;
579 2532 720 2568 Himer.
733 2532 828 2579 apud

142 2582 247 2619 Phot.
274 2595 308 2629 p.
335 2583 419 2628 1134
438 2598 448 2627 ;
472 2584 662 2621 Pausanias
676 2612 686 2631 ,
721 2585 827 2621 Attio.

141 2649 176 2682 p.
201 2637 241 2682 57
254 2649 264 2678 ;
284 2636 401 2670 Varro
427 2635 520 2681 apud
546 2636 694 2683 August.
719 2637 753 2672 d.
778 2637 799 2672 l.
816 2651 826 2680 3

143 2687 277 2724 Statius
289 2714 299 2732 ,
316 2687 430 2723 Theb.
448 2689 543 2734 XII,
569 2688 633 2723 632
647 2715 657 2733 ,
687 2701 828 2724 memo-

143 2746 224 2774 rant
236 2766 246 2784 ‚
264 2754 356 2775 mare
377 2739 579 2786 produxisse
601 2740 638 2775 in
656 2735 717 2775 illa
732 2753 828 2776 con-

145 2792 303 2830 tentione
319 2793 539 2839 Neptunum.
559 2792 695 2828 Confer
714 2793 830 2829 Bent-

900 1058 1010 1093 leium
1021 1083 1031 1100 ,
1048 1055 1092 1091 ad
1104 1054 1318 1099 Horatium,
1337 1055 1354 1090 Ι
1365 1080 1374 1098 ,
1389 1053 1460 1090 od.
1473 1065 1528 1088 vn
1538 1080 1547 1098 ,
1561 1068 1591 1099 7.

900 1112 973 1147 Per
988 1123 1079 1145 mare
1091 1137 1100 1150 ‚
1124 1111 1309 1152 θάλασσαν,
1327 1114 1446 1142 autem
1463 1107 1511 1141 illi
1527 1106 1590 1140 in-

900 1165 1111 1200 tellexerunt
1127 1175 1300 1210 aquarum
1315 1161 1565 1207 scaturiginem
1577 1187 1587 1205 ‚

901 1225 1070 1264 puteum,
1094 1229 1220 1262 aquam
1246 1215 1423 1250 marinam
1447 1213 1589 1248 occultis

899 1278 1002 1305 terrae
1009 1269 1183 1304 meatibus
1195 1266 1445 1303 affluentemin
1458 1265 1587 1301 Erech-

898 1322 971 1358 thei
982 1322 1056 1358 aede
1067 1322 1104 1357 iu
1116 1320 1283 1366 acropoli,
1293 1331 1372 1365 quae
1382 1317 1588 1364 Apollodori

899 1375 1014 1411 adhuc
1032 1382 1132 1411 aetate
1162 1374 1426 1410 ostendebatur.
1454 1374 1587 1418 Equum

899 1435 1019 1464 autern
1039 1427 1131 1475 apud
1149 1427 1339 1473 Virgilium
1359 1452 1368 1469 ,
1398 1425 1465 1460 alio
1489 1432 1589 1459 tem—

898 1495 983 1529 pore
995 1496 1035 1517 ex
1046 1481 1234 1517 Thessaliae
1244 1479 1392 1526 scopulis
1404 1491 1587 1514 excussum

897 1535 1060 1571 nonnulli
1070 1534 1279 1570 existimant.
1294 1533 1377 1567 Non
1394 1531 1501 1578 igitur
1517 1530 1587 1565 du—

896 1588 1004 1623 bitavi
1020 1587 1166 1622 alteram
1184 1586 1374 1621 lectionem
1382 1584 1512 1629 fretum
1528 1597 1589 1618 re·-

896 1652 1032 1675 vocare.
1060 1638 1262 1675 Lactantius
1289 1637 1435 1683 quidem
1462 1636 1588 1671 mani-

896 1694 982 1728 seste
993 1692 1075 1739 legit
1072 1692 1305 1737 ftelum;nam
1313 1690 1350 1724 iu
1363 1690 1588 1735 Argumento

895 1748 1006 1787 lacum
1022 1747 1151 1779 salsum
1168 1749 1352 1777 memorat.
1382 1742 1458 1776 Nec
1480 1753 1588 1786 appa-

896 1806 952 1834 ret
964 1825 973 1842 ,
999 1798 1081 1844 quid
1100 1810 1164 1842 per
1178 1809 1293 1842 equum
1309 1794 1505 1841 significare
1523 1806 1589 1827 vo-

891 1852 1029 1886 ·luerint
1055 1851 1091 1883 in
1119 1849 1185 1884 hac
1209 1847 1325 1883 sabula
1339 1873 1348 1891 ,
1379 1859 1492 1891 quum
1518 1858 1585 1880 nee

897 1903 1084 1948 Neptunus
1099 1928 1108 1944 ‚
1134 1913 1200 1935 nec
1216 1899 1319 1946 prisci
1339 1898 1447 1933 Attici
1464 1910 1584 1943 equo—

893 1966 978 1988 rum
1001 1952 1038 1987 in
1059 1952 1181 1998 primis
1198 1963 1318 1987 curam
1337 1950 1515 1997 gesserint.
1539 1950 1587 1984 Et

896 2005 1209 2052 quanquamferus
1226 2002 1408 2039 interdum
1431 2002 1474 2036 de
1493 2015 1585 2047 equo

897 2057 1032 2092 dicatur
1045 2084 1054 2101 ‚
1082 2069 1156 2091 non
1183 2063 1303 2091 tamen
1333 2055 1499 2100 ambiguo
1526 2054 1586 2088 illo

894 2110 1064 2145 vocabulo
1079 2107 1229 2144 Ovidius
1245 2108 1282 2142 in
1299 2107 1364 2142 hac
1379 2107 1583 2142 narratione

894 2161 1053 2207 Neptuni
1080 2173 1167 2206 opus
1186 2159 1418 2206 expressisset.
1439 2160 1586 2194 Frustra

894 2215 1118 2251 Schiraehius
1135 2214 1276 2260 objicit,
1303 2227 1401 2248 mare
1430 2212 1582 2248 texendo

893 2269 1015 2316 effingi
1031 2281 1105 2303 non
1125 2267 1290 2314 potuisse.
1311 2267 1457 2302 Etenim
1478 2279 1582 2301 versu

898 2322 981 2365 104,
1001 2320 1165 2355 Arachne
1184 2332 1275 2354 mare
1293 2318 1380 2354 adeo
1405 2317 1582 2352 Mediter-

892 2386 1043 2409 raneum
1060 2372 1219 2419 effingit3
1241 2379 1277 2407 et
1291 2371 1383 2418 apud
1406 2369 1580 2404 Claudia—

893 2439 983 2461 num
999 2453 1009 2471 ,
1038 2424 1226 2467 XXXIII,
1250 2424 1314 2458 253
1331 2450 1340 2466 ,
1367 2422 1580 2468 Proserpina

892 2483 982 2513 ostro
987 2477 1106 2522 fundit
1112 2489 1230 2523 aquas.
1242 2476 1289 2510 Et
1300 2472 1399 2520 quale
1412 2475 1479 2509 hoc
1488 2475 1582 2521 Nep·

893 2531 971 2566 tuni
974 2529 1103 2574 fretum
1112 2530 1130 2564 s
1129 2529 1231 2572 uerit,
1245 2528 1354 2563 modo
1364 2527 1524 2563 vidimus.
1536 2546 1580 2553 —-

894 2583 997 2629 Regii
1014 2582 1125 2617 nostri
1142 2579 1422 2625 habentserum5
1439 2579 1483 2616 de
1500 2580 1578 2615 lee—

893 2635 989 2670 tione
994 2634 1122 2679 fretum
1141 2632 1270 2667 merito
1282 2659 1291 2677 ,
1306 2633 1371 2669 etsi
1383 2640 1506 2668 nostro
1524 2633 1581 2666 in-

892 2690 1039 2733 terpreti
1057 2686 1157 2722 aliter
1171 2686 1286 2722 visum
1301 2686 1365 2731 sit,
1380 2686 1581 2722 dubitatum

892 2741 970 2776 suit.
986 2742 1053 2774 Ed.

938 2793 992 2828 80.
1010 2793 1176 2836 Simulat,
1208 2791 1389 2840 pingendo
1411 2791 1584 2838 exprimit-
