1832 3100
349 230 1078 277 METAMORPHOSEON
1116 233 1247 278 LIB.
1288 234 1327 278 1.

1497 237 1557 295 89

127 323 342 383 Tortilis,
366 323 575 373 inlatum
601 342 697 391 quae
721 324 900 373 turbine
925 323 1083 374 crescit
1101 324 1156 373 ab
1176 325 1266 374 imo
1288 346 1299 375 :

128 402 346 460 Rumina,
369 421 466 469 quae
487 402 634 451 medio
657 402 862 469 concepit
883 413 935 451 ut
957 421 1056 451 aera
1078 414 1220 469 ponto
1234 440 1247 461 ,

127 481 282 531 Litora
304 491 410 530 vo'ce
429 480 597 548 replet,
625 481 709 529 sub
727 493 918 547 utroque
939 481 1128 546 jacentia
1151 480 1339 529 Phoebo.

129 559 247 607 Tum
272 578 476 626 quoque,
502 571 554 608 ut
577 578 654 607 ora
675 560 761 607 Dei
781 559 958 607 madida
980 560 1178 608 rorantia
1198 559 1339 608 barba

133 637 361 701 Contigit,
385 650 430 687 et
453 637 613 686 cecinit
627 638 776 704 jussos
794 637 945 686 inflata
964 650 1187 705 receptus,

1496 650 1514 684 3
1519 649 1561 695 4ο

131 715 359 764 Omnibus
378 714 529 772 audita
549 727 616 764 est
640 714 811 764 telluris
835 727 879 764 et
900 715 1092 782 aequoris
1114 715 1277 772 undis;

129 793 191 841 Et
214 793 382 860 quibus
404 805 471 842 est
493 793 626 842 undis
650 793 821 851 audita,
848 793 1044 842 coercuit
1067 812 1234 841 omnes.

127 873 228 921 Jam
249 891 368 921 mare
390 872 498 921 litus
518 872 681 929 habet;
702 871 861 938 plenos
885 872 1003 939 capit
1025 870 1173 920 alveus
1197 889 1346 920 amnes
1364 889 1376 929 ;

126 950 333 1000 Flumina
354 950 618 1008 subsidunt3
639 949 774 998 colles
791 949 913 998 exire
938 949 1146 998 videntur
1169 969 1180 1007 ;

129 1029 284 1092 Surgit
303 1029 490 1087 humus3
511 1040 716 1078 crescunt
734 1027 834 1076 loca
856 1027 1214 1076 decrescentibus
1238 1025 1371 1075 undis
1391 1045 1402 1073 ;

1497 1038 1563 1083 345

128 1107 330 1174 Postque
355 1107 472 1156 diem
494 1106 674 1170 longam
697 1106 864 1155 nudata
887 1105 1114 1155 cacumina
1137 1104 1256 1152 silvae

133 1184 417 1243 Ostendunt‚
442 1184 686 1251 limumque
711 1196 862 1233 tenent
886 1184 933 1231 in
952 1183 1108 1232 fronde
1133 1182 1349 1231 relictum.

178 1300 254 1335 336.
283 1302 431 1335 Tortilis.
448 1303 589 1336 Betorta
604 1301 640 1335 in
659 1301 819 1336 latitudi-

133 1364 231 1388 nem.
239 1370 283 1380 -—
296 1354 379 1397 Qun
386 1355 514 1388 turbine
523 1357 651 1388 crescit.
665 1352 758 1398 Quae
774 1353 816 1387 ab

134 1418 197 1441 ore
205 1411 353 1453 angusto
360 1405 482 1451 incipit
492 1412 528 1440 et
539 1405 574 1439 in
587 1405 744 1451 amplum
753 1404 819 1439 de-

134 1458 217 1494 sinit
232 1457 274 1492 ad
291 1457 440 1493 turbinis
455 1457 732 1492 similitudinem.
749 1458 816 1491 Ed.

178 1511 254 1556 337.
269 1513 430 1554 Concepit
439 1515 479 1545 ut
489 1523 571 1545 aera
582 1538 589 1551 ,
604 1509 725 1545 inflata
742 1517 793 1544 est
807 1536 816 1554 ,

134 1562 438 1608 quemadmodum
446 1562 522 1597 vela
531 1566 726 1607 concipiunt
733 1576 817 1597 ven·

133 1621 205 1655 tos,
225 1626 351 1661 penne
365 1615 482 1650 avium
499 1628 598 1650 auras
612 1630 620 1657 ;
637 1621 690 1655 ut,
711 1628 818 1661 quan-

133 1666 191 1702 do.
207 1666 433 1702 Generaliter
449 1667 606 1714 loquitur
620 1694 629 1711 ,
648 1681 732 1702 nam
745 1681 817 1714 seq.

139 1720 224 1754 Tum
236 1732 372 1765 quoquc.
389 1720 471 1754 Hoc
482 1733 556 1754 non
569 1720 818 1755 animadvertit

133 1771 206 1818 ipse
217 1772 340 1807 Burm.
352 1787 360 1814 ;
378 1772 532 1819 alioquin
541 1786 616 1808 non
625 1787 819 1809 commen-

137 1823 251 1860 dasset
266 1825 525 1870 {compati-ntia.

181 1876 256 1912 338.
277 1879 384 1919 Voce,
406 1879 535 1913 souitu.
553 1881 642 1919 Vox,
663 1885 703 1913 ut
716 1885 818 1927 fam),

137 1930 253 1965 omnis
268 1943 375 1966 sonus
391 1944 400 1966 t
416 1931 496 1966 vide
514 1932 637 1967 Burm.
654 1931 710 1966 De
726 1932 820 1967 buc-—

136 1981 216 2017 cina
236 1983 345 2018 etiam
357 1984 456 2030 Vir-g.
470 1984 614 2019 AEueid.
626 1984 700 2019 v11
714 2010 723 2028 ‚
745 1986 819 2030 5¹9·

138 2052 183 2062 --
197 2035 263 2069 Sub
277 2040 413 2081 utroque
423 2043 487 2071 etc.
501 2062 511 2080 ‚
529 2036 630 2070 litora
641 2035 823 2070 orientalia

120 2125 124 2131 ,
140 2093 176 2121 et
187 2086 424 2122 occidentalia.
434 2106 476 2114 -
488 2084 658 2123 Jacentia.
678 2089 750 2123 Pro
757 2089 824 2133 ja-

139 2142 252 2174 centia
267 2139 339 2174 duo
353 2166 363 2183 ‚
389 2143 554 2185 latenlt'a3
580 2140 675 2175 unde
697 2140 822 2175 Burm.

139 2203 231 2226 com.
255 2195 413 2236 patentia
425 2220 433 2233 ‚
462 2192 555 2238 quod
574 2193 664 2227 bene
687 2192 824 2228 dicatur

141 2241 185 2278 de
202 2244 304 2279 terris
321 2250 423 2280 antea
438 2258 527 2290 aqua
544 2246 653 2280 tectis.

184 2295 261 2344 339.
284 2297 433 2331 Madt'da
450 2303 515 2333 etc.
532 2297 706 2344 Graphice
724 2297 825 2332 addi-

139 2355 230 2395 tum,
240 2361 394 2395 quorum
401 2349 506 2385 barba
516 2351 666 2385 rorabat.
676 2351 822 2385 Utrum-

141 2413 209 2447 que
224 2401 352 2436 dicitnr
364 2428 374 2445 ,
394 2415 514 2437 cancre
525 2407 688 2447 receptui.
715 2409 751 2437 et
763 2416 824 2437 re-

141 2459 270 2500 ceptum
281 2481 288 2494 ‚
307 2461 533 2505 autreceptas.
546 2473 591 2482 ·-
602 2457 770 2498 Coercuit,
786 2455 824 2490 in

141 2519 246 2543 suum
263 2506 380 2542 locum
399 2506 514 2542 redire
531 2509 655 2554 coegit.

186 2559 262 2604 343.
277 2561 359 2594 Jam
375 2573 466 2594 mare
476 2567 541 2595 etc.
558 2561 628 2596 Hic
643 2561 738 2597 locus
752 2562 823 2597 lau-

142 2610 226 2646 dem
243 2618 402 2646 meretur
419 2624 438 2646 a
459 2612 628 2647 brevitate
641 2639 651 2657 ,
679 2627 756 2659 quae
773 2614 824 2649 rei

144 2663 359 2699 celeritatem
372 2664 462 2698 bene
476 2665 650 2710 exprimit.
662 2666 705 2700 Ei
718 2666 826 2701 etiarn

145 2715 406 2751 accommodata
418 2715 587 2751 orationis
598 2717 711 2751 forma
721 2743 731 2761 ‚
748 2729 826 2762 quae

144 2766 308 2803 brevibus
323 2766 490 2804 membris
499 2775 643 2804 constat.
653 2787 694 2794 —
703 2771 828 2804 Plenos

883 1304 978 1345 capi!
991 1307 1055 1335 etc.
1073 1299 1185 1345 Aquae
1199 1299 1246 1333 ita
1261 1298 1488 1332 decreverant
1501 1321 1511 1338 ,
1526 1302 1566 1329 ut

884 1354 971 1388 alvei
993 1354 1063 1398 jam
1075 1355 1212 1396 plenos,
1240 1351 1394 1395 integros
1411 1374 1420 1392 ,
1442 1347 1566 1382 fluvios

883 1405 968 1451 ripis
984 1405 1054 1440 suis
1076 1404 1258 1439 continere
1275 1408 1428 1448 possent.
1453 1400 1544 1445 Scep
1552 1420 1566 1425 ·<

883 1458 958 1504 peri
984 1457 1225 1503 conjecturam
1245 1481 1254 1499 ,
1282 1457 1407 1499 planos
1422 1479 1431 1494 ,
1472 1460 1566 1487 recte

883 1510 1059 1556 improbat
1076 1509 1200 1543 Burm.
1210 1522 1218 1549 3
1229 1506 1290 1543 sed
1303 1504 1486 1552 necipsius
1501 1505 1567 1539 in-

884 1562 1089 1608 terpretatio
1103 1560 1138 1595 h.
1154 1561 1176 1595 Ι.
1193 1559 1380 1595 convenit:
1397 1573 1415 1588 «
1427 1557 1567 1593 redacta

884 1615 977 1650 intra
1001 1614 1092 1659 ripas
1117 1613 1266 1647 flumina
1281 1638 1291 1656 ,
1321 1618 1440 1646 tamen
1466 1610 1571 1656 plena

884 1670 1030 1703 suerunt
1043 1694 1052 1711 ,
1066 1680 1138 1702 non
1156 1667 1363 1701 exsiccata.»
1380 1683 1425 1691 -—
1435 1665 1570 1698 Plenos.

885 1720 1050 1767 Scepper.
1064 1719 1157 1764 conj.
1166 1721 1301 1764 planos.

929 1773 1176 1817 344AEYumiua,
1189 1770 1338 1804 omnino
1349 1779 1502 1813 aquae.—-
1511 1768 1571 1801 Vi—

884 1828 1018 1868 dentur,
1029 1824 1420 1866 ceraunium—Surgere
1429 1820 1571 1866 ele'gan-

886 1885 940 1913 ter
951 1878 1022 1913 drr.
1034 1890 1111 1923 quae
1123 1897 1136 1921 ,·
1150 1875 1411 1911 subsidentibus
1422 1873 1462 1908 iis
1475 1899 1484 1917 ,
1497 1871 1571 1918 qui-

883 1931 948 1966 bus
959 1925 1072 1966 adhuc.
1084 1936 1174 1964 tecta
1184 1930 1338 1970 fuerant,
1350 1924 1500 1971 conspici
1510 1923 1569 1958 in-

886 1983 1030 2028 cipiunt.
1044 1981 1133 2016 Vide
1145 1994 1211 2016 nos
1221 1980 1263 2015 ad
1276 1979 1368 2014 Pliu.
1380 1978 1448 2021 Vl,
1463 1976 1574 2022 Epist.

889 2047 973 2079 xw,
995 2036 1044 2079 14.
1060 2053 1105 2061 —-
1131 2035 1299 2068 Crescunt.
1322 2031 1422 2066 Bene
1439 2029 1543 2065 etiam
1564 2041 1571 2062 :

887 2087 988 2134 plura
1003 2094 1039 2122 et
1061 2086 1230 2132 ampliora
1252 2085 1290 2119 in
1311 2089 1538 2129 conspectum
1560 2108 1569 2124 ‚

887 2140 1076 2187 prodeunt.
1091 2140 1215 2183 Silius,
1234 2140 1324 2187 XV,
1344 2139 1407 2172 215
1421 2163 1430 2181 ,
1449 2136 1493 2171 de
1506 2148 1549 2170 eo
1560 2162 1570 2178 ‚

888 2194 949 2239 qui
963 2193 1104 2240 propius
1120 2192 1252 2227 accedit
1269 2191 1311 2226 ad
1328 2191 1454 2225 urbem
1468 2216 1477 2234 ‚
1499 2190 1572 2223 ad·-

887 2250 975 2280 moto
984 2247 1179 2281 crescebant
1183 2247 1331 2279 culmina
1339 2255 1464 2288 gressu.
1475 2240 1574 2276 Con-

889 2305 943 2334 tra
962 2297 1053 2344 apud
1077 2297 1200 2332 Claud.
1220 2291 1340 2331 'xxxm
1353 2322 1363 2339 ,
1385 2297 1447 2343 189
1465 2308 1472 2328 :
1499 2295 1574 2328 To-

889 2357 988 2397 taque
997 2354 1161 2386 decrescit
1169 2350 1287 2395 refugo
1302 2351 1480 2384 Trinacria
1491 2350 1576 2381 visu.

891 2405 1015 2440 Heius.
1032 2403 1185 2438 malebat
1202 2404 1361 2436 mamma
1375 2401 1556 2434 subsidunt
1568 2425 1577 2442 ‚

889 2463 1012 2491 contra
1028 2463 1140 2502 poeta>
1156 2453 1351 2489 consilium.

914 2545 917 2549 ,
935 2510 1011 2555 347.
1036 2511 1231 2552 limumque
1252 2511 1288 2542 in
1303 2507 1441 2552 fronde.
1468 2504 1579 2540 Obli-

890 2568 995 2596 matae
1018 2567 1054 2595 et
1077 2560 1266 2594 luculentae
1286 2557 1579 2604 relinquebantur

891 2613 1033 2649 frondes
1061 2613 1228 2647 arborum
1243 2638 1252 2656 ,
1279 2618 1423 2658 propter
1450 2622 1578 2655 aquam

891 2679 955 2712 per
970 2665 1160 2700 alluviones
1181 2664 1377 2700 necessario
1398 2661 1578 2698 turbatam

890 2717 1136 2763 soedatamque.
1148 2718 1404 2754 Eeb—Fronde.
1416 2717 1580 2750 Frondem

893 2769 985 2805 Rod.
1001 2782 1073 2804 non
1092 2769 1240 2805 debebat
1256 2769 1299 2804 de
1317 2769 1406 2804 soliis
1429 2780 1553 2814 capere
1566 2793 1577 2812 ,
