1832 3100
267 211 324 269 98

641 206 694 250 P.
739 206 968 252 ov1D11
1005 171 1326 252 NASONIS*

263 299 485 350 Nascendi
511 284 726 366 spatium;
750 299 948 366 quaedam
969 298 1247 366 imperfecta,
1273 299 1454 367 suisque

265 381 441 427 Trunca
464 377 614 426 vident
635 377 831 426 numeris
851 397 861 425 ι
881 389 926 426 et
947 377 1102 425 eodem
1123 377 1170 425 in
1192 397 1378 444 corpore
1401 396 1514 445 saepe

264 455 417 504 Altera
438 474 539 522 pars
564 455 696 513 vivit,
721 454 846 503 rudis
870 466 937 503 est
959 473 1061 520 pars
1085 453 1218 502 altera
1239 453 1383 503 tellus.

266 534 469 599 Quippe,
487 532 562 580 ubi
591 532 844 598 temperiem
867 550 1059 581 sumsere
1083 531 1334 597 humorque
1355 532 1585 599 calorque,
1619 545 1687 591 430

271 610 563 676 Concipiunt3
588 621 630 658 et
649 610 705 657 ab
728 609 798 657 his
824 609 1031 657 oriuntur
1054 620 1212 657 cuncta
1235 609 1439 658 duobus:

267 688 508 753 Quumque
532 687 589 735 sit
612 686 728 749 ignis
753 705 875 752 aquae
897 705 1099 752 pugnax3
1124 706 1263 753 vapor
1282 686 1493 735 humidus
1513 701 1666 735 omnes

270 765 361 814 Res
386 776 526 822 creat,
551 776 596 812 et
620 764 786 812 discors
811 763 1049 813 concordia
1072 764 1255 813 foetibus
1277 776 1379 831 apta
1401 775 1480 813 est.

268 843 389 904 Ergo
413 842 492 890 ubi
518 841 684 890 diluvio
710 840 841 890 tellus
862 840 1078 889 lutulenta
1099 842 1264 890 recenti

272 918 456 966 Solibus
480 918 689 975 aetheriis‚
714 918 889 984 altoque
911 918 1141 967 recanduit
1163 930 1271 967 aestu
1289 938 1299 977 ;

1625 902 1692 975 43'5

269 998 427 1047 Edidit
449 998 701 1046 innumeras
722 998 911 1064 species;
933 999 1182 1066 partimque
1199 999 1364 1062 figuras

267 1146 370 1179 cendi
390 1146 547 1188 spatium.
574 1142 775 1178 Reserenda
796 1149 879 1178 sunt
905 1142 948 1177 ad

268 1197 364 1231 verb.
381 1198 574 1238 1'nven1‘un!;
590 1196 638 1230 sic
647 1195 743 1230 nulla
756 1195 949 1230 difficultas.

269 1269 313 1276 —·
334 1251 454 1294 Caepla.
481 1250 552 1284 Pro
570 1262 639 1294 quo
666 1249 752 1294 Reg.
781 1249 869 1283 8000
886 1247 952 1282 ha-

270 1302 329 1337 bet
342 1328 351 1346 ,
368 1307 460 1336 nata.
475 1301 618 1337 Obrect.
630 1306 759 1347 coepta,·
772 1301 833 1336 sed
848 1314 953 1346 supra

269 1359 354 1388 nala
366 1381 374 1394 ‚
394 1367 414 1388 a
430 1367 495 1388 sec.
513 1367 560 1388 m.

314 1406 389 1450 428.
408 1408 574 1440 Numen's.
599 1404 744 1440 Obrect.
771 1404 861 1440 Cod.
887 1407 951 1439 bu-

270 1462 380 1493 meris,
397 1477 442 1484 —-
456 1459 533 1492 Suis
549 1462 668 1492 trunca
682 1461 825 1492 numeris·
837 1483 846 1499 ,
866 1456 952 1502 qui-

270 1511 335 1545 bus
350 1510 447 1545 deest
461 1522 630 1544 numerus
645 1522 766 1543 earum
778 1509 949 1554 partium,

271 1574 349 1607 quae
377 1562 571 1607 perfectum
597 1568 632 1595 et
657 1560 854 1595 absolutum
876 1560 954 1594 ani-

272 1614 342 1649 mal
358 1614 525 1648 efficiunt.
553 1613 620 1648 Hae
639 1613 698 1647 ubi
713 1613 839 1647 adsunt
858 1638 867 1655 ,
897 1625 952 1647 res

271 1674 323 1703 est
338 1668 490 1700 omnibus
508 1668 650 1699 numeris
673 1667 841 1699 absoluta.
866 1664 955 1698 Ete-

272 1720 349 1754 nim
359 1721 574 1752 numerisunt
587 1724 700 1763 partes
711 1743 720 1759 ,
734 1729 882 1762 quarum
893 1729 956 1750 nu-

275 1784 393 1807 merus
410 1770 619 1816 requiritur,
638 1776 678 1803 ut
689 1782 743 1804 res
754 1769 867 1813 aliqua
879 1781 955 1814 per-

272 1825 363 1859 fecta
377 1823 419 1858 sit
436 1835 444 1856 :
463 1821 533 1856 vid.
555 1821 695 1856 Ernesti
713 1820 807 1855 Clav⁴
827 1819 899 1855 Cic.
921 1819 954 1853 h.

275 1889 350 1910 voc.
369 1874 424 1909 Cf.
436 1875 526 1908 infra
539 1873 621 1914 VII,
638 1873 708 1908 126.
723 1873 846 1918 Pomp.
860 1872 956 1907 Mela

275 1929 309 1963 d.
326 1928 368 1963 1.:
382 1943 397 1957 «
414 1928 484 1962 Per
500 1926 687 1960 humentes
704 1937 843 1970 campos
858 1937 955 1970 quae-

276 1980 358 2015 dam
373 1978 535 2013 nondum
545 1978 698 2024 perfecta
709 1976 881 2019 animalia,
895 1974 956 2010 sed

277 2039 355 2067 tum
383 2030 528 2065 demum
550 2029 752 2074 accipientia
773 2028 955 2074 spiritum,

277 2091 313 2119 et
329 2097 371 2118 ex
386 2090 484 2129 parte
502 2083 574 2127 jam
596 2082 744 2115 formata
760 2107 769 2124 ,
795 2093 835 2115 ex
859 2086 957 2125 parte

277 2136 391 2171 adhuc
404 2142 543 2170 terrena
557 2133 729 2167 visuntur.
740 2147 756 2162 »
778 2133 880 2166 Lucr.
900 2131 932 2163 V
946 2157 956 2174 ,

277 2187 342 2223 838
360 2180 399 2221 2⁵«
419 2185 518 2221 Orba
546 2185 675 2230 pedum
702 2184 828 2229 partim
842 2209 852 2226 ,
882 2195 960 2216 ma—

277 2251 392 2273 nuum
408 2237 549 2285 viduata
562 2236 711 2271 vicissim
724 2261 734 2278 ,
752 2235 868 2268 Multa
883 2234 960 2268 sine

277 2305 339 2327 ore
353 2291 458 2326 etiam
474 2298 538 2324 etc.
552 2304 569 2320 ι»
588 2289 721 2323 Totum
734 2295 852 2322 autem
867 2299 961 2321 sorn-

280 2345 381 2378 nium
395 2342 478 2376 inde
497 2348 558 2376 est.
586 2340 710 2385 Quum
728 2351 821 2374 ranae
840 2338 877 2371 in
898 2350 959 2382 pa·

278 2395 418 2430 ludibus
426 2394 527 2428 ovula
540 2393 717 2438 deponere
724 2392 870 2434 soleant,
884 2402 962 2435 quae

282 2447 409 2482 deinde
424 2447 537 2481 calore
552 2453 587 2480 et
598 2445 749 2479 humore
763 2442 961 2478 excludun-

281 2506 352 2542 tur,
366 2511 465 2533 error
474 2497 555 2532 inde
567 2503 669 2532 natus
681 2503 743 2538 est,
757 2508 857 2530 ranas
869 2494 963 2529 nasci

281 2567 323 2588 ex
339 2552 437 2594 limo,
458 2551 526 2586 XV
539 2577 549 2594 ,
574 2551 658 2596 375,
677 2549 841 2594 idemque
864 2561 963 2583 error

283 2616 364 2638 mox
380 2602 559 2637 traductus
577 2601 617 2636 ad
636 2601 700 2635 alia
717 2599 888 2634 animalia.

328 2655 404 2699 430.
434 2656 563 2697 Quippe
580 2656 641 2687 ubi
657 2660 722 2687 etc.
743 2651 878 2686 Laudat
901 2650 965 2685 hos

282 2719 400 2743 versus
413 2713 448 2740 et
457 2718 523 2740 suo
534 2703 640 2739 modo
653 2704 797 2751 explicat
809 2704 964 2738 Lactant-

1016 1147 1100 1182 Inst.
1118 1146 1203 1182 Div.
1218 1146 1275 1190 11,
1293 1156 1354 1189 lx,
1377 1147 1415 1180 15
1433 1158 1508 1191 sqq.
1529 1143 1625 1181 cum
1639 1145 1694 1181 his

1015 1199 1150 1234 duobus
1159 1198 1407 1245 AEg‘yptiorum
1415 1197 1591 1243 principiis
1597 1209 1695 1232 com-

1015 1264 1137 1297 parare
1162 1250 1310 1284 Valken.
1335 1249 1483 1284 Diatrib.
1510 1249 1548 1284 in
1572 1249 1696 1295 Eurip-

1016 1317 1049 1349 p.
1061 1305 1103 1347 54
1115 1329 1124 1346 ,
1139 1302 1238 1346 jubet
1252 1301 1479 1347 Anaxagorea
1491 1300 1535 1335 de
1547 1300 1695 1336 AEthere

1015 1362 1050 1389 et
1060 1353 1316 1398 Terra;quippe
1327 1364 1368 1386 ex
1375 1351 1501 1387 eodem
1509 1352 1606 1387 fonte
1614 1351 1696 1387 duc-

1014 1412 1059 1440 ta.
1070 1425 1115 1431 —
1126 1407 1325 1450 Temperiem
1336 1417 1463 1439 sumere
1471 1431 1479 1445 ,
1497 1403 1696 1449 temperari.

1059 1458 1134 1501 431.
1150 1457 1208 1491 Ab
1221 1459 1293 1498 his,
1317 1456 1447 1491 horum
1462 1456 1675 1491 interventu.

1059 1509 1133 1552 432.
1157 1510 1272 1552 Vapor
1284 1520 1356 1542 non
1373 1515 1426 1543 est
1447 1510 1508 1542 der
1519 1506 1674 1554 Damps,

1015 1569 1056 1596 ut
1073 1561 1162 1596 Rod.
1185 1560 1307 1604 vertit,
1327 1560 1388 1595 sed
1410 1560 1522 1604 calor,
1550 1567 1590 1595 ut
1617 1561 1696 1603 III,

1022 1617 1082 1649 152
1099 1622 1135 1649 et
1152 1614 1241 1649 alibi.
1253 1633 1298 1640 -
1308 1615 1472 1655 Fetibus,
1495 1612 1700 1648 animalibus

1017 1667 1253 1714 procreandis.
1523 1677 1527 1681 ·

1065 1720 1142 1764 433.
1158 1721 1326 1753 Discordi
1335 1720 1517 1753 concordia
1526 1716 1705 1752 mundum

1018 1780 1178 1807 constare
1190 1798 1199 1815 ,
1216 1771 1318 1806 multi
1332 1770 1526 1816 philosophi
1541 1777 1576 1805 et
1589 1776 1702 1816 poeta

1019 1829 1242 1859 censuerunt.
1256 1822 1311 1857 Cs-
1321 1823 1446 1857 Horat.
1454 1822 1563 1867 Epist.
1575 1822 1592 1856 I
1602 1848 1612 1865 ,
1625 1831 1680 1855 ΧΠ
1690 1846 1701 1864 ,

1024 1889 1074 1923 19.
1088 1875 1211 1910 Manil.
1225 1875 1261 1918 I,
1279 1876 1335 1918 141
1351 1874 1427 1909 :ubi
1439 1875 1611 1908 discordia
1618 1885 1703 1907 con-

1020 1941 1105 1963 cors.
1126 1927 1357 1973 Empedocles
1371 1953 1382 1971 ,
1406 1933 1534 1973 praeter
1550 1933 1703 1971 quatuor

1021 1981 1196 2015 elementa
1226 1979 1419 2014 materialia
1438 2005 1448 2023 ,
1480 1978 1601 2014 statuit
1629 1976 1702 2011 duo

1021 2033 1201 2079 operantia
1215 2058 1225 2076 ,
1252 2037 1353 2079 φιλίαν
1368 2038 1404 2066 et
1419 2040 1513 2071 νεῖκος
1530 2043 1539 2066 t
1556 2043 1703 2065 concor-

1021 2088 1114 2120 diam
1130 2092 1166 2120 et
1182 2086 1394 2119 discordiam.
1411 2083 1516 2128 Diog.
1530 2082 1645 2118 Laert.
1664 2081 1702 2117 in

1026 2136 1231 2182 Empedocl-

1067 2190 1143 2233 435.
1160 2191 1253 2224 Alto.
1279 2189 1401 2222 Burm.
1418 2200 1459 2222 ex
1475 2199 1551 2221 uno
1571 2185 1705 2231 Sprotii

1024 2244 1115 2276 almo
1130 2247 1310 2286 receperat
1320 2266 1330 2283 ,
1356 2239 1437 2285 quia
1452 2241 1576 2273 almum
1591 2235 1704 2282 quod-

1025 2306 1164 2338 cunque
1190 2293 1249 2327 alit
1272 2299 1307 2326 et
1326 2298 1439 2336 auget.
1468 2289 1588 2333 Ceteri
1610 2301 1704 2323 con·-

1024 2353 1159 2380 stanter
1169 2348 1303 2389 altoque
1313 2371 1321 2384 ,
1340 2342 1434 2388 quod
1450 2354 1515 2376 nos
1529 2340 1707 2375 revocavi-

1026 2411 1106 2432 mus
1119 2424 1129 2440 ,
1154 2397 1235 2442 quia
1253 2395 1377 2430 melius
1398 2393 1565 2428 convenit
1581 2394 1710 2427 solibus

1026 2453 1180 2485 oethen'is.
1196 2466 1241 2473 —
1255 2448 1362 2482 Allus
1373 2474 1381 2487 ,
1399 2446 1470 2481 sole
1485 2446 1522 2480 in
1539 2444 1608 2479 alto
1622 2443 1707 2478 caelo

1027 2503 1180 2537 effectus.
1191 2520 1236 2526 —
1245 2502 1448 2535 Recanduil.
1459 2498 1550 2532 Vide
1561 2497 1605 2532 ad
1616 2497 1707 2537 XII,

1031 2567 1098 2594 ¹²3
1123 2553 1213 2587 Plin.
1237 2553 1323 2586 Pan.
1349 2551 1392 2585 30
1412 2563 1421 2584 :
1442 2550 1615 2597 AEgyptus
1638 2546 1708 2581 alto

1022 2608 1157 2649 pulvere
1180 2605 1378 2643 incanduit,
1402 2602 1462 2636 ubi
1485 2615 1517 2635 v.
1534 2599 1709 2636 Schwarz.

1074 2657 1148 2700 436.
1174 2658 1307 2700 Species
1321 2662 1355 2689 et
1358 2657 1512 2700 figuras,
1538 2650 1708 2687 animalia.

1030 2709 1122 2745 Vide
1143 2709 1186 2744 ad
1200 2722 1287 2744 vers.
1308 2722 1336 2743 ι.
