1832 3100
294 231 380 286 340

607 278 609 282 f
652 231 704 274 P.
746 230 989 275 OVIDII
1032 230 1333 276 NASONIS

289 323 468 390 Viperei
490 321 680 372 referens
704 323 894 391 spolium
917 323 1200 373 memorabile
1219 325 1436 383 monstri,

291 401 406 450 Aera
430 400 636 467 carpebat
659 412 857 450 tenerum
880 401 1170 450 stridentibus
1193 401 1286 450 alis.

1635 411 1703 451 615

292 478 532 543 Quumque
555 496 686 544 super
706 478 894 544 Libycas
918 478 1062 526 victor
1082 478 1294 544 penderet
1312 497 1463 527 arenas
1476 515 1488 536 ,

294 553 519 619 Gorgonei
542 555 697 622 capitis
721 567 855 618 guttae
879 555 1070 604 cecidere
1093 567 1280 604 cruentae
1299 575 1309 604 :

290 633 415 697 Quas
438 633 599 681 humus
619 644 820 698 exceptas
843 631 988 680 varios
1008 633 1215 681 animavit
1237 633 1284 681 in
1306 652 1495 696 angues3

289 710 419 759 Unde
442 711 647 776 frequens
672 708 748 757 illa
768 721 834 757 est
848 746 860 766 ,
884 708 1128 774 infestaque
1151 720 1264 757 terra
1287 708 1494 758 colubris.

287 787 397 835 Inde
421 806 500 853 per
519 787 780 835 immensum
802 786 943 834 ventis
965 785 1246 834 discordibus
1267 798 1389 834 actus

1631 802 1698 835 620

282 866 411 912 Nunc
430 863 518 912 huc
533 901 543 920 ,
569 882 687 911 nunc
707 862 813 910 illuc
828 900 840 919 ‚
867 861 1066 928 exemplo
1090 862 1223 910 nubis
1245 880 1420 928 aquosae
1435 898 1448 919 ,

287 943 469 999 Fertur,
497 951 540 988 et
564 958 615 987 ex
636 939 726 988 alto
749 939 950 988 seductas
973 940 1131 988 aethere
1157 939 1288 1002 longe
1335 931 1340 935 ’

283 1019 524 1085 Despectat
546 1028 709 1074 terras;
737 1028 968 1082 totumque
992 1015 1246 1082 supervolat
1267 1016 1433 1064 orbem.

284 1096 372 1144 Ter
395 1095 560 1159 gelidas
581 1096 742 1142 Arctos
762 1131 773 1152 ,
801 1106 867 1142 ter
891 1094 1047 1142 Cancri
1067 1093 1248 1142 brachia
1269 1093 1379 1141 vidit
1398 1114 1408 1141 :

287 1175 413 1242 Saepe
437 1174 520 1222 sub
545 1191 748 1229 occasus,
775 1190 888 1238 saepe
911 1183 977 1220 est
998 1169 1170 1219 ablatus
1193 1171 1239 1218 in
1261 1181 1396 1218 ortus.

1628 1184 1694 1219 625

279 1253 465 1318 Jamque
490 1250 670 1299 cadente
694 1249 763 1297 die
786 1248 952 1296 veritus
975 1266 1019 1296 se
1044 1247 1217 1295 credere
1237 1247 1359 1294 nocti

320 1383 396 1426 614.
427 1382 598 1426 Vipereum
622 1385 822 1421 monstrum,
852 1386 956 1424 caput

279 1433 439 1468 RIedusae
453 1459 462 1476 ,
482 1433 526 1467 de
551 1445 621 1477 quo
644 1445 732 1467 vers.
762 1444 825 1477 77⁰
854 1444 953 1476 sqq.:

279 1490 396 1535 ὕστερον
421 1487 555 1533 πρότερον
579 1483 729 1529 exponit.
747 1501 792 1509 —
819 1484 955 1517 Alemo-

279 1538 404 1577 rabile,
426 1537 517 1569 sama
533 1534 754 1570 celebratum.
781 1534 955 1579 Expressit

280 1594 399 1622 autem
424 1586 458 1620 h.
482 1586 504 1620 l.
534 1586 697 1631 Apollon.
730 1585 846 1620 Rhod.
874 1585 952 1628 lv,

282 1639 376 1674 1513.
398 1656 442 1663 —
460 1637 572 1677 Aera,
599 1644 767 1681 tanquam
792 1636 893 1671 viam.
910 1654 955 1661 —-

282 1692 466 1734 carpebat,
504 1689 649 1723 volabat.
675 1689 782 1723 Forte
806 1688 954 1733 respexit

277 1741 376 1787 Virg.
394 1741 523 1786 Georg.
537 1741 607 1784 ·1V,
623 1740 697 1774 310.
721 1757 765 1767 —-
786 1741 953 1774 Tenerum.

276 1793 447 1829 Usitatius
464 1800 515 1828 est
529 1798 667 1826 tenuem.
687 1791 759 1827 Sed
780 1798 815 1826 et
831 1791 952 1838 Virgil.

277 1846 421 1881 AEueid.
437 1847 490 1881 IX
503 1871 512 1890 ,
531 1846 598 1892 699
609 1871 619 1888 ,
635 1849 777 1879 tenerum
794 1856 899 1886 aera5
918 1851 954 1879 et

275 1899 414 1933 Lucret.
444 1898 482 1941 I,
505 1898 570 1931 208
585 1923 594 1940 ,
622 1901 753 1931 teneras
777 1909 889 1930 auras.
910 1914 954 1922 ——

276 1951 335 1987 Ad
360 1950 574 1986 celeritatem
604 1949 738 1984 itineris
767 1948 954 1983 declaran—

278 2003 501 2038 damPerseo
516 2005 578 2036 ala·
594 2000 681 2035 datae
697 2007 778 2035 sunt
791 2026 799 2043 ,
820 1999 861 2034 de
875 2000 955 2045 qui-

278 2056 342 2091 bu's
354 2056 431 2090 vide
447 2055 490 2090 ad
502 2067 639 2090 versum
655 2054 730 2089 655.
749 2052 880 2087 Volans
893 2065 954 2086 cx·-

278 2120 413 2154 pressus
438 2107 543 2141 etiam
568 2113 642 2140 erat
663 2106 698 2139 in
720 2105 829 2139 Scuto
850 2105 952 2138 Her-

277 2158 372 2192 culis.
397 2156 542 2191 Hesiod.
559 2156 623 2190 216
637 2169 710 2200 sqq.
724 2174 767 2180 —
782 2157 951 2190 Penderel.

280 2208 373 2243 Vide
390 2207 433 2242 ad
450 2208 486 2242 ΙΙ
498 2233 508 2250 ,
535 2209 606 2251 708.
622 2224 669 2232 -·
692 2208 825 2253 Libyca·
846 2220 953 2240 arena

280 2265 423 2306 propter
438 2259 624 2293 siccitatem
636 2269 644 2290 ε
658 2257 734 2291 vide
751 2257 793 2291 ad
807 2257 842 2291 11
855 2283 864 2300 ,
879 2257 952 2292 235.

324 2313 400 2357 617.
421 2312 659 2354 Gorgoneietc.
672 2309 729 2344 Sic
741 2315 775 2343 et
791 2309 952 2354 Apollon.

279 2364 358 2407 IV,
385 2365 435 2398 15.
453 2361 523 2397 Sed
548 2360 723 2396 Nicander
745 2360 851 2394 Ther.
876 2360 950 2395 init.

281 2415 482 2450 auctoritate
495 2412 651 2456 Hesiodi,
664 2412 833 2446 Titanum
846 2425 863 2446 e
875 2424 951 2446 san-

283 2468 387 2513 guine
405 2471 592 2499 venenatas
615 2464 738 2498 bestias
764 2471 855 2498 ortas
880 2476 951 2497 esse

280 2519 382 2553 canit.
398 2516 615 2561 Sanguinem
631 2515 812 2562 Typhonis
827 2514 952 2549 substi-

281 2572 347 2606 tuit
364 2569 550 2604 Acusilaus.
566 2567 646 2602 Vid.
660 2567 774 2602 Schol.
786 2567 952 2601 Nicandri

280 2629 315 2656 et
341 2621 501 2666 Apollon.
527 2620 568 2654 ad
586 2619 619 2653 d.
636 2620 656 2653 l.
671 2637 715 2644 —-
731 2620 905 2653 Animam
916 2620 952 2652 in

280 2687 422 2718 angues,
446 2673 597 2708 breviter
611 2672 763 2715 dictum,
787 2671 952 2705 animavit

280 2733 320 2763 et,
331 2726 435 2762 vertit
448 2726 484 2760 in
500 2738 639 2770 angues.
649 2742 693 2750 -
707 2724 812 2758 Unde.
831 2723 952 2759 Codex

1017 1377 1148 1424 Regius
1164 1377 1194 1412 B
1208 1404 1218 1422 ,
1240 1379 1339 1420 inde,·
1365 1376 1467 1411 male.
1487 1377 1552 1412 Ed.
1566 1394 1610 1403 —·
1624 1377 1691 1411 Iu-

1006 1431 1107 1476 fisla
1122 1443 1217 1465 nunc
1231 1429 1361 1475 passive
1373 1455 1383 1472 ,
1406 1440 1482 1474 quae
1498 1428 1691 1463 infestatur.

1020 1481 1102 1515 Vid.
1120 1480 1274 1525 Gellius,
1292 1481 1337 1515 N.
1357 1479 1401 1514 A.
1416 1480 1489 1524 lx,
1515 1492 1565 1514 12.
1581 1480 1694 1514 Pom-

1015 1532 1142 1578 ponius
1157 1531 1272 1575 Mela,
1290 1531 1368 1575 111,
1389 1543 1429 1564 ιο
1445 1543 1454 1565 :
1479 1533 1595 1566 Prima
1617 1531 1691 1575 ejus

1015 1585 1189 1627 AEthiopes
1204 1587 1334 1624 tenent,
1356 1584 1467 1616 media
1482 1584 1593 1625 nulli‚·
1613 1595 1692 1616 nam

1014 1638 1077 1669 aul
1085 1638 1204 1668 exusta
1212 1638 1293 1667 sunl
1300 1660 1310 1674 ,
1328 1638 1390 1667 aut
1402 1637 1515 1668 arem&
1523 1636 1669 1669 obducta
1678 1659 1687 1674 ,

1015 1691 1079 1719 aut
1091 1684 1218 1728 infesta
1230 1686 1443 1728 serpentibus.

1059 1738 1135 1772 620.
1144 1739 1293 1782 Indeper
1301 1740 1492 1771 immensum
1501 1743 1565 1773 ete.
1575 1736 1687 1772 Com-

1016 1789 1121 1823 mode
1146 1788 1218 1823 haec
1239 1801 1347 1833 usque
1374 1788 1416 1823 ad
1432 1800 1573 1823 versum
1595 1789 1659 1823 625
1678 1816 1687 1832 ‚

1017 1842 1131 1876 abesse
1146 1847 1287 1886 possent
1295 1854 1309 1881 3
1327 1840 1453 1875 obsunt
1467 1852 1551 1885 ergo
1566 1839 1688 1875 brevi-

1016 1894 1077 1928 tati
1089 1907 1193 1939 ,quae
1209 1893 1334 1930 eximia
1347 1894 1555 1930 narrationis
1570 1894 1688 1929 virtus.

1015 1966 1060 1974 —
1077 1949 1274 1982 Immensum
1285 1974 1294 1987 ‚
1321 1954 1361 1981 ut
1376 1947 1455 1981 alibi
1476 1949 1599 1988 Inane,
1619 1947 1686 1981 ab-

1016 2000 1126 2035 solute
1136 1999 1179 2034 de
1190 2013 1280 2034 aere.
1290 1999 1464 2045 Expressit
1480 2006 1597 2035 autem
1608 1999 1688 2034 Ho-

1017 2064 1134 2086 merus
1144 2078 1153 2095 ,
1166 2051 1236 2086 Od.
1248 2051 1278 2085 E
1287 2077 1297 2095 ,
1311 2051 1377 2085 330
1384 2064 1458 2096 sqq.
1470 2063 1478 2086 :
1490 2054 1594 2096 ἄνεμοι
1606 2053 1688 2097 φέρον

1016 2107 1083 2139 ’ἔνθα
1093 2109 1145 2139 καὶ
1158 2106 1235 2147 mx.
1251 2097 1359 2140 Ᾰλλοτε
1374 2105 1430 2147 μέν
1445 2118 1477 2138 τι
1491 2105 1584 2142 Νότος
1596 2105 1686 2152 Βορίῃ

1014 2158 1192 2205 προέοέλεσκε
1224 2152 1361 2205 ςὲὲρεσθαι
1378 2181 1388 2199 ,
1414 2150 1524 2192 dinen
1557 2155 1588 2190 δ’
1622 2155 1689 2192 αὖτ’

1015 2208 1108 2257 Εὖρος
1121 2209 1242 2257 Ζεφύρῳ
1257 2214 1320 2242 etc.
1331 2224 1376 2233 -
1388 2208 1564 2247 seductas,
1584 2206 1686 2252 longe

1017 2272 1037 2294 a
1059 2272 1094 2294 se
1118 2259 1294 2294 distantes.
1318 2259 1426 2295 MSS.
1454 2259 1685 2303 Bersmanni,

1015 2315 1180 2353 semolas;
1200 2310 1309 2346 nostri
1326 2310 1445 2355 Regii,
1469 2312 1634 2344 seductas.
1645 2326 1688 2337 —-·

1022 2363 1162 2397 Gelidus
1185 2366 1304 2397 arctos.
1329 2361 1630 2407 Bemeggerianus
1653 2367 1688 2396 et

1017 2414 1126 2449 nostri
1145 2413 1243 2458 Regii
1258 2438 1268 2455 ,
1283 2415 1444 2457 geminas.

1061 2466 1134 2499 626.
1154 2466 1299 2499 Cadenle
1318 2466 1393 2504 die,
1425 2470 1583 2508 tempore
1604 2477 1687 2499 ves—

1016 2516 1164 2560 pertino.
1180 2515 1326 2560 Proprie
1334 2517 1400 2549 ·sol
1407 2516 1518 2555 cadit,
1543 2514 1686 2557 occidit,

1014 2566 1074 2601 sed
1091 2567 1181 2612 apud
1204 2573 1321 2612 poetas
1345 2568 1451 2600 etiam
1470 2568 1542 2600 dies
1565 2572 1601 2600 et
1618 2565 1684 2601 lux.

1016 2637 1059 2644 —
1079 2619 1231 2652 Veretur
1250 2631 1288 2652 se
1303 2621 1399 2652 nocti
1407 2619 1551 2657 credere,
1579 2622 1685 2651 noctu

1015 2672 1082 2706 iter
1095 2672 1206 2706 sacere
1222 2698 1231 2715 ,
1252 2685 1298 2706 ne
1314 2672 1452 2706 aberret
1467 2683 1486 2704 a
1499 2670 1562 2703 via.
1578 2669 1685 2703 Con-

1015 2723 1101 2759 stitit
1124 2724 1161 2758 in
1187 2723 1389 2759 occidentali
1417 2722 1540 2757 Africa
1561 2728 1657 2767 parte
1673 2748 1682 2764 ,
