1832 3100
260 229 348 284 264

613 233 664 276 P.
716 226 954 279 OVIDII
992 234 1295 281 NASONIS

262 324 372 385 Igne
394 321 480 370 levi
502 342 633 382 cerae,
658 326 969 393 matutinaeque
987 328 1157 394 pruinae

260 398 365 448 Sole
391 410 564 465 tepente
588 400 758 460 solent;
785 403 846 450 sic
869 415 1119 453 attenuatus
1143 419 1290 454 amore

260 475 494 542 Liquitur3
519 489 564 527 et
588 497 699 527 caeco
724 479 935 546 paulatim
956 481 1149 547 carpitur
1171 481 1278 544 igni.

1607 495 1673 542 490

258 553 320 601 Et
342 572 484 620 neque
501 555 589 620 jam
609 555 734 605 color
755 569 821 606 est
843 558 980 606 mixto
1002 559 1190 607 candore
1214 555 1394 615 rubori;

263 629 355 678 Nec
378 630 525 692 vigor,
554 643 597 680 et
618 633 754 691 vires,
780 645 824 682 et
843 653 938 701 quae
959 635 1091 683 modo
1116 635 1206 683 visa
1229 634 1486 701 placebant,

262 707 354 756 Nec
375 727 535 775 corpus
557 722 751 759 remanet
765 748 776 769 ,
802 711 1022 778 quondam
1045 711 1165 778 quod
1190 721 1405 759 amaverat
1425 710 1565 759 Echo.

263 785 376 849 Quae
400 798 544 835 tamen
566 799 618 835 ut
640 788 774 847 vidit,
801 789 998 855 quamvis
1019 789 1128 837 irata
1151 807 1431 854 memorque,

259 862 458 911 Indoluit
480 884 490 911 ε
513 865 775 932 quotiesque
800 886 912 933 puer
933 866 1216 925 miserabilis,
1239 866 1395 914 Eheu!
1607 879 1674 926 495

258 940 466 1000 Dixerat;
491 941 582 991 haec
605 944 774 991 resonis
800 943 986 992 iterabat
1010 944 1218 1002 vocibus,
1245 943 1403 992 Eheu!

262 1017 504 1084 Quumque
527 1038 632 1067 suos
656 1021 861 1069 manibus
883 1033 1158 1087 percusserat
1177 1020 1252 1069 ille
1270 1021 1480 1079 lacertos,

259 1095 364 1142 Haec
386 1115 562 1162 quoque
584 1096 799 1145 reddebat
818 1098 1013 1158 sonitum
1032 1096 1261 1163 plangoris
1284 1097 1500 1145 eumdem.

263 1171 430 1221 Ultima
454 1193 539 1222 vox
564 1174 739 1223 solitam
760 1174 846 1223 fuit
869 1175 958 1223 haec
982 1172 1220 1240 spectantis
1242 1173 1290 1220 in
1312 1173 1502 1230 undam;

262 1250 364 1297 Heu
387 1250 550 1300 frustra
574 1252 730 1300 dilecte
751 1253 888 1318 puer!
914 1251 1186 1317 totidemque
1210 1250 1377 1298 remisit

1613 1262 1678 1296 500

261 1326 409 1374 Verba
432 1327 583 1385 locus‘,
606 1328 818 1394 dictoque
842 1328 974 1385 Vale,
1002 1327 1111 1375 Vale
1133 1327 1282 1393 inquit
1301 1339 1345 1376 et
1361 1326 1504 1382 Eeho.

261 1401 341 1450 Ille
368 1415 500 1469 caput
524 1404 653 1451 viridi
674 1404 837 1452 fessum
862 1404 1068 1452 submisit
1090 1405 1135 1452 in
1153 1405 1317 1463 herba;

262 1479 450 1527 Lumina
472 1499 561 1528 nox
585 1479 772 1538 claudit,
798 1481 967 1528 domini
990 1480 1192 1529 mirantia
1214 1482 1414 1529 formam.

304 1601 379 1647 490.
397 1600 560 1644 liquitur.
584 1598 758 1644 Liquescit
783 1611 821 1634 ac
843 1612 938 1644 pau-

260 1651 356 1685 latim
380 1651 608 1686 consumitur.
626 1652 691 1684 Ed.
718 1668 761 1676 —-
786 1652 836 1684 Et
849 1663 938 1685 caeco

259 1709 406 1749 carpitur
417 1708 498 1749 igni.
514 1704 663 1739 occulto
679 1717 798 1738 amore
814 1730 823 1747 ,
845 1704 939 1737 clan-

259 1755 396 1790 destino
409 1782 418 1799 ,
434 1768 497 1800 per
506 1756 664 1790 membra
681 1763 716 1790 et
726 1768 799 1790 ossa
814 1767 939 1789 mean-

260 1807 286 1841 ti
300 1832 309 1849 ,
339 1808 522 1843 cruciatur.
551 1808 646 1842 Male
669 1807 779 1842 nostri
807 1806 906 1852 Regii
925 1831 934 1850 ,

259 1863 345 1892 lecto
358 1886 366 1899 ,
392 1858 485 1904 quod
503 1859 650 1905 glossam
661 1857 806 1893 redolet.
817 1858 936 1903 Longe

259 1911 399 1955 rectius,
418 1925 506 1946 coeco
520 1915 607 1956 igni,
621 1911 744 1946 tertius
757 1910 938 1945 Mediceus

259 1969 295 1997 et
312 1963 467 2008 quinque
485 1964 539 1998 alii
553 1978 560 2005 ;
578 1977 636 1998 sex
647 1976 711 2008 pro
724 1963 857 1997 diversa
867 1962 939 1996 lec-

258 2017 354 2050 tione
372 2016 405 2050 id
417 2018 530 2062 ipsum
542 2017 714 2052 exhibent.
727 2017 859 2051 Notum
870 2015 938 2050 hoe

260 2067 358 2113 Vir-g.
371 2068 453 2102 AEn.
466 2069 531 2111 IV,
546 2083 563 2102 2
576 2095 585 2111 ,
607 2071 734 2103 Vulnus
743 2071 808 2102 alit
818 2070 912 2101 venis
921 2093 930 2107 ,

257 2124 292 2153 el
317 2133 404 2154 coeco
432 2124 582 2164 carpitur
608 2125 688 2164 tjgtu’.
717 2120 783 2154 Ed.
810 2139 856 2146 ·-
880 2120 936 2155 De

257 2173 364 2206 verbo
375 2177 486 2216 carpi,
509 2172 588 2207 vide
601 2173 643 2207 ad
659 2174 716 2216 11,
741 2176 798 2218 78ι
815 2187 823 2215 ;
841 2172 935 2207 unde

259 2231 417 2269 apparet,
436 2228 568 2268 passim
584 2238 679 2258 nunc
695 2238 791 2270 posse
809 2225 936 2259 abesse.

257 2292 301 2302 --
310 2278 359 2310 Et
368 2279 470 2317 vires,
485 2288 548 2321 pro
563 2289 624 2310 nec
635 2279 741 2310 vires:
753 2275 832 2310 vide
845 2276 936 2310 Bur-

258 2340 443 2362 mannum.

299 2382 374 2427 491.
402 2382 452 2414 Et
473 2392 577 2425 neque
607 2387 671 2414 etc.
703 2379 758 2413 Ad
785 2383 935 2425 φιλαύτων

255 2434 399 2478 νεοσᾰᾳων
410 2438 445 2465 et
457 2433 663 2477 δοκησισᾶφωυ
673 2431 812 2477 ingenia
823 2432 935 2476 expri-

254 2482 382 2516 menda
395 2508 404 2525 ,
423 2483 600 2529 eleganter
615 2482 764 2517 sumitur
781 2482 845 2517 flos
861 2495 934 2517 ver-

254 2545 341 2576 nus,
359 2534 523 2579 idemque
553 2539 710 2579 φίλομέρυς
736 2534 860 2580 pluviae
880 2534 933 2569 si—

253 2584 349 2627 titor,
369 2598 478 2629 quum
493 2586 664 2630 ejusmodi
684 2586 823 2630 ingenia
836 2598 934 2631 spem

252 2635 303 2669 sui
321 2636 383 2669 sub
403 2636 499 2670 initia
521 2637 704 2682 prodigam
728 2637 906 2682 praebeant
921 2663 932 2681 ‚

256 2701 362 2733 quam
374 2695 491 2723 tamen
505 2691 646 2734 fallunt,
663 2697 697 2725 et
714 2691 820 2736 frugis
831 2692 933 2727 bonae

253 2742 528 2787 expectationem
546 2742 750 2778 destituunt.
767 2743 832 2778 Ed.

1046 1602 1119 1648 494.
1141 1602 1300 1644 Quamvis
1311 1603 1402 1634 itala
1415 1611 1596 1643 memorque
1611 1601 1649 1633 se*
1660 1611 1677 1631 a

1003 1652 1161 1687 Narcisso
1179 1652 1280 1686 fuisse
1292 1659 1453 1697 spretam.
1466 1653 1532 1686 Ed.
1545 1668 1589 1677 ·-··
1602 1652 1678 1684 Me-

1002 1717 1081 1743 mor,
1099 1704 1225 1738 scilicet
1243 1703 1380 1748 injuriae
1396 1703 1459 1748 ipsi
1474 1699 1580 1737 sactae.
1606 1701 1675 1737 Sed

1003 1756 1158 1801 displicet
1169 1756 1343 1790 Glareano
1354 1782 1363 1799 ,
1382 1755 1473 1800 quod
1487 1754 1584 1790 Echo
1595 1767 1677 1788 mu-

1002 1817 1072 1845 tata
1088 1810 1125 1844 in
1146 1809 1297 1855 lapidem
1322 1812 1445 1844 w’den'l
1468 1808 1675 1845 Narcissum.

1003 1861 1207 1906 Respondet
1217 1862 1442 1896 Burmannus
1451 1868 1591 1907 poetam
1600 1872 1677 1894 nar-

1002 1928 1093 1949 rasse
1112 1914 1255 1959 quidem
1270 1914 1348 1959 jam
1359 1921 1460 1948 antea
1477 1919 1676 1947 metamor-

1003 1966 1127 2011 phosin
1146 1965 1262 2000 Echus
1276 1992 1285 2009 ,
1303 1965 1363 2000 sed
1381 1977 1459 2000 eam
1477 1964 1580 1999 simul
1596 1976 1678 1998 cum

1002 2019 1151 2054 Narcissi
1169 2019 1474 2054 transformatione
1490 2018 1617 2052 saetam
1629 2029 1679 2051 es-

1002 2084 1048 2106 se.
1066 2071 1193 2105 Putem
1206 2097 1216 2113 ‚
1234 2073 1346 2105 videre
1357 2069 1504 2104 omnino
1515 2081 1588 2104 esse
1602 2081 1679 2103 sen-

1003 2122 1067 2155 tire
1081 2147 1090 2165 ,
1109 2121 1314 2167 intelligere.
1330 2122 1409 2156 Hoc
1420 2127 1557 2166 poterat
1569 2146 1578 2164 ‚
1599 2119 1679 2165 quia

1002 2187 1098 2209 nunc
1123 2187 1263 2219 quoque
1289 2186 1437 2219 persona
1462 2178 1547 2208 erat.
1572 2173 1678 2208 Prae-

1002 2231 1097 2259 terea
1107 2225 1228 2270 saepius
1237 2225 1309 2269 jam
1321 2224 1592 2266 observavimus,
1604 2222 1679 2257 haec

1003 2283 1038 2311 et
1054 2277 1133 2311 talia
1151 2277 1188 2311 in
1202 2277 1332 2312 ovidio
1341 2289 1414 2311 non
1428 2289 1499 2311 esse
1513 2274 1678 2321 urgenda.

1003 2327 1182 2363 Caeterum
1199 2328 1377 2374 ingeniose
1395 2327 1494 2362 Echo
1505 2327 1560 2361 hic
1571 2325 1679 2360 indu-

1000 2379 1091 2413 citur
1121 2387 1156 2414 et
1181 2379 1305 2414 sabulae
1335 2378 1535 2413 innectitur.
1561 2375 1679 2411 Etiam

998 2430 1083 2464 illud
1099 2433 1243 2465 indoluit
1257 2444 1297 2465 ex
1313 2437 1440 2465 natura
1457 2429 1574 2464 Echus
1587 2429 1678 2463 bene

998 2483 1237 2517 confirmatur.
1257 2482 1352 2516 Male
1378 2481 1546 2517 Heinsius
1569 2480 1675 2515 etiam

998 2547 1099 2568 versu
1112 2536 1172 2568 501
1185 2560 1194 2577 ‚
1215 2537 1311 2568 lacus
1328 2533 1468 2579 recepit.
1484 2533 1600 2567 Immo
1615 2533 1676 2566 lo-

997 2599 1077 2625 cus,
1100 2586 1137 2620 in
1156 2599 1225 2631 quo
1243 2593 1378 2621 mutata
1401 2585 1519 2629 Echo,
1546 2583 1677 2619 remit—

997 2638 1092 2672 tebat
1108 2637 1225 2672 verba.

1041 2692 1115 2725 503.
1132 2692 1212 2725 Nox
1231 2691 1369 2725 claudit.
1402 2688 1551 2724 Codices
1566 2687 1675 2721 nostri

998 2742 1098 2787 Regii
1111 2768 1121 2788 ‚
1135 2756 1224 2779 mors
1235 2745 1367 2779 clausit,
1380 2742 1503 2787 Quum
1515 2739 1570 2775 hic
1577 2739 1674 2774 nullo
