1832 3100
351 210 1048 257 METAMORPHOSEON
1079 214 1210 258 LIB.
1245 215 1335 260 VI.

1472 213 1562 277 4¹9

137 307 335 372 Utraque
358 304 595 362 festinant,
622 303 864 370 cinctaeque
887 304 941 353 ad
965 318 1146 371 pectora
1164 320 1307 356 vestes
1321 345 1333 367 ‚

134 382 323 433 Brachia
344 382 474 431 docta
496 393 677 430 movent
693 419 714 440 ‚,
735 381 884 430 studio
908 381 1087 431 fallente
1110 382 1322 433 laborem.
1518 402 1563 435 60

135 459 233 511 Illic
255 472 301 510 et
321 459 507 527 Tyrium
530 479 627 527 quae
652 478 851 527 purpura
874 461 1011 510 sensit
1035 460 1226 510 ahenum
1244 500 1256 521 ,

134 538 346 598 Texitur,
370 549 416 588 et
437 542 592 588 ten'ues
615 538 740 605 parvi
763 537 1028 588 discriminis
1048 539 1244 588 umbrae:

135 614 296 680 Qualis
321 616 377 665 ab
401 616 544 666 imbre
566 616 679 666 solet
700 635 939 684 percussus
961 616 1134 666 solibus
1159 637 1286 667 arcus

133 692 317 744 Inficere
339 683 512 757 ingenti
534 693 723 757 longum
747 695 996 743 curvamine
1021 694 1174 744 caelum
1196 716 1207 754 ;

132 773 188 820 ln
209 791 301 839 quo
324 772 486 822 diversi
507 773 679 822 niteant
703 792 840 839 quum
859 772 979 820 mille
1003 772 1200 832 colores,
1519 791 1565 825 65

129 851 366 902 Transitus
389 851 484 919 ipse
508 863 655 900 tamen
680 851 925 918 spectantia
948 850 1117 900 lumina
1135 850 1263 900 fallit.

131 929 289 997 Usque
310 929 420 979 adeo
444 929 567 996 quod
590 928 731 992 tangit
756 929 874 978 idem
896 931 987 978 est!
1015 942 1162 978 tamen
1184 929 1341 979 ultima
1366 931 1545 981 distant.

131 1067 201 1104 tes,
228 1069 270 1098 ut
290 1062 370 1098 alibi
384 1066 534 1098 insectus
545 1067 676 1107 pecten.
692 1062 818 1099 Vestes

126 1129 296 1162 percusse
313 1119 450 1161 pectine
464 1116 556 1162 apud
580 1116 605 1151 J
608 1116 792 1151 uvenalem
806 1143 816 1161 ‚

133 1169 207 1205 Sat.
233 1169 287 1203 lx
303 1195 314 1212 ,
346 1168 417 1211 30;
445 1169 580 1204 confer.
609 1167 741 1203 Lucan.
760 1169 816 1213 X,

137 1223 210 1267 142.
235 1222 366 1258 Noster
390 1235 409 1257 e
434 1222 533 1268 copia
561 1221 697 1268 poetica
723 1234 818 1256 con-

131 1276 248 1322 junxit
255 1275 561 1321 percussoftriunt.
571 1275 720 1310 Lenzius
729 1287 818 1309 con-

132 1334 188 1363 tra
199 1341 395 1373 pen-ussum
415 1327 561 1374 explicat
577 1328 795 1374 perforatum
805 1354 816 1372 ,

131 1387 302 1427 putatque
316 1407 326 1425 ,
342 1382 460 1415 dentes
475 1380 578 1415 fuisse
593 1380 733 1415 bacillos
746 1379 817 1414 istis

130 1433 365 1468 foraminibus
376 1431 518 1468 inditos.
532 1451 576 1458 —
585 1434 720 1467 Doctus
731 1459 740 1474 ,
761 1448 817 1467 σο-

132 1489 185 1533 φός
198 1511 208 1530 ,
227 1485 372 1532 peritus.
390 1483 575 1520 Claudian.
592 1485 628 1528 I,
653 1486 816 1531 177,pol-

129 1539 187 1572 lez·
202 1539 322 1572 doclus
334 1536 566 1571 lanificarmn.
581 1555 626 1562 —-
640 1537 792 1571 Studium
803 1562 812 1577 ,

129 1588 237 1625 ardor
246 1589 470 1624 certantium.
486 1607 532 1615 —-
541 1589 665 1629 Fallil,
684 1587 815 1622 minuit

129 1642 288 1678 laborem
301 1667 311 1687 ‚
327 1648 367 1676 ut
385 1653 460 1676 non
476 1640 658 1676 sentiatur.
670 1640 751 1675 Vid.
769 1640 812 1674 ad

128 1693 197 1739 IV,
213 1693 281 1743 393
298 1699 336 1729 et
350 1693 478 1729 Horat.
491 1693 513 1728 l.
531 1694 588 1738 II,
607 1692 680 1728 Sat.
695 1703 745 1738 11,
764 1707 814 1727 ια.

169 1746 225 1782 6ι.
239 1748 414 1792 Purpura,
436 1746 495 1782 fila
506 1759 693 1794 purpurea.
707 1747 813 1782 Prae-

125 1797 337 1834 stantissima
344 1811 501 1846 purpura
509 1799 576 1833 suit
593 1800 728 1846 Tyrium
743 1811 814 1843 qua·

125 1855 236 1887 sensi!
244 1855 389 1888 ahenum
399 1880 408 1895 ‚
431 1851 526 1899 apud
542 1852 670 1899 Tyrios
686 1863 816 1897 praepa-

126 1914 212 1942 rata.
229 1925 274 1934 ·-
290 1908 446 1942 Ahenurn
460 1919 520 1941 vas
534 1905 649 1950 majus
661 1931 670 1948 ,
688 1905 724 1939 in
743 1917 814 1950 quo

127 1971 249 1993 succus
265 1970 464 2004 purpureus
483 1957 544 1992 sali
560 1964 597 1991 et
616 1970 714 2002 aquae
731 1970 816 2003 per-

128 2010 255 2045 mixtus
280 2023 345 2056 per
367 2009 491 2044 decern
514 2008 587 2044 dies
621 2008 664 2043 ad
693 2010 814 2055 ignem

127 2061 248 2097 lenem
266 2061 493 2108 coquebatur.
510 2061 655 2097 Aristot.
679 2061 814 2097 Histor.

130 2113 252 2149 Anim.
267 2114 316 2159 V,
339 2117 396 2156 15;
414 2114 506 2149 Plin.
524 2114 616 2149 Hist.
634 2115 714 2150 Nat.
736 2115 788 2150 IX
801 2141 811 2159 ,

129 2168 183 2202 38.
200 2167 327 2213 Silius,
343 2168 418 2203 VII
430 2195 440 2213 ,
462 2168 527 2213 642
539 2171 712 2215 :Purpura
724 2169 814 2214 Age-

126 2225 240 2257 noree's
251 2226 407 2265 saturata
421 2224 549 2257 ahenis.

171 2274 226 2310 δα.
246 2276 298 2311 Et
313 2280 429 2310 tenues
442 2282 507 2310 etc.
537 2274 663 2310 Varios
680 2274 814 2312 colores

126 2325 314 2363 commode
349 2327 489 2362 miscuit
508 2342 517 2370 3
554 2333 668 2363 tenues
693 2330 815 2363 umbre

124 2385 209 2414 suut
221 2377 314 2414 haud
333 2378 438 2414 dubie
451 2381 494 2414 de
510 2381 640 2424 legeres
653 2393 813 2415 nuances.

127 2430 221 2466 Plin.
235 2431 397 2475 XXXV,
419 2446 454 2467 11
471 2459 480 2476 ,
499 2433 558 2467 ubi
582 2440 785 2468 narraverat
801 2459 811 2478 ‚

126 2482 270 2529 singulis
291 2484 465 2519 coloribus
476 2484 561 2519 olim
574 2485 706 2531 pictum
718 2499 789 2520 esse
802 2512 812 2531 ‚

127 2535 241 2582 pergit
256 2548 265 2571 ε
286 2537 434 2570 Tandem
450 2549 488 2572 se
499 2550 557 2572 ars
570 2541 647 2582 ipsa
657 2541 816 2573 distinxit

72 2613 74 2615 ·
125 2593 162 2623 el
168 2591 296 2623 invenit
308 2591 417 2624 lumen
429 2595 529 2636 alque
537 2594 672 2627 umbras
682 2619 691 2634 ‚
714 2592 777 2636 d's
783 2605 813 2626 e-

125 2644 235 2675 tentia
245 2643 391 2676 colorum
401 2644 540 2677 alterna
550 2647 623 2678 vice
631 2656 705 2678 sese
719 2646 815 2678 exci-

128 2698 232 2729 tante.
243 2720 251 2728 .
262 2722 270 2730 .
299 2696 544 2731 commissuras
567 2710 646 2731 vero
668 2699 814 2731 colorum

129 2749 166 2780 et
178 2750 341 2782 transitus
361 2750 612 2792 appellauerunt
626 2750 815 2793 harmagen.

885 1063 956 1099 111ae
974 1063 1109 1100 umbrae
1125 1072 1227 1100 erant
1233 1067 1546 1110 parvidzscrimnn‘s
1559 1082 1567 1102 :

884 1117 969 1152 alius
989 1118 1084 1153 color
1111 1118 1149 1153 in
1174 1119 1281 1153 alium
1306 1119 1353 1153 ita
1378 1121 1568 1166 transibat,

883 1177 923 1204 ut
939 1171 1104 1205 transitus
1118 1170 1173 1205 vix
1183 1171 1415 1206 animadverti
1433 1181 1547 1218 posset
1561 1189 1569 1216 ;

883 1222 978 1267 quod
989 1223 1126 1269 egregie
1139 1223 1333 1258 illustratur
1339 1224 1568 1261 similitudine

883 1274 1055 1320 adspersa.

926 1325 980 1360 63.
999 1327 1185 1361 Percussus
1199 1329 1328 1362 solibus
1344 1340 1454 1363 arcus.
1472 1326 1569 1363 Cas-

882 1377 1059 1424 tigatiores
1071 1405 1080 1422 ,
1111 1384 1284 1423 percussis
1306 1392 1318 1422 ;
1354 1380 1500 1415 Junian.
1535 1388 1572 1416 et

882 1439 1034 1476 quatuor
1050 1433 1127 1477 alii,
1146 1438 1318 1477 percussis
1340 1437 1484 1469 nubibus
1503 1449 1569 1470 ar—

881 1496 952 1518 cus.
971 1479 1075 1530 Regii
1089 1486 1203 1520 nostri
1220 1486 1312 1522 hanc
1332 1488 1567 1531 posteriorem

880 1536 1071 1572 lectionem
1109 1538 1251 1574 habent.
1267 1559 1312 1566 -
1329 1541 1425 1574 Soles
1438 1567 1446 1582 ‚
1478 1540 1569 1575 radii

880 1587 960 1622 solis
974 1615 984 1632 ‚
1001 1581 1237 1633 percutiuntur
1253 1594 1297 1626 ab
1314 1594 1418 1626 imbre
1429 1619 1436 1632 ‚
1462 1592 1569 1626 sran—

882 1647 1016 1687 guntur
1032 1642 1068 1677 in
1086 1642 1200 1678 imbre
1215 1643 1400 1679 decidente
1415 1671 1424 1689 ,
1443 1645 1486 1679 ab
1503 1657 1566 1679 eo-

880 1710 948 1742 que
966 1698 1186 1744 rejiciuntur.
1203 1699 1322 1744 Atque
1338 1699 1386 1734 ita
1402 1707 1503 1745 putes
1520 1700 1567 1735 le-

879 1749 1037 1795 gendum
1042 1753 1234 1794 percussis,
1253 1750 1348 1796 quod
1360 1751 1567 1796 praeserunt,

879 1809 987 1835 notan
994 1809 1027 1836 te
1036 1802 1198 1846 Heinsio,
1210 1803 1445 1848 castigatiores
1456 1803 1568 1839 MSS.

880 1854 1046 1900 quodque
1072 1855 1295 1900 amplectitur
1313 1855 1471 1891 Lenzius.
1495 1857 1566 1892 Sed

879 1913 916 1940 et
925 1919 1106 1950 percussus
1116 1906 1259 1942 defendi
1270 1915 1383 1954 potest
1398 1908 1457 1943 illo
1468 1907 1568 1955 Virg.

879 1958 1025 1994 AEneid.
1046 1958 1140 1995 VIII
1155 1987 1165 2004 ‚
1202 1974 1243 1995 22
1258 1987 1267 2005 ,
1301 1963 1411 1995 lumen
1425 1989 1432 1996 .
1443 1987 1452 1995 .
1464 1988 1472 1996 .
1489 1963 1566 1998 Sole

878 2025 1121 2057 repercussum,
1145 2013 1268 2048 lumen
1280 2040 1290 2058 ,
1307 2013 1402 2060 quod
1417 2015 1531 2050 oritur
1546 2028 1566 2050 a

878 2064 984 2099 radiis
1002 2064 1082 2101 solis
1101 2066 1321 2112 repercussis.
1340 2085 1385 2093 —
1405 2068 1543 2113 Inficere
1554 2095 1563 2112 ,

879 2118 1013 2153 colores
1044 2118 1226 2154 inducere.
1243 2138 1288 2146 ·—
1309 2121 1410 2154 Mille
1438 2123 1567 2155 calores

880 2170 966 2205 Iridi
982 2171 1105 2206 tribuit
1120 2171 1227 2206 etiam
1243 2171 1343 2218 Virg.
1358 2172 1500 2208 AEneid.
1513 2174 1561 2218 V,

879 2223 1009 2273 5⁰9³*
1022 2225 1210 2260 Transilus.
1235 2225 1353 2262 Unius
1373 2253 1382 2270 ,
1416 2226 1532 2271 inquit
1551 2254 1560 2270 ‚

877 2276 1002 2311 coloris
1027 2277 1070 2312 ad
1095 2277 1203 2312 alium
1232 2278 1399 2313 transitus
1410 2305 1420 2322 ,
1445 2278 1564 2314 oculos

878 2328 1031 2375 decipit,
1056 2330 1138 2376 quia
1166 2343 1279 2376 quum
1304 2331 1374 2366 sint
1407 2330 1533 2366 diversi
1553 2358 1563 2375 ,

877 2381 986 2416 iidem
1002 2389 1121 2417 tamen
1142 2396 1216 2418 esse
1243 2382 1419 2418 videntur.
1438 2385 1503 2417 Ed.
1518 2402 1563 2410 -—-

878 2435 1025 2468 Lumina
1031 2435 1158 2480 fall1'l;
1179 2448 1252 2469 non
1272 2434 1564 2479 animadvertitur

877 2487 919 2521 ab
935 2487 1041 2522 oculis
1056 2488 1302 2533 spectantibus.
1317 2486 1477 2533 Propert.
1488 2488 1545 2524 III
1552 2517 1561 2533 ,

880 2551 934 2574 ΧΠ
947 2566 956 2583 ,
983 2553 1022 2586 27
1041 2553 1050 2576 t
1074 2542 1151 2574 Non
1174 2541 1282 2586 Tyria·
1297 2545 1408 2586 vesles
1418 2545 1566 2576 errantia

875 2594 1005 2625 lumina
1010 2592 1200 2636 fallunl.—
1206 2594 1434 2638 QuodMngil,
1452 2593 1564 2639 proxi-

877 2657 935 2678 ma
952 2657 1097 2689 quaeque
1116 2643 1282 2679 cumdem
1300 2645 1453 2680 colorem
1467 2647 1562 2680 rese-

877 2704 963 2731 runt
977 2724 986 2742 ‚
998 2697 1059 2731 sed
1068 2698 1093 2732 si
1104 2697 1226 2732 ultima
1234 2711 1315 2733 cum
1327 2699 1448 2745 primis
1460 2712 1560 2735 com-

876 2756 1064 2795 parentur,
1083 2751 1215 2785 distant
1221 2778 1231 2795 ,
1254 2750 1431 2788 differunt.
