1832 3100
350 203 1046 267 METAMORPHOSEON
1079 206 1208 250 LIB.
1241 207 1301 251 V.

1455 207 1541 269 367

124 303 284 352 Jussus
307 319 403 350 eras
426 298 644 351 celebrare
667 297 823 363 dapes,
844 296 1095 363 festumque
1119 299 1330 353 canendo.
1385 299 1391 303 '

128 378 215 429 Cui
233 376 390 446 procul
413 375 630 434 adstanti,
656 374 963 443 plectrumque
987 374 1163 424 imbelle
1189 377 1386 436 tenenti,

126 454 342 514 Pettalus,
367 454 390 499 ι’(
414 456 463 514 Ι,
485 446 661 512 ridens,
688 453 854 520 Stygiis
877 449 983 502 cane
1006 464 1170 512 cetera,
1198 453 1335 514 dixit,

1488 481 1547 502 110

131 556 156 578 »
182 533 424 583 Manibus:
451 555 475 576 »
500 545 546 582 et
565 532 674 582 laevo
696 550 954 581 mucronem
979 543 1177 599 tempore
1200 531 1311 595 figit.

130 610 360 674 Concidit,
385 623 428 661 et
449 610 601 674 digitis
624 608 921 660 morientibus
942 608 1016 658 ille
1038 621 1229 659 retentat

126 687 222 738 Fila
242 687 344 756 lyrae
357 726 370 747 ‚
395 708 587 756 casuque
609 688 728 737 canit
746 685 998 737 miserabile
1019 705 1207 736 carmen.

126 767 230 815 Non
253 765 361 814 sinit
381 765 506 818 hunc.
523 765 706 832 impune
727 764 854 814 ferox
875 764 1084 814 cecidisse
1103 766 1343 832 Lycormas
1361 783 1372 822 ;

126 845 361 912 Raptaque
385 844 439 893 de
464 844 619 893 dextro
641 843 829 892 robusta
851 840 1063 909 repagula
1086 841 1238 909 posti,

1489 867 1549 890 12⁰

127 921 322 971 Ossibus
345 920 480 970 illidit
501 920 655 970 mediae
679 921 859 970 cervicis
881 940 891 969 z
913 931 959 968 at
982 918 1056 968 ille

130 1057 291 1099 Alcinoi,
322 1057 393 1094 Od.
409 1064 454 1101 θ,
476 1057 517 1092 62
537 1070 610 1103 sqq.
626 1083 636 1100 ,
654 1064 690 1092 et
708 1058 810 1103 Iopas

127 1111 166 1145 in
180 1110 341 1146 convivio
355 1109 471 1146 Didus
483 1136 493 1153 ,
508 1109 652 1145 AEneid.
669 1110 685 1145 Ι
699 1136 709 1154 ,
736 1112 810 1154 74⁰·

132 1161 312 1198 Ceterum
339 1162 378 1198 in
415 1162 667 1208 compositione
707 1175 810 1197 verss.

136 1216 289 1250 111-113
308 1242 318 1260 ‚
349 1215 598 1262 negligentiam
621 1214 812 1260 quamdam

131 1268 339 1314 observabis,
350 1277 457 1314 qu‘am
469 1268 575 1304 etiam
585 1268 735 1303 Lenzius
745 1281 814 1303 no·-

130 1322 239 1367 tavit,
258 1322 318 1369 qui
336 1330 460 1358 monet
476 1322 599 1369 profici
615 1322 746 1368 aliquid
758 1349 767 1366 ,
784 1323 812 1357 si

132 1381 210 1420 post
233 1387 378 1410 moveres
401 1374 639 1421 interpunctio
661 1374 812 1409 maxima

131 1427 338 1464 adhibeatur
351 1455 362 1473 ,
380 1435 417 1463 et
433 1427 476 1463 ad
491 1433 527 1463 tu
546 1441 673 1473 quoque
683 1428 813 1463 subin-

133 1479 307 1527 telligatur
333 1483 497 1521 cecidirti.
540 1481 648 1516 Putat
672 1481 779 1515 etiam
801 1506 811 1524 ,

132 1545 235 1568 versu
261 1534 323 1569 113
343 1534 469 1575 melius
487 1534 592 1570 afore.
611 1533 704 1569 Mihi
727 1546 812 1568 vero

131 1598 199 1621 nec
214 1586 319 1622 verba
328 1612 339 1630 ,
364 1600 431 1622 non
445 1588 509 1622 bos
527 1588 640 1622 adhib.
654 1589 691 1620 in
707 1598 806 1627 usus,

132 1638 289 1684 placent,
311 1651 390 1685 quae
411 1638 536 1684 melius
558 1651 595 1673 se
615 1637 787 1673 haberent
801 1664 812 1682 ,

129 1690 158 1725 si
181 1689 239 1725 ille
256 1697 396 1726 coactus
411 1697 502 1726 esset
519 1703 591 1726 una
607 1702 775 1736 pugnare.

177 1743 250 1786 114.
273 1743 341 1780 Cae·
357 1745 482 1788 procul
499 1745 664 1778 adstanti.
691 1740 813 1777 Codex

130 1794 260 1841 Regius
278 1795 310 1830 A
320 1822 331 1841 ,
356 1797 460 1840 Quem
471 1799 596 1841 procul
606 1798 811 1840 adstantem,

130 1859 228 1893 aeque
245 1847 348 1884 bene.
364 1851 430 1885 Ed.
442 1867 488 1875 —
499 1851 664 1884 Plectrum
679 1849 813 1885 instru-

131 1907 293 1936 mentum
312 1909 363 1937 est
379 1914 451 1948 quo
465 1902 540 1949 lyra
556 1902 733 1948 pulsatur,
757 1903 815 1937 ἀπὶ

132 1960 185 1990 τοῦ
195 1957 335 1995 πλήττειν
348 1981 358 1998 ,
375 1954 443 1990 hoc.
458 1961 510 1990 est
526 1968 545 1989 a
561 1953 791 2001 percutiendo
803 1980 813 1998 ‚

134 2006 277 2042 dictum.
287 2008 552 2048 Eat—Imbelle,
571 2006 646 2042 leve
655 2033 664 2050 ‚
676 2006 703 2042 si
718 2019 815 2042 corn-

134 2065 278 2103 paretur
305 2071 388 2094 cum
411 2058 527 2094 armis.
554 2057 646 2094 Alibi
672 2060 817 2093 imbellis

134 2113 267 2146 cithara
295 2119 356 2147 aut
380 2114 457 2160 lyra
471 2139 481 2154 ‚
513 2124 588 2147 non
614 2119 692 2159 apta
710 2112 816 2148 rebus

135 2163 270 2209 magnis
283 2163 470 2208 canendis,
487 2163 548 2200 sed
566 2164 679 2198 amori
695 2171 730 2199 et
745 2177 816 2199 vo-

134 2215 258 2262 luptati
274 2215 476 2251 inserviens.
494 2215 647 2251 Bruckh.
663 2216 707 2250 ad
726 2217 817 2252 Pro—

133 2274 222 2313 pert.
241 2268 308 2311 lv,
327 2278 366 2302 vx
379 2294 388 2312 ,
406 2268 459 2303 36.
479 2287 523 2294 —
537 2268 721 2303 sarcasmo
739 2269 785 2303 illi
805 2295 815 2314 ,

133 2321 260 2368 Stygiis
275 2334 361 2356 cane
371 2326 491 2355 catera
505 2320 627 2356 similis
642 2329 694 2357 est
710 2321 795 2356 alius
807 2348 816 2366 ‚

133 2374 227 2419 XII,
248 2375 309 2410 321
335 2388 409 2421 sqq.
432 2375 569 2410 Mirum
595 2382 713 2410 autem
736 2382 816 2420 est,

134 2427 233 2462 illum
255 2441 322 2464 nec
343 2428 438 2463 inter
461 2427 655 2463 tumultum
680 2427 818 2463 desiisse

135 2478 306 2515 citharam
324 2492 406 2515 cum
422 2492 507 2515 voce
523 2492 678 2515 movere.

183 2546 197 2567 1
207 2546 255 2580 ¹7·
268 2533 439 2573 Retentat,
454 2532 584 2568 iterum
595 2540 707 2568 tentat
715 2559 724 2577 ,
736 2546 819 2579 per·-

136 2584 185 2630 git
201 2591 346 2630 tangere
361 2610 371 2627 ‚
391 2583 528 2630 pulsare
542 2587 613 2630 fila
629 2588 710 2632 lyroe
722 2612 731 2626 ‚
755 2597 819 2620 seu

138 2634 235 2671 fides.
253 2636 351 2671 Infra
363 2661 374 2679 ‚
391 2635 457 2683 339
470 2662 480 2679 ,
501 2641 699 2681 pretentare
712 2638 819 2672 chor-

138 2690 211 2726 das.
230 2690 273 2725 ln
292 2689 368 2725 lusu
389 2702 460 2734 seq.
479 2689 609 2724 Nostro
636 2690 822 2735 praeiverat

140 2740 290 2786 Ennius,
303 2754 465 2788 quumque
472 2745 576 2785 camut
585 2742 727 2782 caderet,
748 2753 821 2775 car-

874 1070 948 1092 men
965 1060 1045 1092 tuba
1063 1051 1139 1091 sula
1150 1059 1294 1102 peregit,
1316 1057 1381 1098 Et,
1404 1063 1561 1101 pereunte

874 1112 948 1144 viro
956 1136 965 1151 ‚
983 1123 1118 1144 raucum
1128 1122 1232 1144 sonus
1239 1122 1303 1143 ιη·
1313 1112 1467 1144 cucurrit.
1479 1110 1562 1144 Imi-

876 1169 968 1198 tatus
983 1175 1066 1197 enm
1083 1169 1135 1197 est
1151 1169 1187 1197 et
1203 1161 1308 1196 Silius
1319 1187 1329 1205 ‚
1347 1162 1414 1205 lv,
1438 1162 1561 1206 173.—

880 1216 1030 1260 Casuque
1057 1220 1121 1249 etc.
1145 1214 1257 1249 Locus
1283 1213 1377 1248 varie
1396 1213 1504 1249 lectus
1523 1220 1560 1249 et

878 1275 1038 1314 acceptus
1057 1281 1065 1308 ;
1098 1267 1183 1302 olim
1216 1267 1385 1302 edebatur
1415 1280 1563 1313 casuque

869 1321 967 1367 fuit;
994 1321 1164 1356 Heinsius
1183 1335 1224 1356 ex
1242 1321 1445 1356 melioribus
1463 1321 1561 1356 dedit

875 1377 992 1417 canit‚·
1005 1375 1234 1410 Burmannus
1246 1400 1256 1417 ,
1268 1374 1305 1408 in
1314 1386 1459 1419 casuque
1467 1377 1564 1409 canit

876 1425 1102 1471 cacophonon
1117 1439 1189 1461 esse
1204 1433 1299 1460 ratus
1310 1451 1320 1469 ,
1332 1426 1438 1460 suasit
1441 1426 1559 1470 sugit,

878 1477 945 1514 hoc
960 1485 1012 1513 est
1026 1491 1110 1513 casu
1123 1478 1187 1521 viri
1200 1477 1244 1513 ad
1255 1484 1386 1513 terram
1397 1504 1407 1522 ‚
1428 1484 1464 1512 et
1476 1477 1559 1512 inde

877 1537 993 1565 morte
1017 1537 1234 1576 consequuta
1257 1542 1401 1565 carmen
1427 1529 1562 1575 aufugit

877 1590 913 1619 et
928 1583 1039 1619 desiit.
1060 1583 1181 1619 Codex
1198 1583 1327 1630 Regius
1346 1584 1397 1628 A,
1415 1596 1562 1629 casuque

876 1640 993 1678 canit‚·
1015 1635 1138 1671 Codex
1154 1637 1184 1671 B
1197 1663 1206 1680 ‚
1214 1635 1299 1680 suit.
1315 1655 1361 1662 —
1378 1637 1468 1670 Casu
1484 1648 1560 1670 non

876 1695 951 1733 est,
978 1689 1068 1723 sorte
1087 1715 1097 1733 ,
1117 1688 1178 1723 sed
1197 1715 1207 1732 ,
1234 1688 1343 1735 lapsu.
1372 1690 1561 1724 Concidit...

875 1754 1038 1786 casuque,
1061 1748 1097 1776 et
1109 1740 1298 1776 concidens
1309 1767 1319 1784 ,
1343 1744 1439 1775 cauit
1450 1743 1560 1777 mise-

875 1795 983 1827 rabile
1002 1805 1154 1834 carmen,
1182 1792 1256 1826 edit
1279 1805 1381 1827 voces
1406 1791 1561 1826 misera—

876 1845 971 1880 biles.
997 1844 1069 1882 Sed
1094 1844 1185 1878 bene
1210 1843 1254 1878 de
1275 1843 1410 1878 musico
1429 1869 1439 1887 ,
1465 1845 1564 1878 canit

876 1910 1019 1932 carmen.
1040 1915 1086 1923 -·
1103 1898 1300 1931 miserabile
1313 1923 1322 1938 ‚
1353 1894 1560 1931 misericor-

878 1949 971 1984 diam
987 1961 1224 1983 commovens.
1241 1947 1314 1983 Cic.
1331 1947 1436 1983 Attie.
1456 1947 1558 1990 xlv,

880 2016 920 2038 ιο
931 2028 941 2046 ,
966 2004 1105 2036 laudari
1117 2003 1358 2035 miserabiliter.
1378 1998 1560 2035 Caeterum

878 2061 918 2089 ut
927 2054 983 2090 hic
994 2053 1160 2096 musicus,
1170 2053 1217 2088 sic
1230 2052 1314 2088 AEn.
1331 2052 1396 2095 IX,
1411 2066 1426 2097 7
1434 2053 1475 2097 74
1484 2064 1559 2097 sqq.

878 2113 982 2153 poeta
996 2106 1143 2141 interest
1157 2105 1275 2152 praelio
1290 2111 1325 2140 et
1334 2104 1515 2140 occiditur.

927 2173 999 2208 ¹¹9·
1017 2161 1094 2195 Non
1109 2163 1201 2194 sinit.
1217 2157 1339 2192 Codex
1356 2156 1488 2203 Regius
1502 2156 1533 2191 Β
1549 2182 1559 2199 ,

880 2213 951 2246 Nec
973 2214 1066 2246 senar.
1089 2229 1134 2238 ··—-
1149 2212 1346 2254 Bepaguh,
1374 2209 1444 2244 sive
1470 2209 1564 2254 ligna

879 2271 1074 2299 transversa
1086 2290 1095 2307 ‚
1116 2263 1241 2308 quibus
1252 2263 1343 2297 sores
1355 2261 1562 2295 munieban-

878 2324 936 2352 tur
947 2343 957 2361 ,
977 2317 1116 2362 utrique
1134 2315 1222 2362 posti
1242 2315 1372 2350 inserta
1384 2320 1486 2349 erant
1497 2339 1506 2357 ,
1524 2319 1562 2348 et

879 2376 918 2404 ut
930 2382 948 2403 e
961 2381 1064 2404 versu
1084 2381 1143 2414 127
1159 2367 1317 2414 colligas,
1335 2367 1371 2400 in
1383 2372 1479 2410 parte
1501 2377 1558 2398 su·

879 2422 1028 2468 periore.
1056 2439 1101 2446 --
1124 2422 1232 2456 Posti.
1254 2417 1403 2454 Codices
1423 2416 1562 2460 nostri,

874 2479 983 2518 poste.
1006 2492 1051 2499 —
1072 2474 1185 2508 lllidit
1206 2471 1345 2506 videtur
1361 2467 1564 2504 emendatio

880 2527 1122 2563 recentiorum
1134 2540 1142 2568 ς
1157 2524 1278 2561 Codex
1291 2518 1421 2570 Regius
1434 2522 1465 2558 A
1476 2548 1487 2566 ,
1503 2524 1564 2556 eli-

880 2584 946 2624 sit,·
967 2580 1094 2615 eodem
1117 2592 1220 2614 sensu
1239 2605 1249 2622 ,
1275 2576 1398 2612 Codex
1414 2576 1443 2611 B
1461 2602 1471 2620 ,
1491 2579 1564 2610 im-

882 2636 995 2673 misit,
1026 2631 1122 2678 quod
1138 2643 1265 2666 censeo
1291 2630 1403 2677 aptius
1421 2636 1458 2665 et
1472 2628 1566 2664 sim-

881 2685 1020 2731 plicius;
1042 2695 1127 2718 nam
1154 2682 1198 2717 de
1222 2687 1370 2727 postium
1397 2683 1566 2726 repagulis·

883 2751 1000 2775 sermo
1013 2745 1086 2784 est,
1098 2744 1134 2773 et
1150 2739 1279 2773 illidere
1293 2750 1355 2773 seu
1367 2737 1487 2772 elidere
1498 2735 1567 2769 ali-
