1832 3100
361 204 1048 259 METAMORPHOSEON
1081 214 1213 257 LIB.
1249 214 1356 258 111.

1486 216 1570 259 255

150 310 327 378 Corpus
349 308 494 358 adhuc
513 307 662 366 Echo,
686 326 782 355 non
802 325 887 355 vox
910 318 1004 356 erat
1026 327 1036 354 :
1059 318 1104 355 et
1125 318 1271 355 tamen
1293 327 1423 358 usum

153 386 338 437 Garrula
357 406 452 436 non
474 385 609 443 alium
622 423 635 445 ,
661 405 794 452 quam
815 404 934 435 nune
954 383 1115 443 habet,
1140 385 1234 433 oris
1254 385 1451 436 habebat
1464 427 1476 447 ,
1510 405 1575 440 360

148 465 348 515 Reddere
371 464 424 531 de
447 463 602 514 multis
626 476 678 513 ut
698 464 833 512 verba
857 462 1095 513 novissima
1116 475 1281 529 posset.

148 545 326 592 Fecerat
342 542 431 592 hoc
455 543 603 602 Juno,
631 543 758 610 quia,
783 561 921 610 quum
946 541 1216 609 deprendere
1237 555 1390 609 posset

149 619 245 669 Sub
268 621 383 669 Jove
407 638 523 688 saepe
549 639 630 669 suo
653 620 884 687 Nymphas
906 621 953 669 in
976 631 1127 669 monte
1143 619 1338 686 jacentes
1353 658 1365 679 ,

147 696 231 748 Illa
252 698 394 747 Deam
418 697 557 761 longo
582 697 779 765 prudens
802 717 1003 748 sermone
1026 698 1204 748 tenebat
1218 736 1230 756 ,

148 777 270 825 Dum
292 777 500 841 fugerent
519 777 737 845 Nymphae
759 798 769 825 :
793 789 1031 844 postquam
1055 777 1263 826 Saturnia
1284 778 1450 838 sensit;
1514 794 1581 829 365

151 876 174 896 «
203 855 376 921 Hujus,
401 854 488 913 ait,
511 854 697 919 linguae,
725 875 810 922 qua
833 874 930 904 sum
956 853 1128 913 delusa,
1154 866 1353 921 potestas

152 954 175 974 »
204 932 345 982 Parva
365 933 451 982 tibi
476 933 912 1000 dabitur,hvocisque
934 933 1222 981 brevissimus
1245 952 1367 981 usus.
1392 956 1416 978 »

148 1013 305 1079 Reque
328 1013 471 1062 minas
496 1013 642 1061 firmat
663 1032 674 1061 ε
700 1024 847 1061 tamen
870 1011 964 1060 haec
988 1011 1034 1059 in
1055 1010 1143 1059 fine
1165 1010 1381 1078 loquendi

148 1091 400 1154 Ingeminat
420 1110 551 1140 voces
565 1129 578 1150 ,
607 1091 845 1157 auditaque
867 1090 1001 1139 verba
1026 1102 1239 1157 reportat.

215 1169 339 1230 Ergo
360 1166 442 1215 ubi
466 1168 723 1217 Narcissum
739 1205 751 1226 ,
775 1187 858 1235 per
879 1167 1003 1216 devia
1027 1167 1167 1216 lustra
1188 1180 1417 1231 vagantem
1431 1205 1443 1227 ,

1521 1184 1587 1229 37⁰

151 1244 302 1303 Vidit,
329 1256 372 1294 et
395 1243 602 1304 incaluit,
627 1246 830 1312 sequitur
852 1246 1038 1310 vestigia
1061 1246 1216 1295 furtim
1236 1266 1247 1295 :

153 1323 348 1390 Quoque
371 1323 512 1387 magis
542 1324 774 1390 sequitur,
799 1323 972 1373 flamma
997 1324 1210 1391 propiore
1235 1323 1437 1383 calescit3

151 1402 258 1450 Non
277 1400 426 1460 aliter,
447 1420 579 1469 quam
597 1421 735 1468 quum
759 1402 944 1451 summis
965 1402 1212 1451 circumlita
1235 1402 1359 1451 taedis

151 1478 392 1528 Admotam
414 1479 597 1546 rapiunt
616 1480 784 1528 vivacia
808 1479 1023 1547 sulphura
1046 1480 1279 1529 flammam.

152 1557 196 1607 Ο
221 1557 396 1624 quoties
416 1556 562 1606 voluit
584 1556 762 1606 blandis
785 1559 989 1608 accedere
1013 1559 1170 1619 dictis,
1518 1578 1586 1624 375

148 1697 286 1743 periura
300 1698 523 1734 innectit.'-
541 1701 713 1741 Reddere,
735 1713 834 1747 repe-

147 1757 239 1792 tere,
258 1753 517 1797 nachsprecben.
533 1753 625 1789 Plin.
643 1754 736 1789 Hist.
751 1754 833 1790 Nat.

146 1803 182 1839 X
189 1829 200 1848 ,
217 1805 259 1849 4²
272 1817 280 1840 :
290 1806 472 1841 Humanas
481 1819 582 1841 voces
591 1809 736 1842 reddunt
735 1811 835 1852 psit—-

146 1859 227 1892 laci.
243 1857 330 1892 Mox
345 1858 393 1894 sic
414 1863 583 1904 reportare
608 1866 644 1895 et
663 1863 835 1894 remittere.

149 1927 192 1935 -
202 1909 272 1944 Sub
285 1911 372 1946 Jove
382 1911 611 1946 Burmannus
625 1918 725 1957 putat
737 1924 756 1946 a
768 1925 836 1946 ne-

148 1975 256 2008 quam
268 1962 424 2010 quodam
435 1970 471 1998 et
482 1963 589 1999 sciolo
603 1964 745 1999 librario
757 1977 836 2011 pro-

148 2017 302 2059 sectum;
320 2017 514 2064 legendum
530 2031 603 2053 esse
621 2031 704 2053 cum
718 2018 836 2063 *quin-

150 2082 218 2116 que
235 2070 344 2106 MSS.
356 2084 432 2106 cum
447 2072 551 2113 Jove,
578 2077 620 2107 ut
631 2071 690 2116 11,
707 2073 781 2120 599.
791 2089 836 2098 —-

150 2124 322 2163 Prudens,
341 2122 512 2158 consulto.

192 2174 268 2210 368.
284 2176 400 2220 Reque
420 2177 667 2222 minasfirmal.
688 2175 742 2211 Re
761 2176 835 2223 ipsa

149 2232 185 2262 et
200 2226 329 2262 effectu
343 2226 458 2263 minas
474 2228 668 2274 exequitur.
684 2229 750 2263 Ed.

192 2279 269 2324 37⁰·
286 2281 409 2315 Deoia.
429 2279 503 2326 Qui
523 2294 559 2316 se
572 2281 680 2316 effuse
694 2288 832 2326 amant,

147 2338 251 2378 atque
274 2332 502 2368 immodicam
525 2342 766 2381 conceperunt
788 2334 832 2370 de

145 2397 182 2420 se
193 2385 414 2431 opinionem,
424 2399 499 2421 non
510 2386 663 2421 multum
676 2387 711 2421 in
726 2387 833 2433 publi—

144 2450 188 2473 co
197 2464 206 2482 ,
220 2445 280 2473 aut
292 2438 330 2473 in
342 2439 447 2474 rebus
457 2439 612 2475 civilibus
627 2448 830 2476 versantur:

144 2489 202 2525 hic
218 2490 315 2525 enim
332 2491 512 2538 neglectus
525 2492 628 2528 multi
640 2500 675 2528 et
686 2493 830 2539 vilipen-

145 2542 202 2578 dia
227 2549 414 2579 occurrent
426 2571 436 2588 ,
462 2539 541 2591 quae
566 2559 602 2581 se
622 2546 684 2582 sibi
703 2553 831 2582 osten—

146 2593 232 2630 dant
243 2595 380 2631 animos
390 2596 546 2642 ipsorum
559 2597 739 2643 dejectura
749 2598 832 2640 ;'ita-

146 2659 214 2693 que
229 2648 337 2683 vitam
360 2648 569 2695 plerumque
593 2649 727 2696 degunt
748 2650 833 2685 soli-

145 2699 283 2745 tariam,
296 2700 466 2746 privatam
478 2709 514 2736 et
523 2702 748 2738 umbratilem
759 2729 768 2746 ,
781 2702 832 2737 vi-

146 2750 234 2789 num
244 2752 433 2791 hominum
445 2755 615 2791 comitatu
629 2754 752 2799 cincti,
771 2755 831 2800 qui

900 1701 976 1737 illos
1003 1702 1120 1738 colere
1143 1709 1248 1748 atque
1276 1700 1443 1738 admirari
1459 1703 1523 1739 sibi
1548 1705 1586 1740 in

900 1754 1062 1789 animum
1086 1753 1280 1799 inducant,
1307 1769 1346 1790 ac
1369 1755 1464 1791 velut
1487 1756 1587 1792 Echo

901 1805 938 1840 in
950 1807 1116 1842 omnibus
1127 1806 1226 1842 dictis
1236 1808 1402 1853 factisque
1410 1816 1586 1845 assenten-

902 1867 982 1905 tur,
1004 1861 1044 1895 iis
1070 1860 1261 1895 verborum
1288 1868 1455 1907 praestent
1477 1862 1588 1898 obse-

902 1912 992 1957 quia.
1009 1913 1076 1947 Ed.
1094 1931 1138 1938 —
1156 1914 1292 1947 lustra.
1315 1905 1464 1949 Codices
1485 1914 1588 1962 Regii

900 1975 1003 2006 rara,·
1024 1964 1216 2011 elegantius
1231 1972 1351 2000 tamen
1361 1967 1550 2003 lustraAEd.

946 2017 966 2050 3
971 2029 986 2062 7
991 2030 1008 2050 2
1013 2043 1020 2051 .
1037 2018 1193 2051 Flamma
1197 2021 1353 2062 propiore
1361 2020 1588 2056 calesct‘t.Te-

900 2067 1037 2103 tentius
1066 2067 1160 2104 Eun.
1186 2069 1224 2114 Ι,
1243 2080 1275 2103 11
1288 2096 1299 2114 ‚
1323 2071 1342 2104 5
1362 2083 1371 2105 :
1387 2071 1525 2107 Accede
1540 2076 1592 2107 ad

898 2124 1008 2166 ignem
1029 2122 1119 2156 hunc
1135 2120 1276 2166 (Thain
1287 2120 1304 2167 )
1316 2135 1325 2164 ;
1333 2121 1415 2167 jam
1438 2126 1589 2160 calesces

892 2177 975 2220 plus
986 2178 1085 2210 salis.
1104 2193 1149 2202 ·—·
1171 2177 1296 2217 Vt'vax,
1321 2176 1416 2221 quod
1433 2178 1587 2214 multum

897 2229 999 2272 vitae,
1028 2228 1234 2273 alacritatis,
1267 2228 1460 2275 rapiditatis
1478 2258 1488 2276 ,
1519 2240 1585 2268 etc.

899 2279 1015 2315 habet.
1042 2279 1177 2316 Gellius
1191 2307 1201 2324 ,
1228 2281 1272 2316 N.
1291 2281 1334 2316 A.
1354 2281 1401 2326 V,
1423 2296 1442 2316 2
1457 2309 1466 2326 ,
1489 2288 1588 2318 vira-

897 2334 1074 2374 emimus,
1094 2331 1330 2378 rapidissimus
1339 2360 1349 2378 ‚
1362 2347 1480 2368 cursus
1493 2336 1586 2380 equi.

901 2385 1053 2431 Quintil.
1072 2386 1158 2422 lust.
1176 2386 1278 2423 Orat.
1297 2389 1331 2424 II
1346 2415 1355 2432 ,
1381 2400 1421 2423 VI
1435 2414 1444 2432 ,
1463 2390 1483 2423 3
1497 2416 1506 2433 ,
1525 2394 1586 2424 υί-

897 2444 1058 2481 vaciores,
1074 2439 1227 2486 quisunt
1240 2441 1405 2476 alacriore
1422 2442 1585 2488 ingenio;

897 2491 976 2526 vide
1003 2491 1176 2527 Gronovii
1203 2492 1388 2528 Observat.
1411 2494 1491 2539 111,
1515 2506 1556 2530 lv
1573 2522 1583 2540 ,

897 2558 930 2590 p.
947 2545 1024 2579 352.
1053 2545 1149 2591 Ergo
1174 2548 1309 2579 vivacia
1324 2548 1486 2590 sulphura
1500 2555 1585 2582 sunt

897 2597 1054 2643 rapacia,
1083 2611 1160 2643 quae
1186 2597 1347 2633 celeriter
1371 2598 1491 2644 ignem
1517 2613 1582 2635 ca—

897 2650 1008 2696 piunt.
1029 2649 1179 2685 Remed.
1208 2663 1294 2696 700,
1319 2653 1446 2696 rapidae
1466 2651 1581 2695 saces.

898 2705 1030 2747 Rapere
1056 2702 1170 2746 enim,
1197 2710 1236 2738 ut
1258 2711 1382 2739 monet
1397 2703 1580 2739 Burman-

897 2765 977 2799 nus,
989 2755 1135 2792 verbum
1147 2755 1330 2802 proprium
1341 2756 1412 2802 igni
1429 2763 1463 2792 et
1476 2756 1580 2791 flam-
