1832 3100
283 255 372 311 304

658 257 709 300 P.
742 256 976 303 OVIDII
1008 259 1317 305 NASONIS

282 371 306 391 »
334 349 419 405 Ut,
446 366 558 414 quos
582 367 704 397 serus
727 369 870 409 amor,
897 371 1010 416 quos
1032 351 1143 400 hora
1166 353 1404 402 novissima
1422 353 1570 418 junxit
1584 366 1604 413 ¹‚'

282 446 306 467 »
336 425 557 491 Componi
582 426 752 476 tumulo
773 446 864 475 non
886 428 1116 476 invideatis
1142 429 1320 478 eodem!

285 523 308 544 >›
336 502 397 550 At
422 514 491 560 tu,
520 522 615 568 quae
635 504 766 552 ramis
790 505 924 552 arbor
947 505 1194 554 miserabile
1217 525 1381 572 corpus

285 600 308 621 »
334 579 464 627 Nunc
488 580 599 643 tegis
623 581 774 639 unius,
796 601 898 629 mox
922 600 968 629 es
994 594 1161 631 tectura
1184 583 1395 641 (luorum,

285 677 308 698 >›
336 656 470 718 Signa
497 669 594 706 tene
619 658 774 713 caedis;
798 657 1036 724 pullosque
1053 696 1064 716 ‚
1089 671 1134 707 et
1154 659 1349 710 luctibus
1373 672 1500 727 aptos

1605 719 1609 723 ,
1634 674 1695 708 16⁰

286 755 309 775 »
323 733 519 800 'Semper
541 734 656 782 habe
678 734 810 783 foetus
824 771 835 791 ‚
862 735 1025 797 gemini
1049 750 1333 786 monumenta
1355 738 1538 787 cruoris.
1561 758 1584 780 »

280 810 429 867 Dixit;
453 823 496 858 et
518 822 669 877 aptato
693 823 848 877 pectus
873 831 1080 862 mucrone
1106 814 1190 862 sub
1215 815 1354 863 imum

283 887 495 935 Incubuit
516 888 659 945 ferro,
685 887 806 953 quod
828 888 968 938 adhuc
988 910 1012 938 a
1035 891 1147 939 caede
1174 892 1362 958 tepebat.

283 964 399 1012 Vota
424 975 568 1011 tamen
597 964 777 1026 tetigere
802 966 946 1023 Deos,
974 967 1154 1030 tetigere
1177 981 1411 1034 parentes:

281 1044 395 1090 Nam
419 1042 545 1090 color
567 1042 612 1090 in
635 1061 772 1108 pomo
796 1055 882 1100 est,
909 1043 989 1091 ubi
1010 1046 1324 1110 permaturuit,
1344 1057 1464 1102 ater;

1637 1057 1698 1091 165

284 1118 508 1185 Quodque
532 1119 655 1181 rogis
680 1131 905 1185 superest,
930 1139 1019 1167 una
1040 1121 1275 1186 requiescit
1299 1122 1345 1169 in
1367 1139 1491 1169 urna.
1511 1141 1534 1162 »

347 1196 569 1254 Desierat3
593 1196 873 1262 mediumque
895 1196 981 1244 fuit
1001 1196 1132 1244 breve
1155 1209 1353 1262 tempus;
1380 1208 1423 1245 et
1447 1214 1545 1244 orsa
1567 1206 1635 1243 est

283 1273 439 1322 Dicere
460 1276 695 1323 Leuconoe
719 1293 729 1322 :
751 1293 905 1323 vocem
931 1284 1106 1323 tenuere
1132 1293 1318 1323 sorores.

284 1399 382 1433 Serus
401 1399 480 1433 dedi
498 1412 538 1433 ex
554 1413 626 1434 uno
643 1399 786 1435 Moreti.
810 1399 959 1445 Elegans

283 1450 357 1484 haec
372 1450 472 1485 lectio
489 1452 593 1485 etiam
608 1452 769 1498 Heynio,
787 1451 829 1486 ad
844 1452 959 1486 Tibul.

285 1503 302 1536 l
316 1529 324 1544 ‚
343 1513 371 1535 11
381 1529 391 1545 ,
410 1504 453 1549 89
465 1529 474 1545 ‚
489 1503 671 1537 videbatur
685 1529 694 1546 ,
707 1504 734 1537 si
748 1516 853 1537 serum
868 1517 960 1537 amo-

283 1569 349 1589 rem
366 1555 604 1600 interpreteris
617 1581 627 1598 ‚
655 1555 713 1599 qui
731 1555 791 1589 diu
811 1556 882 1600 jam
900 1555 959 1589 vi-

286 1607 358 1651 guit
376 1633 385 1650 ,
421 1619 493 1640 non
522 1620 636 1651 nuper
656 1606 800 1640 demum
823 1613 957 1642 natum.

285 1660 361 1705 Ego
377 1662 460 1693 ve'ro
472 1659 626 1705 intelligo
641 1666 856 1698 extremum;
877 1660 960 1693 ulti-

285 1724 343 1746 ma
355 1711 450 1745 enim
464 1718 498 1746 et
506 1718 659 1745 extrema
666 1724 742 1745 scra
749 1711 814 1746 dici
826 1711 938 1746 solent
947 1738 957 1755 ,

286 1769 325 1796 ut
342 1762 459 1796 docuit
478 1762 671 1796 Bruckhus.
687 1762 730 1795 ad
747 1762 905 1807 Propert.
923 1762 956 1804 l,

287 1825 353 1856 xv,
373 1821 426 1846 21:
440 1813 555 1857 Atque
571 1813 616 1846 ita
632 1813 722 1846 bene
737 1812 900 1847 convenit
911 1812 960 1845 al-

287 1867 351 1900 teri
368 1893 377 1909 ‚
407 1868 489 1900 bora
515 1870 704 1901 novzlrsz‘ma.
733 1884 777 1893 -—·
803 1867 967 1909 Compont‘

287 1930 382 1951 nunc
398 1916 610 1962 simpliciter,
627 1916 740 1951 condi.
754 1916 845 1950 Alibi
863 1929 961 1950 com-

282 1983 404 2014 ponere
415 1997 422 2010 ,
448 1977 487 2004 ut
504 1972 701 2019 πεμστέλλειν
714 1996 723 2013 ,
742 1981 886 2003 omnem
899 1982 963 2003 cu-

287 2035 362 2055 ram
387 2022 546 2067 exprimit
566 2048 575 2065 ,
614 2035 719 2067 quarn
743 2021 962 2073 pollinctores

287 2073 498 2118 impendunt
515 2073 745 2108 cadaveribus.
766 2092 809 2099 —
826 2075 900 2106 Non
915 2077 964 2107 iu-

288 2127 444 2168 oldeaffs,
464 2132 506 2170 μὴ
519 2133 646 2170 fimare
657 2152 666 2168 ,
682 2126 783 2160 sinite
795 2151 804 2168 ‚
817 2125 964 2170 permit-

289 2177 361 2210 tite.
380 2179 531 2211 Inridere
547 2178 693 2211 omnino
707 2204 716 2220 ,
741 2191 814 2211 non
839 2177 966 2211 tribue-

290 2242 340 2263 re.
364 2230 487 2264 Horat.
512 2230 571 2272 ΙΙ,
595 2230 666 2264 Sat.
688 2242 745 2273 w,
770 2231 832 2273 83,
864 2244 966 2277 (teque

290 2286 432 2325 sepositi
445 2285 564 2317 ce'cen's
580 2285 701 2316 mmm
711 2310 719 2323 ‚
747 2283 888 2328 largiter
907 2296 967 2328 ap-

290 2334 413 2380 posuit.
427 2335 524 2379 Virg.
542 2334 623 2367 AEn.
636 2334 702 2377 IV,
721 2334 785 2368 350
799 2347 806 2368 :
823 2337 902 2377 Quoe
914 2337 966 2367 in-

292 2390 382 2422 vidia
403 2390 486 2423 est?
505 2387 586 2431 quid
606 2387 777 2431 impedit,
802 2399 870 2431 quo
890 2387 965 2420 mi-

291 2452 358 2473 nus
371 2439 457 2473 fiat?
471 2438 583 2473 Aliter
596 2438 770 2480 Schirach.
789 2453 806 2468 «t
819 2439 900 2472 Non
916 2438 965 2472 in-

291 2490 433 2525 videatis
442 2503 552 2524 unum
561 2491 660 2524 nobis
669 2490 856 2532 tumulum,
867 2489 967 2523 adeo-

293 2556 360 2586 que
368 2543 573 2586 conjunctos
581 2543 707 2577 eodem
714 2542 871 2588 sepulcro
880 2554 966 2576 con-

293 2593 390 2628 datis.
404 2609 421 2624 υ

341 2647 412 2679 ιὸο.
432 2649 626 2691 Pullosque,
644 2652 678 2681 el
697 2649 841 2680 luclt'bus
856 2649 964 2688 aplos.

295 2696 415 2731 Codex
439 2698 568 2744 Regius
594 2698 646 2742 B,
680 2711 699 2732 a
727 2698 838 2742 prima
858 2709 965 2731 manu

291 2753 464 2795 nigrosque
482 2755 516 2784 el
534 2753 679 2785 luctibus
703 2755 824 2795 aplos‚·
857 2749 964 2795 glossa

1025 1407 1076 1435 est
1102 1411 1110 1433 :
1135 1414 1219 1436 nam
1240 1414 1305 1436 vox
1322 1404 1436 1446 pullus
1462 1402 1571 1446 magis
1597 1413 1698 1435 moro

1024 1455 1188 1487 convenit
1200 1466 1305 1498 quam
1318 1454 1436 1499 niger;
1450 1453 1699 1499 praetereapul-

1023 1508 1078 1539 lus
1108 1505 1203 1540 color
1217 1531 1227 1548 ‚
1253 1518 1327 1540 non
1343 1505 1444 1551 niger
1462 1505 1630 1548 omuino,
1661 1504 1699 1539 in

1023 1556 1170 1592 luctibus
1184 1557 1428 1594 adhibebatur,
1445 1563 1480 1591 et
1499 1556 1564 1590 hoc
1575 1554 1700 1590 confir-

1023 1616 1122 1643 mant
1137 1622 1213 1654 quae
1228 1621 1308 1642 mox
1321 1608 1402 1643 dicit
1418 1607 1473 1643 Cl.
1492 1609 1617 1651 Gt'ert‘g.
1635 1605 1700 1640 Ed.

1023 1679 1066 1687 —
1076 1664 1194 1696 Pullos
1206 1661 1306 1704 dixit,
1321 1673 1394 1695 non
1410 1662 1546 1706 nigros,-
1559 1665 1702 1704 propter

1024 1713 1154 1759 pullam
1179 1713 1374 1757 lugentium
1402 1719 1529 1757 togam.
1550 1728 1594 1736 --
1620 1711 1701 1754 Ap·-

1024 1769 1096 1798 lare
1107 1791 1114 1804 ,
1140 1763 1355 1809 praetendere
1367 1775 1487 1797 ensem
1503 1761 1646 1808 pectori.
1657 1778 1702 1785 —

1030 1817 1188 1859 Telt'gere.
1203 1816 1274 1850 Pro
1286 1827 1341 1857 ee,
1354 1827 1440 1849 vers.
1458 1814 1522 1859 373
1534 1828 1542 1854 ;
1555 1813 1607 1856 Χ,
1623 1812 1700 1859 489,

1033 1869 1120 1902 Vola
1142 1880 1221 1901 suos
1252 1869 1391 1901 habuere
1415 1867 1519 1900 Deos.
1550 1883 1594 1890 --
1617 1863 1701 1897 Duo

1026 1931 1209 1952 mororum
1222 1930 1348 1964 genera
1362 1924 1444 1952 sunt
1457 1943 1467 1960 ‚
1489 1928 1639 1962 quorum
1651 1915 1702 1949 al-

1027 1979 1144 2005 terum
1159 1971 1276 2005 baccas
1294 1970 1385 2004 albas
1396 1995 1406 2012 ,
1424 1970 1571 2004 alterum
1587 1968 1703 2013 nigras

1026 2024 1093 2057 sert
1105 2049 1114 2066 ‚
1127 2034 1326 2067 quanquam
1337 2021 1432 2067 prius
1444 2033 1551 2066 genus
1562 2019 1703 2054 Veteri-

1027 2076 1091 2110 bus
1117 2083 1241 2110 notum
1264 2076 1366 2110 fuisse
1391 2087 1463 2109 non
1488 2079 1633 2108 constat.
1663 2070 1703 2106 Si

1030 2128 1139 2164 caedes
1151 2129 1206 2163 illa
1222 2141 1330 2174 prope
1348 2139 1489 2162 morum
1506 2127 1594 2161 sacta
1611 2131 1701 2165 erat,

1031 2188 1090 2215 aut
1118 2181 1204 2214 sacta
1231 2179 1428 2225 fingebatur
1449 2205 1457 2223 ,
1494 2177 1598 2212 facilis
1629 2182 1705 2211 erat

1030 2232 1201 2267 sententia
1221 2231 1276 2266 illa
1291 2231 1442 2275 poetica,
1461 2231 1562 2264 soetus
1574 2226 1705 2263 arboris

1029 2285 1146 2330 nigros
1164 2284 1280 2329 lugere
1296 2282 1388 2316 illam
1409 2281 1551 2316 caedem.

1079 2351 1091 2370 1
1097 2337 1149 2381 67.
1162 2337 1311 2369 Medium
1318 2339 1452 2378 lempus.
1463 2332 1691 2376 Intervallum
1697 2357 1704 2364 .

1032 2387 1123 2422 Plin.
1143 2387 1236 2429 VII,
1258 2386 1366 2431 Epist.
1384 2394 1505 2426 xxvn,
1536 2384 1596 2427 13,
1622 2386 1706 2416 exi-—

1027 2453 1126 2483 guum
1132 2441 1285 2482 temporis
1293 2439 1443 2471 medium.
1453 2453 1497 2461 -
1504 2436 1590 2469 Fuit.
1603 2433 1708 2469 Unus

1032 2490 1210 2525 Leidensis
1226 2502 1289 2534 pro
1307 2488 1439 2522 diversa
1457 2487 1605 2521 lectione
1616 2513 1626 2530 ‚
1649 2499 1708 2520 su-

1031 2544 1099 2582 bit,
1121 2540 1213 2585 quod
1236 2538 1333 2573 valde
1354 2537 1574 2574 adblanditur
1592 2537 1706 2571 Hein-

1030 2593 1091 2627 sio.
1117 2592 1234 2626 Nostri
1259 2590 1407 2626 Codices
1431 2588 1653 2631 habentfut't.

1079 2645 1149 2679 168.
1167 2646 1339 2679 Leuconoe
1349 2671 1357 2682 ,
1377 2655 1476 2678 soror
1488 2642 1611 2683 altera,
1627 2640 1707 2686 plu-

1030 2709 1086 2730 res
1113 2696 1250 2730 fabellas
1275 2702 1416 2737 narrat,
1451 2693 1494 2728 de
1517 2693 1640 2727 Martis
1670 2700 1706 2727 et

1031 2748 1182 2784 Veneris
1193 2744 1394 2790 adulterio,
1421 2758 1507 2780 vers.
1531 2745 1702 2792 167-189;
