1832 3100
278 210 366 265 504

651 214 701 255 P.
739 214 976 258 OVIDII
1016 213 1311 258 NASONIS

277 303 362 351 Hic
387 322 470 369 ope
494 304 794 370 Nympharum
817 305 1016 354 sublatus
1039 307 1086 354 in
1109 326 1206 354 aera
1227 306 1384 372 pennis
1399 319 1414 364 ,’

278 380 429 443 Quum
453 381 592 444 gravis
617 382 763 431 infuso
788 382 919 432 tellus
939 383 1054 432 foret
1077 384 1236 431 obruta
1255 394 1395 450 ponto
1411 420 1423 440 ,

1618 395 1685 430 355

274 457 589 507 Deucalioneas
613 459 771 524 effugit
796 461 1033 508 inobrutus
1055 459 1208 510 undas.

278 534 470 583 AEoliam
497 536 680 584 Pitanen
703 558 727 586 a
747 537 851 586 laeva
873 548 995 603 parte
1018 536 1256 602 relinquit,

276 612 494 678 Factaque
517 613 568 661 de
590 633 692 662 saxo
719 614 844 677 longi
868 613 1098 662 simulacra
1122 613 1324 662 draconis
1345 633 1356 672 ;
1413 664 1417 668 ,

282 689 532 755 Idaeumque
554 710 731 748 nemus;
760 711 870 757 quo,
894 691 986 739 nati
1006 690 1149 749 furta,
1171 691 1404 755 juvencum

281 766 491 815 occuluit
513 768 646 816 Liber
664 768 762 816 falsi
786 769 868 817 sub
888 768 1076 831 imagine
1100 767 1212 816 cervi
1233 787 1243 825 ;

1626 780 1690 813 360

283 842 472 909 Quaque
495 858 619 910 pater
641 845 827 912 Corythi
853 865 983 911 parva
1007 843 1246 893 tumulatus
1270 862 1399 892 arena
1420 863 1430 901 ;

283 920 345 967 Et
369 939 482 985 quos
504 923 637 969 Maera
657 941 773 969 novo
796 921 956 971 latratu
982 922 1138 970 terruit
1161 940 1290 984 agros
1312 940 1322 978 ;

284 1001 585 1067 Eurypylique
609 1003 785 1058 urbem,
812 1023 896 1069 qua
922 1004 1024 1051 Coae
1048 1022 1214 1051 cornua
1235 1014 1394 1050 matres

292 1081 532 1130 Gesserunt
547 1119 559 1139 ‚
585 1095 677 1130 tum
703 1103 838 1149 quum
863 1083 1101 1132 discederet
1122 1083 1327 1132 Herculis
1350 1082 1535 1145 agmen3

290 1162 614 1230 Phoebeamque
638 1164 855 1223 Rhodon,
877 1177 920 1213 et
940 1165 1125 1232 Ialysios
1147 1164 1405 1221 Telchinas,

330 1305 404 1349 354.
421 1307 576 1341 Sublalus
587 1310 622 1342 in
633 1321 713 1342 acra
721 1312 842 1353 pesenis
850 1315 961 1355 potest

289 1358 547 1394 circumlocutio
558 1360 645 1396 illius
659 1363 816 1397 scarabaei
829 1376 910 1397 esse.
919 1382 963 1389 —

293 1412 435 1452 Gravi-n
448 1411 537 1446 Rod.
553 1414 606 1446 die
620 1426 728 1456 ganze
737 1415 836 1447 Erde.
855 1414 964 1460 Equi-

290 1460 372 1495 dem
389 1461 600 1507 interpretor
616 1464 846 1509 ponderosam
860 1480 868 1506 ς
893 1479 963 1511 ορ-

290 1514 433 1558 ponitur
447 1516 542 1550 enim
558 1517 588 1550 ei
601 1543 610 1560 ,
628 1518 685 1562 qui
701 1519 823 1563 pennis
834 1518 966 1553 tollitur

292 1564 329 1598 in
347 1577 424 1599 aera
436 1592 445 1608 ,
463 1566 544 1601 levis
561 1568 690 1612 pendet
705 1570 739 1602 in
756 1583 833 1603 aere
846 1596 855 1612 ,
873 1570 964 1603 levi-

291 1623 361 1650 tate
378 1630 437 1651 sua
457 1619 576 1663 effugit
592 1619 844 1664 periculum.-—
858 1622 965 1655 Obru-

292 1671 339 1701 ta.
351 1695 358 1701 .
370 1693 377 1701 .
394 1672 573 1708 inobrutus,
592 1677 629 1704 ut
639 1670 729 1706 VIII
740 1697 749 1715 ,
768 1672 849 1715 844,
866 1673 967 1706 Atte-

293 1727 424 1755 nuat-al.
436 1749 443 1756 .
454 1750 461 1756 .
478 1725 698 1758 inallemmla.

338 1773 412 1806 358.
447 1774 558 1817 longi
578 1778 759 1810 simulacra
787 1778 964 1817 draconis,-

293 1823 455 1870 intelligit
478 1825 638 1872 Micyllus
660 1826 822 1861 Lesbium
844 1831 970 1862 draco-

295 1889 369 1910 nem
381 1904 390 1916 ,
416 1878 513 1923 cujus
529 1879 634 1913 etiam
651 1880 724 1924 XI,
748 1881 790 1914 58
804 1907 813 1924 ,
837 1881 970 1915 mentio

298 1926 348 1960 fit.
374 1947 417 1954 -—
441 1931 556 1964 Liberi
574 1936 706 1972 nalum,
735 1932 947 1979 Thyoneum
961 1958 970 1975 ,

278 1998 280 2000 v
301 1979 460 2027 Phrygiis
478 1982 668 2026 pastoribus
685 1984 874 2029 juvencum
892 1985 975 2018 abe-

303 2031 387 2076 gisse
405 2034 509 2068 tradit
524 2035 630 2080 glossa
645 2035 782 2071 Codicis
800 2036 974 2070 RIenardi.

345 2084 420 2118 361.
437 2087 541 2120 Pater
557 2088 694 2134 Corythi
701 2088 766 2122 suit
779 2088 875 2123 Paris
887 2101 894 2122 :
906 2088 974 2122 vid.

304 2135 505 2172 Parrhasius
515 2138 555 2171 ad
568 2138 800 2173 Claudianum
811 2166 820 2184 ,
835 2140 935 2185 Rapt.
945 2140 973 2182 I,

308 2199 429 2238 ¹99·,—·‘
445 2189 638 2223 Tumulalus
647 2217 655 2231 ,
670 2191 821 2235 sepultus
832 2218 841 2234 ,
854 2191 977 2225 condi—

305 2244 360 2272 tus
384 2246 444 2273 est.
465 2259 508 2265 —
528 2241 642 2274 Mam.
664 2242 792 2286 Regius
819 2242 977 2288 intelligit

307 2290 454 2324 Maeram
465 2318 474 2335 ,
487 2293 573 2327 Icari
587 2306 721 2335 canem,
737 2306 813 2338 quae
825 2294 975 2336 Icarum,

307 2353 327 2374 a
349 2341 482 2376 rusticis
506 2344 626 2379 Atticis
649 2345 893 2388 intersectum,
920 2346 977 2379 la-

309 2399 401 2427 tratu
418 2405 480 2427 suo
496 2393 657 2429 indicavit
668 2390 729 2439 ,et
743 2396 882 2441 posthac
898 2410 978 2431 curn

309 2443 452 2478 domino
467 2457 530 2479 suo
547 2445 639 2479 inter
655 2447 767 2482 sidera
782 2448 888 2483 relata
909 2455 977 2483 est:

312 2497 494 2542 Hyginus,
518 2498 630 2532 sabula
650 2502 732 2540 15o;
749 2500 862 2534 Schol.
881 2501 979 2535 Ger—-

311 2549 436 2583 manici
453 2550 495 2584 ad
517 2550 652 2586 Canem
666 2579 675 2596 ,
693 2566 726 2597 p.
747 2554 815 2587 128.
835 2553 905 2586 Sed
921 2554 980 2587 vi-

312 2599 415 2634 detur
429 2600 501 2636 haec
515 2602 624 2637 Maera
634 2604 746 2648 potius
757 2603 868 2649 puella
878 2604 980 2639 fuisse

311 2650 348 2684 in
367 2663 488 2686 canem
508 2666 614 2688 versa.
638 2655 695 2689 Sic
712 2655 816 2689 etiam
835 2655 981 2690 Lactan-

312 2703 379 2739 tius
397 2730 407 2747 ,
439 2704 476 2738 in
501 2705 729 2750 Argumento.
757 2708 980 2742 Burmannus

1630 1175 1696 1208 365

1025 1310 1227 1355 suspicatur,
1238 1308 1294 1343 hic
1304 1308 1347 1343 de
1357 1307 1503 1343 Hecuba
1514 1306 1579 1353 agi,
1592 1318 1698 1352 prop-

1026 1369 1080 1396 ter
1089 1362 1179 1396 XIII
1190 1387 1199 1404 ,
1213 1361 1278 1404 406
1288 1375 1296 1402 ;
1315 1361 1425 1394 Μαι-να,-
1434 1365 1551 1394 autem
1563 1371 1696 1401 nomen

1027 1414 1202 1449 intrusum
1213 1426 1282 1454 esse
1296 1426 1359 1459 pro
1370 1413 1435 1447 alio
1443 1439 1452 1456 ,
1471 1424 1541 1458 quo
1552 1411 1698 1446 Hecuba

1028 1465 1301 1511 significaretur;
1323 1463 1454 1498 variare
1474 1463 1570 1498 enim
1590 1462 1697 1497 MSS.

1028 1535 1072 1544 ·—-
1083 1519 1181 1555 Novo,
1204 1517 1377 1551 inusitato.
1391 1533 1435 1541 -·
1456 1517 1592 1549 Terruit.
1610 1513 1700 1548 Vide

1031 1568 1073 1602 ad
1090 1570 1181 1604 XIII
1195 1595 1204 1612 ‚
1225 1569 1298 1612 406.
1535 1610 1538 1614 Ι

1074 1621 1146 1654 363.
1167 1622 1469 1666 Eurypyliurbem‚·
1494 1617 1606 1653 Goon.
1621 1617 1702 1652 Ho-

1030 1683 1116 1704 mer.
1143 1670 1181 1704 ΙΙ.
1205 1671 1256 1712 Β,
1284 1671 1346 1716 677
1366 1696 1376 1713 ,
1406 1677 1495 1712 Κῶν,
1523 1671 1703 1718 Εὐρυπύλοιο

1031 1725 1124 1757 πόλιν.
1145 1722 1226 1756 Fuit
1244 1721 1298 1756 hic
1321 1721 1517 1768 Eurypylus
1545 1720 1705 1755 Herculis

1033 1773 1142 1816 filius,
1166 1774 1223 1818 qui
1236 1799 1245 1816 ,
1271 1780 1367 1818 capta
1382 1773 1436 1806 illa
1452 1773 1537 1807 urbe
1551 1798 1561 1815 ,
1584 1771 1630 1806 ibi
1645 1785 1706 1806 re-

1035 1827 1160 1872 gnavit.
1188 1828 1262 1861 Cooe
1282 1833 1399 1860 autem
1415 1825 1578 1859 mulieres
1595 1837 1705 1870 quum

1035 1880 1184 1913 sormam
1200 1890 1297 1912 suam
1311 1877 1538 1923 praetulissent
1548 1876 1680 1912 Veneri
1694 1902 1704 1919 ‚

1036 1933 1072 1966 in
1090 1945 1205 1966 vaccas
1221 1937 1361 1965 mutatae
1372 1937 1455 1968 sunt
1468 1942 1476 1963 :
1489 1928 1705 1973 Lactantius,

1037 1984 1074 2018 in
1086 1983 1317 2028 Argumento.

1081 2035 1154 2069 365.
1173 2036 1363 2073 Pha-bema,
1381 2032 1460 2077 quia
1474 2030 1620 2065 Rhodus
1634 2030 1706 2066 Soli

1037 2098 1130 2120 sacra
1140 2111 1149 2128 ,
1169 2085 1266 2130 cujus
1281 2084 1383 2119 radiis
1399 2095 1579 2127 nunquam
1591 2094 1708 2116 carere

1039 2137 1216 2171 dicebatur
1232 2149 1239 2170 z
1257 2135 1324 2169 vid.
1342 2134 1547 2177 Lambinus,
1570 2132 1611 2167 ad
1623 2133 1709 2167 Ho-

1039 2189 1165 2222 ratium
1180 2214 1188 2231 ‚
1207 2189 1246 2232 I,
1266 2187 1335 2222 od.
1352 2197 1406 2221 v11
1418 2212 1427 2230 ,
1449 2199 1474 2221 1.
1491 2203 1534 2212 --
1551 2186 1707 2230 Ialysus,

1040 2253 1109 2274 una
1134 2253 1174 2274 ex
1197 2240 1304 2274 tribus
1329 2237 1571 2283 antiquissimis
1593 2236 1710 2271 Rhodi

1042 2293 1200 2335 urbibus,
1215 2292 1255 2326 ab
1267 2291 1390 2338 IalysO,
1408 2290 1496 2325 Solis
1506 2296 1631 2334 nepote
1641 2315 1650 2332 ,
1663 2289 1711 2323 sie

1042 2345 1131 2379 dicta
1145 2358 1152 2379 ;
1166 2344 1292 2379 Strabo
1305 2369 1314 2387 ,
1331 2342 1431 2386 XIV,
1449 2355 1480 2387 p.
1497 2342 1622 2376 655.—
1634 2342 1713 2374 Tel-

1041 2399 1158 2430 chinas
1182 2394 1348 2430 Rhodum
1372 2393 1550 2428 incoluisse
1577 2398 1712 2426 certum

1042 2456 1113 2491 est,
1140 2460 1338 2493 quanquam
1361 2460 1433 2480 non
1453 2446 1531 2481 satis
1556 2451 1711 2488 constat,

1042 2500 1135 2534 unde
1147 2500 1319 2542 venerint,
1331 2506 1389 2533 aut
1397 2510 1575 2543 quorsum,
1586 2495 1712 2532 Rhodo

1042 2552 1179 2594 relicta,
1204 2551 1437 2595 migraverint.
1458 2549 1547 2584 Vide
1568 2547 1714 2583 Meursii

1044 2603 1159 2647 thd.
1173 2604 1208 2647 1,
1226 2617 1256 2651 9.
1271 2601 1506 2640 Erantautem
1517 2609 1552 2636 et
1564 2601 1713 2646 insignes

1043 2655 1303 2701 praestigiatores
1328 2661 1363 2688 et
1387 2653 1494 2688 invidi
1516 2651 1713 2687 calumnia-

1044 2715 1145 2742 tores.
1165 2707 1352 2753 spanhem.
1375 2706 1417 2741 ad
1439 2704 1709 2745 Callimachum,
