<?xml version="1.0" encoding="UTF-8"?>
<!DOCTYPE html PUBLIC "-//W3C//DTD XHTML 1.0 Transitional//EN"
    "http://www.w3.org/TR/xhtml1/DTD/xhtml1-transitional.dtd">
<html xmlns="http://www.w3.org/1999/xhtml" xml:lang="en" lang="en">
 <head>
  <title>
</title>
<meta http-equiv="Content-Type" content="text/html;charset=utf-8" />
  <meta name='ocr-system' content='tesseract 3.04.00' />
  <meta name='ocr-capabilities' content='ocr_page ocr_carea ocr_par ocr_line ocrx_word'/>
</head>
<body>
  <div class='ocr_page' id='page_1' title='image "./quaeextantomniao03oviduoft_0261.png"; bbox 0 0 1832 3100; ppageno 0'>
   <div class='ocr_carea' id='block_1_1' title="bbox 362 233 1417 282">
    <p class='ocr_par' dir='ltr' id='par_1_1' title="bbox 362 233 1417 282">
     <span class='ocr_line' id='line_1_1' title="bbox 362 233 1417 282; baseline -0.001 0"><span class='ocrx_word' id='word_1_1' title='bbox 362 233 1051 282; x_wconf 86' lang='lat' dir='ltr'><strong>METAMORPHOSEON</strong></span> <span class='ocrx_word' id='word_1_2' title='bbox 1089 237 1218 280; x_wconf 86' lang='lat' dir='ltr'>LIB.</span> <span class='ocrx_word' id='word_1_3' title='bbox 1253 238 1355 281; x_wconf 93' lang='lat' dir='ltr'>III.</span> <span class='ocrx_word' id='word_1_4' title='bbox 1407 249 1417 261; x_wconf 73' lang='grc'><em>“</em></span> 
     </span>
    </p>
   </div>
   <div class='ocr_carea' id='block_1_2' title="bbox 1486 252 1574 297">
    <p class='ocr_par' dir='ltr' id='par_1_2' title="bbox 1486 252 1574 297">
     <span class='ocr_line' id='line_1_2' title="bbox 1486 252 1574 297; baseline -0.011 -17"><span class='ocrx_word' id='word_1_5' title='bbox 1486 252 1574 297; x_wconf 68' lang='lat'><strong>229</strong></span> 
     </span>
    </p>
   </div>
   <div class='ocr_carea' id='block_1_3' title="bbox 149 328 1580 940">
    <p class='ocr_par' dir='ltr' id='par_1_3' title="bbox 151 328 1311 398">
     <span class='ocr_line' id='line_1_3' title="bbox 151 328 1311 398; baseline -0.003 -18"><span class='ocrx_word' id='word_1_6' title='bbox 151 331 406 398; x_wconf 86' lang='lat' dir='ltr'><strong>Spumaque</strong></span> <span class='ocrx_word' id='word_1_7' title='bbox 428 328 664 396; x_wconf 84' lang='lat' dir='ltr'><strong>pestiferos</strong></span> <span class='ocrx_word' id='word_1_8' title='bbox 686 328 952 378; x_wconf 84' lang='lat' dir='ltr'><strong>circumfluit</strong></span> <span class='ocrx_word' id='word_1_9' title='bbox 974 328 1123 377; x_wconf 87' lang='lat' dir='ltr'>albida</span> <span class='ocrx_word' id='word_1_10' title='bbox 1146 329 1311 387; x_wconf 81' lang='lat' dir='ltr'><strong>rictus3</strong></span> 
     </span>
    </p>

    <p class='ocr_par' dir='ltr' id='par_1_4' title="bbox 151 405 1575 550">
     <span class='ocr_line' id='line_1_4' title="bbox 151 405 1575 474; baseline -0.002 -17"><span class='ocrx_word' id='word_1_11' title='bbox 151 409 375 474; x_wconf 72' lang='lat' dir='ltr'>Terraque</span> <span class='ocrx_word' id='word_1_12' title='bbox 398 425 497 456; x_wconf 91' lang='lat' dir='ltr'><strong>rasa</strong></span> <span class='ocrx_word' id='word_1_13' title='bbox 519 418 648 455; x_wconf 89' lang='lat' dir='ltr'><strong>sonat</strong></span> <span class='ocrx_word' id='word_1_14' title='bbox 671 407 893 474; x_wconf 87' lang='lat' dir='ltr'><strong>squamis;</strong></span> <span class='ocrx_word' id='word_1_15' title='bbox 918 406 1085 474; x_wconf 88' lang='lat' dir='ltr'><strong>quique</strong></span> <span class='ocrx_word' id='word_1_16' title='bbox 1108 405 1274 455; x_wconf 84' lang='lat' dir='ltr'><strong>halitus</strong></span> <span class='ocrx_word' id='word_1_17' title='bbox 1297 407 1387 455; x_wconf 84' lang='lat' dir='ltr'><strong>exit</strong></span> <span class='ocrx_word' id='word_1_18' title='bbox 1531 419 1575 466; x_wconf 73' lang='lat'><strong>75</strong></span> 
     </span>
     <span class='ocr_line' id='line_1_5' title="bbox 153 482 1118 550; baseline -0.002 -16"><span class='ocrx_word' id='word_1_19' title='bbox 153 485 247 534; x_wconf 89' lang='lat' dir='ltr'><strong>Ore</strong></span> <span class='ocrx_word' id='word_1_20' title='bbox 268 483 396 547; x_wconf 88' lang='lat' dir='ltr'><strong>niger</strong></span> <span class='ocrx_word' id='word_1_21' title='bbox 417 482 596 550; x_wconf 84' lang='lat' dir='ltr'><strong>Stygio,</strong></span> <span class='ocrx_word' id='word_1_22' title='bbox 620 484 795 533; x_wconf 86' lang='lat' dir='ltr'><strong>vitiatas</strong></span> <span class='ocrx_word' id='word_1_23' title='bbox 816 483 957 532; x_wconf 88' lang='lat' dir='ltr'><strong>inficit</strong></span> <span class='ocrx_word' id='word_1_24' title='bbox 978 502 1118 533; x_wconf 89' lang='lat' dir='ltr'><strong>auras.</strong></span> 
     </span>
    </p>

    <p class='ocr_par' dir='ltr' id='par_1_5' title="bbox 149 559 1317 629">
     <span class='ocr_line' id='line_1_6' title="bbox 149 559 1317 629; baseline -0.002 -19"><span class='ocrx_word' id='word_1_25' title='bbox 149 562 254 628; x_wconf 89' lang='lat' dir='ltr'><strong>Ipse</strong></span> <span class='ocrx_word' id='word_1_26' title='bbox 271 560 408 610; x_wconf 91' lang='lat' dir='ltr'><strong>modo</strong></span> <span class='ocrx_word' id='word_1_27' title='bbox 430 560 694 611; x_wconf 88' lang='lat' dir='ltr'><strong>immensum</strong></span> <span class='ocrx_word' id='word_1_28' title='bbox 719 562 853 629; x_wconf 88' lang='lat' dir='ltr'><strong>spiris</strong></span> <span class='ocrx_word' id='word_1_29' title='bbox 878 561 1145 611; x_wconf 84' lang='lat' dir='ltr'>facientibus</span> <span class='ocrx_word' id='word_1_30' title='bbox 1164 559 1317 609; x_wconf 90' lang='lat' dir='ltr'><strong>orbem</strong></span> 
     </span>
    </p>

    <p class='ocr_par' dir='ltr' id='par_1_6' title="bbox 153 637 1266 703">
     <span class='ocr_line' id='line_1_7' title="bbox 153 637 1266 703; baseline -0.001 -16"><span class='ocrx_word' id='word_1_31' title='bbox 153 637 362 701; x_wconf 76' lang='lat' dir='ltr'><strong>Cingitur</strong></span> <span class='ocrx_word' id='word_1_32' title='bbox 384 657 395 686; x_wconf 75' lang='grc' dir='ltr'><strong><em>ε</em></strong></span> <span class='ocrx_word' id='word_1_33' title='bbox 419 638 643 688; x_wconf 87' lang='lat' dir='ltr'><strong>interdum</strong></span> <span class='ocrx_word' id='word_1_34' title='bbox 667 639 803 703; x_wconf 85' lang='lat' dir='ltr'><strong>longa</strong></span> <span class='ocrx_word' id='word_1_35' title='bbox 829 640 952 688; x_wconf 85' lang='lat' dir='ltr'><strong>trabe</strong></span> <span class='ocrx_word' id='word_1_36' title='bbox 976 639 1141 688; x_wconf 90' lang='lat' dir='ltr'><strong>rectior</strong></span> <span class='ocrx_word' id='word_1_37' title='bbox 1164 638 1266 688; x_wconf 85' lang='lat' dir='ltr'><strong>exit.</strong></span> 
     </span>
    </p>

    <p class='ocr_par' dir='ltr' id='par_1_7' title="bbox 149 715 1580 940">
     <span class='ocr_line' id='line_1_8' title="bbox 149 715 1410 783; baseline 0.001 -20"><span class='ocrx_word' id='word_1_38' title='bbox 149 715 321 783; x_wconf 90' lang='lat' dir='ltr'><strong>Impete</strong></span> <span class='ocrx_word' id='word_1_39' title='bbox 342 734 462 764; x_wconf 91' lang='lat' dir='ltr'><strong>nunc</strong></span> <span class='ocrx_word' id='word_1_40' title='bbox 485 728 610 765; x_wconf 89' lang='lat' dir='ltr'><strong>vasto</strong></span> <span class='ocrx_word' id='word_1_41' title='bbox 628 754 641 775; x_wconf 90' lang='lat'>‚</span> <span class='ocrx_word' id='word_1_42' title='bbox 666 735 746 765; x_wconf 86' lang='lat' dir='ltr'><strong>ceu</strong></span> <span class='ocrx_word' id='word_1_43' title='bbox 771 717 974 766; x_wconf 89' lang='lat' dir='ltr'><strong>concitus</strong></span> <span class='ocrx_word' id='word_1_44' title='bbox 996 716 1221 766; x_wconf 89' lang='lat' dir='ltr'><strong>imbribus</strong></span> <span class='ocrx_word' id='word_1_45' title='bbox 1244 715 1384 765; x_wconf 87' lang='lat' dir='ltr'><strong>amnis</strong></span> <span class='ocrx_word' id='word_1_46' title='bbox 1398 753 1410 774; x_wconf 91' lang='lat'>‚</span> 
     </span>
     <span class='ocr_line' id='line_1_9' title="bbox 150 793 1580 862; baseline -0.001 -20"><span class='ocrx_word' id='word_1_47' title='bbox 150 793 312 842; x_wconf 86' lang='lat' dir='ltr'><strong>Fertur</strong></span> <span class='ocrx_word' id='word_1_48' title='bbox 325 831 338 853; x_wconf 87' lang='lat'>‚</span> <span class='ocrx_word' id='word_1_49' title='bbox 363 805 409 843; x_wconf 85' lang='lat' dir='ltr'><strong>et</strong></span> <span class='ocrx_word' id='word_1_50' title='bbox 430 793 659 843; x_wconf 83' lang='lat' dir='ltr'><strong>obstantes</strong></span> <span class='ocrx_word' id='word_1_51' title='bbox 681 794 923 861; x_wconf 86' lang='lat' dir='ltr'><strong>proturbat</strong></span> <span class='ocrx_word' id='word_1_52' title='bbox 943 806 1123 862; x_wconf 88' lang='lat' dir='ltr'><strong>pectore</strong></span> <span class='ocrx_word' id='word_1_53' title='bbox 1148 793 1292 843; x_wconf 89' lang='lat' dir='ltr'><strong>silvas.</strong></span> <span class='ocrx_word' id='word_1_54' title='bbox 1536 807 1580 842; x_wconf 74' lang='grc' dir='ltr'><strong>δι’)</strong></span> 
     </span>
     <span class='ocr_line' id='line_1_10' title="bbox 153 871 1244 940; baseline -0.001 -18"><span class='ocrx_word' id='word_1_55' title='bbox 153 871 286 922; x_wconf 87' lang='lat' dir='ltr'><strong>Cedit</strong></span> <span class='ocrx_word' id='word_1_56' title='bbox 307 872 585 937; x_wconf 84' lang='lat' dir='ltr'><strong>Agenorides</strong></span> <span class='ocrx_word' id='word_1_57' title='bbox 609 871 816 940; x_wconf 81' lang='lat' dir='ltr'><strong>paulum3</strong></span> <span class='ocrx_word' id='word_1_58' title='bbox 841 871 1078 939; x_wconf 90' lang='lat' dir='ltr'><strong>spolioque</strong></span> <span class='ocrx_word' id='word_1_59' title='bbox 1100 871 1244 921; x_wconf 91' lang='lat' dir='ltr'><strong>leonis</strong></span> 
     </span>
    </p>
   </div>
   <div class='ocr_carea' id='block_1_4' title="bbox 152 955 1386 1188">
    <p class='ocr_par' dir='ltr' id='par_1_8' title="bbox 152 955 1386 1188">
     <span class='ocr_line' id='line_1_11' title="bbox 152 955 1249 1023; baseline -0.001 -18"><span class='ocrx_word' id='word_1_60' title='bbox 152 955 357 1006; x_wconf 87' lang='lat' dir='ltr'><strong>Sustinet</strong></span> <span class='ocrx_word' id='word_1_61' title='bbox 377 956 608 1016; x_wconf 89' lang='lat' dir='ltr'><strong>incursus;</strong></span> <span class='ocrx_word' id='word_1_62' title='bbox 632 956 932 1023; x_wconf 83' lang='lat' dir='ltr'><strong>instantiaque</strong></span> <span class='ocrx_word' id='word_1_63' title='bbox 958 976 1034 1005; x_wconf 90' lang='lat' dir='ltr'><strong>ora</strong></span> <span class='ocrx_word' id='word_1_64' title='bbox 1054 955 1249 1006; x_wconf 87' lang='lat' dir='ltr'><strong>retardat</strong></span> 
     </span>
     <span class='ocr_line' id='line_1_12' title="bbox 154 1039 1242 1107; baseline -0.001 -19"><span class='ocrx_word' id='word_1_65' title='bbox 154 1039 352 1106; x_wconf 90' lang='lat' dir='ltr'><strong>Cuspide</strong></span> <span class='ocrx_word' id='word_1_66' title='bbox 375 1051 590 1107; x_wconf 86' lang='lat' dir='ltr'><strong>praetenta</strong></span> <span class='ocrx_word' id='word_1_67' title='bbox 609 1059 619 1088; x_wconf 92' lang='lat'>:</span> <span class='ocrx_word' id='word_1_68' title='bbox 639 1039 749 1088; x_wconf 88' lang='lat' dir='ltr'><strong>furit</strong></span> <span class='ocrx_word' id='word_1_69' title='bbox 769 1039 864 1099; x_wconf 86' lang='lat' dir='ltr'><strong>ille,</strong></span> <span class='ocrx_word' id='word_1_70' title='bbox 890 1051 935 1088; x_wconf 88' lang='lat' dir='ltr'><strong>et</strong></span> <span class='ocrx_word' id='word_1_71' title='bbox 957 1040 1105 1088; x_wconf 90' lang='lat' dir='ltr'><strong>inania</strong></span> <span class='ocrx_word' id='word_1_72' title='bbox 1129 1039 1242 1089; x_wconf 88' lang='lat' dir='ltr'><strong>duro</strong></span> 
     </span>
     <span class='ocr_line' id='line_1_13' title="bbox 153 1111 1386 1188; baseline 0 -20"><span class='ocrx_word' id='word_1_73' title='bbox 153 1120 355 1171; x_wconf 86' lang='lat' dir='ltr'><strong>Vulnera</strong></span> <span class='ocrx_word' id='word_1_74' title='bbox 377 1121 453 1185; x_wconf 83' lang='lat' dir='ltr'><strong>dat</strong></span> <span class='ocrx_word' id='word_1_75' title='bbox 476 1122 622 1181; x_wconf 86' lang='lat' dir='ltr'><strong>ferro;</strong></span> <span class='ocrx_word' id='word_1_76' title='bbox 648 1121 901 1188; x_wconf 84' lang='lat' dir='ltr'><strong>frangitque</strong></span> <span class='ocrx_word' id='word_1_77' title='bbox 924 1121 970 1169; x_wconf 92' lang='lat' dir='ltr'><strong>in</strong></span> <span class='ocrx_word' id='word_1_78' title='bbox 994 1121 1196 1171; x_wconf 87' lang='lat' dir='ltr'><strong>acumine</strong></span> <span class='ocrx_word' id='word_1_79' title='bbox 1218 1111 1386 1170; x_wconf 85' lang='lat' dir='ltr'><strong>dentes.</strong></span> 
     </span>
    </p>
   </div>
   <div class='ocr_carea' id='block_1_5' title="bbox 155 1203 1585 1278">
    <p class='ocr_par' dir='ltr' id='par_1_9' title="bbox 155 1203 1585 1278">
     <span class='ocr_line' id='line_1_14' title="bbox 155 1203 1585 1278; baseline -0.002 -26"><span class='ocrx_word' id='word_1_80' title='bbox 155 1204 344 1272; x_wconf 85' lang='lat' dir='ltr'><strong>Jamque</strong></span> <span class='ocrx_word' id='word_1_81' title='bbox 365 1203 616 1253; x_wconf 86' lang='lat' dir='ltr'><strong>venenifero</strong></span> <span class='ocrx_word' id='word_1_82' title='bbox 642 1204 821 1268; x_wconf 84' lang='lat' dir='ltr'><strong>sanguis</strong></span> <span class='ocrx_word' id='word_1_83' title='bbox 844 1223 1019 1253; x_wconf 85' lang='lat' dir='ltr'><strong>manare</strong></span> <span class='ocrx_word' id='word_1_84' title='bbox 1036 1203 1192 1278; x_wconf 24' lang='lat' dir='ltr'><strong>&#39;palato</strong></span> <span class='ocrx_word' id='word_1_85' title='bbox 1541 1215 1585 1250; x_wconf 82' lang='lat'><strong>85</strong></span> 
     </span>
    </p>
   </div>
   <div class='ocr_carea' id='block_1_6' title="bbox 153 1346 844 2812">
    <p class='ocr_par' dir='ltr' id='par_1_10' title="bbox 156 1346 842 1498">
     <span class='ocr_line' id='line_1_15' title="bbox 156 1346 842 1395; baseline 0.006 -13"><span class='ocrx_word' id='word_1_86' title='bbox 156 1346 268 1384; x_wconf 86' lang='lat' dir='ltr'><strong>MSS.</strong></span> <span class='ocrx_word' id='word_1_87' title='bbox 293 1347 443 1395; x_wconf 73' lang='lat' dir='ltr'><strong>Vulgata</strong></span> <span class='ocrx_word' id='word_1_88' title='bbox 462 1375 472 1393; x_wconf 93' lang='lat'>,</span> <span class='ocrx_word' id='word_1_89' title='bbox 506 1361 622 1385; x_wconf 85' lang='lat' dir='ltr'><strong>causa.</strong></span> <span class='ocrx_word' id='word_1_90' title='bbox 652 1367 698 1377; x_wconf 90' lang='lat'>—</span> <span class='ocrx_word' id='word_1_91' title='bbox 721 1349 842 1386; x_wconf 78' lang='lat' dir='ltr'><strong>Nostri</strong></span> 
     </span>
     <span class='ocr_line' id='line_1_16' title="bbox 158 1400 841 1447; baseline 0.004 -13"><span class='ocrx_word' id='word_1_92' title='bbox 158 1409 298 1446; x_wconf 82' lang='lat' dir='ltr'><strong>quoque</strong></span> <span class='ocrx_word' id='word_1_93' title='bbox 309 1400 410 1447; x_wconf 76' lang='lat' dir='ltr'><strong>Regii</strong></span> <span class='ocrx_word' id='word_1_94' title='bbox 423 1427 433 1445; x_wconf 91' lang='lat'>,</span> <span class='ocrx_word' id='word_1_95' title='bbox 449 1414 566 1436; x_wconf 83' lang='lat' dir='ltr'><strong>causa.</strong></span> <span class='ocrx_word' id='word_1_96' title='bbox 579 1418 624 1428; x_wconf 84' lang='lat'><strong>·-</strong></span> <span class='ocrx_word' id='word_1_97' title='bbox 632 1404 746 1438; x_wconf 73' lang='lat' dir='ltr'><strong>Plena</strong></span> <span class='ocrx_word' id='word_1_98' title='bbox 759 1409 841 1437; x_wconf 86' lang='lat' dir='ltr'><strong>sunt</strong></span> 
     </span>
     <span class='ocr_line' id='line_1_17' title="bbox 157 1459 568 1498; baseline 0.005 -12"><span class='ocrx_word' id='word_1_99' title='bbox 157 1463 275 1496; x_wconf 65' lang='lat' dir='ltr'><strong>vena,</strong></span> <span class='ocrx_word' id='word_1_100' title='bbox 291 1464 401 1498; x_wconf 88' lang='lat' dir='ltr'><strong>quum</strong></span> <span class='ocrx_word' id='word_1_101' title='bbox 418 1459 568 1488; x_wconf 83' lang='lat' dir='ltr'><strong>tument.</strong></span> 
     </span>
    </p>

    <p class='ocr_par' dir='ltr' id='par_1_11' title="bbox 153 1503 843 2222">
     <span class='ocr_line' id='line_1_18' title="bbox 202 1503 840 1553; baseline 0.005 -15"><span class='ocrx_word' id='word_1_102' title='bbox 202 1503 255 1551; x_wconf 83' lang='grc'><strong>76.</strong></span> <span class='ocrx_word' id='word_1_103' title='bbox 262 1505 374 1549; x_wconf 66' lang='lat' dir='ltr'><strong>Niger,</strong></span> <span class='ocrx_word' id='word_1_104' title='bbox 383 1505 558 1551; x_wconf 77' lang='lat' dir='ltr'><strong>pestilens.</strong></span> <span class='ocrx_word' id='word_1_105' title='bbox 566 1506 730 1553; x_wconf 78' lang='lat' dir='ltr'><strong>—Slygio</strong></span> <span class='ocrx_word' id='word_1_106' title='bbox 739 1519 840 1552; x_wconf 86' lang='lat' dir='ltr'><strong>prop-</strong></span> 
     </span>
     <span class='ocr_line' id='line_1_19' title="bbox 156 1555 837 1594; baseline 0.001 -2"><span class='ocrx_word' id='word_1_107' title='bbox 156 1562 214 1592; x_wconf 80' lang='lat' dir='ltr'><strong>ter</strong></span> <span class='ocrx_word' id='word_1_108' title='bbox 232 1555 380 1591; x_wconf 86' lang='lat' dir='ltr'><strong>halitum</strong></span> <span class='ocrx_word' id='word_1_109' title='bbox 400 1557 589 1593; x_wconf 83' lang='lat' dir='ltr'><strong>letiferum.</strong></span> <span class='ocrx_word' id='word_1_110' title='bbox 618 1558 723 1594; x_wconf 85' lang='lat' dir='ltr'><strong>Silius</strong></span> <span class='ocrx_word' id='word_1_111' title='bbox 747 1571 837 1593; x_wconf 83' lang='lat' dir='ltr'><strong>vers.</strong></span> 
     </span>
     <span class='ocr_line' id='line_1_20' title="bbox 156 1608 843 1655; baseline 0.003 -13"><span class='ocrx_word' id='word_1_112' title='bbox 156 1618 224 1655; x_wconf 75' lang='lat'><strong>²¹9</strong></span> <span class='ocrx_word' id='word_1_113' title='bbox 235 1619 244 1643; x_wconf 93' lang='lat'><strong>:</strong></span> <span class='ocrx_word' id='word_1_114' title='bbox 254 1608 388 1655; x_wconf 59' lang='lat' dir='ltr'><strong>Slygios</strong></span> <span class='ocrx_word' id='word_1_115' title='bbox 400 1613 503 1644; x_wconf 66' lang='lat' dir='ltr'><strong>esau·</strong></span> <span class='ocrx_word' id='word_1_116' title='bbox 505 1609 666 1654; x_wconf 79' lang='lat' dir='ltr'><strong>fumante</strong></span> <span class='ocrx_word' id='word_1_117' title='bbox 677 1612 843 1646; x_wconf 74' lang='lat' dir='ltr'><strong>exsibilat</strong></span> 
     </span>
     <span class='ocr_line' id='line_1_21' title="bbox 153 1661 837 1708; baseline 0.004 -14"><span class='ocrx_word' id='word_1_118' title='bbox 153 1661 427 1696; x_wconf 77' lang='lat' dir='ltr'><strong>om.—Viliatas</strong></span> <span class='ocrx_word' id='word_1_119' title='bbox 435 1663 570 1708; x_wconf 75' lang='lat' dir='ltr'><strong>inficite</strong></span> <span class='ocrx_word' id='word_1_120' title='bbox 581 1662 680 1708; x_wconf 88' lang='lat' dir='ltr'><strong>copia</strong></span> <span class='ocrx_word' id='word_1_121' title='bbox 690 1662 837 1708; x_wconf 84' lang='lat' dir='ltr'><strong>poetica,</strong></span> 
     </span>
     <span class='ocr_line' id='line_1_22' title="bbox 153 1711 840 1759; baseline 0.004 -12"><span class='ocrx_word' id='word_1_122' title='bbox 153 1711 255 1748; x_wconf 82' lang='lat' dir='ltr'><strong>vitiat</strong></span> <span class='ocrx_word' id='word_1_123' title='bbox 269 1720 330 1749; x_wconf 88' lang='lat' dir='ltr'><strong>aut</strong></span> <span class='ocrx_word' id='word_1_124' title='bbox 344 1713 467 1750; x_wconf 87' lang='lat' dir='ltr'><strong>inficit.</strong></span> <span class='ocrx_word' id='word_1_125' title='bbox 482 1714 662 1750; x_wconf 76' lang='lat' dir='ltr'><strong>Avienus:</strong></span> <span class='ocrx_word' id='word_1_126' title='bbox 675 1714 840 1759; x_wconf 82' lang='lat' dir='ltr'><strong>Pestifero</strong></span> 
     </span>
     <span class='ocr_line' id='line_1_23' title="bbox 154 1766 841 1814; baseline 0.006 -14"><span class='ocrx_word' id='word_1_127' title='bbox 154 1766 284 1811; x_wconf 78' lang='lat' dir='ltr'><strong>adfiatu</strong></span> <span class='ocrx_word' id='word_1_128' title='bbox 290 1779 427 1812; x_wconf 74' lang='lat' dir='ltr'><strong>serpens</strong></span> <span class='ocrx_word' id='word_1_129' title='bbox 435 1781 543 1813; x_wconf 63' lang='grc' dir='ltr'><strong>ναμε</strong></span> <span class='ocrx_word' id='word_1_130' title='bbox 550 1772 707 1814; x_wconf 80' lang='lat' dir='ltr'><strong>inquinat</strong></span> <span class='ocrx_word' id='word_1_131' title='bbox 711 1781 841 1804; x_wconf 75' lang='lat' dir='ltr'><strong>auram·</strong></span> 
     </span>
     <span class='ocr_line' id='line_1_24' title="bbox 157 1816 840 1867; baseline 0.006 -15"><span class='ocrx_word' id='word_1_132' title='bbox 157 1816 375 1855; x_wconf 82' lang='lat' dir='ltr'><strong>Claudianus</strong></span> <span class='ocrx_word' id='word_1_133' title='bbox 386 1845 397 1865; x_wconf 90' lang='lat'>,</span> <span class='ocrx_word' id='word_1_134' title='bbox 422 1831 540 1865; x_wconf 84' lang='lat' dir='ltr'>xxxv,</span> <span class='ocrx_word' id='word_1_135' title='bbox 566 1833 630 1856; x_wconf 80' lang='lat'><strong>202</strong></span> <span class='ocrx_word' id='word_1_136' title='bbox 642 1847 653 1865; x_wconf 83' lang='lat'>,</span> <span class='ocrx_word' id='word_1_137' title='bbox 678 1820 722 1856; x_wconf 88' lang='lat' dir='ltr'><strong>de</strong></span> <span class='ocrx_word' id='word_1_138' title='bbox 742 1821 840 1867; x_wconf 82' lang='lat' dir='ltr'><strong>equis</strong></span> 
     </span>
     <span class='ocr_line' id='line_1_25' title="bbox 155 1869 842 1919; baseline 0.004 -13"><span class='ocrx_word' id='word_1_139' title='bbox 155 1869 318 1908; x_wconf 73' lang='lat' dir='ltr'><strong>Plutonis</strong></span> <span class='ocrx_word' id='word_1_140' title='bbox 341 1886 350 1908; x_wconf 92' lang='lat'>:</span> <span class='ocrx_word' id='word_1_141' title='bbox 375 1878 557 1919; x_wconf 76' lang='lat' dir='ltr'><strong>corrumpit</strong></span> <span class='ocrx_word' id='word_1_142' title='bbox 575 1877 715 1919; x_wconf 79' lang='lat' dir='ltr'><strong>spiritus</strong></span> <span class='ocrx_word' id='word_1_143' title='bbox 737 1887 842 1910; x_wconf 78' lang='lat' dir='ltr'><strong>auras</strong></span> 
     </span>
     <span class='ocr_line' id='line_1_26' title="bbox 156 1923 841 1970; baseline 0.003 -12"><span class='ocrx_word' id='word_1_144' title='bbox 156 1923 305 1969; x_wconf 55' lang='lat' dir='ltr'><strong>blesen·</strong></span> <span class='ocrx_word' id='word_1_145' title='bbox 317 1925 452 1970; x_wconf 73' lang='lat' dir='ltr'><strong>insecta</strong></span> <span class='ocrx_word' id='word_1_146' title='bbox 461 1929 589 1970; x_wconf 82' lang='lat' dir='ltr'><strong>spumis</strong></span> <span class='ocrx_word' id='word_1_147' title='bbox 598 1930 764 1961; x_wconf 79' lang='lat' dir='ltr'><strong>vitiantur</strong></span> <span class='ocrx_word' id='word_1_148' title='bbox 769 1939 841 1960; x_wconf 84' lang='lat' dir='ltr'><strong>are-</strong></span> 
     </span>
     <span class='ocr_line' id='line_1_27' title="bbox 156 1977 840 2025; baseline 0.003 -14"><span class='ocrx_word' id='word_1_149' title='bbox 156 1988 219 2011; x_wconf 75' lang='lat' dir='ltr'><strong>ne.</strong></span> <span class='ocrx_word' id='word_1_150' title='bbox 241 1995 286 2004; x_wconf 91' lang='lat'><em>-</em></span> <span class='ocrx_word' id='word_1_151' title='bbox 303 1977 463 2023; x_wconf 86' lang='lat' dir='ltr'><strong>Quidam</strong></span> <span class='ocrx_word' id='word_1_152' title='bbox 484 1981 606 2014; x_wconf 78' lang='lat' dir='ltr'><strong>herbas</strong></span> <span class='ocrx_word' id='word_1_153' title='bbox 627 1991 692 2025; x_wconf 86' lang='lat' dir='ltr'><strong>pro</strong></span> <span class='ocrx_word' id='word_1_154' title='bbox 708 1991 811 2013; x_wconf 86' lang='lat' dir='ltr'><strong>auras</strong></span> <span class='ocrx_word' id='word_1_155' title='bbox 827 1990 840 2022; x_wconf 91' lang='lat'><strong>,·</strong></span> 
     </span>
     <span class='ocr_line' id='line_1_28' title="bbox 157 2027 842 2074; baseline 0.003 -11"><span class='ocrx_word' id='word_1_156' title='bbox 157 2027 220 2063; x_wconf 82' lang='lat' dir='ltr'><strong>sed</strong></span> <span class='ocrx_word' id='word_1_157' title='bbox 234 2028 433 2065; x_wconf 86' lang='lat' dir='ltr'><strong>Burmann.</strong></span> <span class='ocrx_word' id='word_1_158' title='bbox 449 2037 544 2066; x_wconf 86' lang='lat' dir='ltr'><strong>recte</strong></span> <span class='ocrx_word' id='word_1_159' title='bbox 561 2037 703 2074; x_wconf 86' lang='lat' dir='ltr'><strong>monet,</strong></span> <span class='ocrx_word' id='word_1_160' title='bbox 721 2032 842 2065; x_wconf 79' lang='lat' dir='ltr'><strong>herbas</strong></span> 
     </span>
     <span class='ocr_line' id='line_1_29' title="bbox 157 2080 842 2127; baseline 0.004 -13"><span class='ocrx_word' id='word_1_161' title='bbox 157 2080 255 2115; x_wconf 85' lang='lat' dir='ltr'><strong>sanie</strong></span> <span class='ocrx_word' id='word_1_162' title='bbox 263 2081 378 2127; x_wconf 79' lang='lat' dir='ltr'><strong>potius</strong></span> <span class='ocrx_word' id='word_1_163' title='bbox 388 2108 398 2127; x_wconf 90' lang='lat'>,</span> <span class='ocrx_word' id='word_1_164' title='bbox 409 2082 520 2118; x_wconf 85' lang='lat' dir='ltr'><strong>halitu</strong></span> <span class='ocrx_word' id='word_1_165' title='bbox 530 2095 615 2118; x_wconf 87' lang='lat' dir='ltr'><strong>vero</strong></span> <span class='ocrx_word' id='word_1_166' title='bbox 622 2096 726 2118; x_wconf 84' lang='lat' dir='ltr'><strong>auras</strong></span> <span class='ocrx_word' id='word_1_167' title='bbox 734 2082 842 2118; x_wconf 90' lang='lat' dir='ltr'><strong>infici.</strong></span> 
     </span>
     <span class='ocr_line' id='line_1_30' title="bbox 159 2133 842 2184; baseline 0.004 -14"><span class='ocrx_word' id='word_1_168' title='bbox 159 2151 204 2160; x_wconf 90' lang='lat'><em>—</em></span> <span class='ocrx_word' id='word_1_169' title='bbox 235 2133 384 2172; x_wconf 79' lang='lat' dir='ltr'><strong>Codices</strong></span> <span class='ocrx_word' id='word_1_170' title='bbox 414 2136 517 2183; x_wconf 79' lang='lat' dir='ltr'><strong>Regii</strong></span> <span class='ocrx_word' id='word_1_171' title='bbox 542 2136 675 2173; x_wconf 86' lang='lat' dir='ltr'><strong>habent</strong></span> <span class='ocrx_word' id='word_1_172' title='bbox 701 2150 842 2184; x_wconf 86' lang='lat' dir='ltr'><strong>quoque</strong></span> 
     </span>
     <span class='ocr_line' id='line_1_31' title="bbox 159 2188 291 2222; baseline 0 0"><span class='ocrx_word' id='word_1_173' title='bbox 159 2188 291 2222; x_wconf 67' lang='lat' dir='ltr'><strong>herbas.</strong></span> 
     </span>
    </p>

    <p class='ocr_par' dir='ltr' id='par_1_12' title="bbox 157 2241 844 2812">
     <span class='ocr_line' id='line_1_32' title="bbox 206 2241 840 2292; baseline 0.006 -18"><span class='ocrx_word' id='word_1_174' title='bbox 206 2241 258 2285; x_wconf 85' lang='lat'><strong>78.</strong></span> <span class='ocrx_word' id='word_1_175' title='bbox 273 2241 392 2282; x_wconf 82' lang='lat' dir='ltr'><strong>Trabe,</strong></span> <span class='ocrx_word' id='word_1_176' title='bbox 402 2242 679 2292; x_wconf 62' lang='lat' dir='ltr'><strong>arbore—Exit,</strong></span> <span class='ocrx_word' id='word_1_177' title='bbox 692 2241 840 2287; x_wconf 82' lang='lat' dir='ltr'><strong>eminet,</strong></span> 
     </span>
     <span class='ocr_line' id='line_1_33' title="bbox 158 2292 842 2341; baseline 0.003 -13"><span class='ocrx_word' id='word_1_178' title='bbox 158 2292 282 2328; x_wconf 83' lang='lat' dir='ltr'><strong>confer</strong></span> <span class='ocrx_word' id='word_1_179' title='bbox 293 2293 455 2338; x_wconf 82' lang='lat' dir='ltr'><strong>senecae,</strong></span> <span class='ocrx_word' id='word_1_180' title='bbox 476 2294 596 2341; x_wconf 88' lang='lat' dir='ltr'><strong>OEdip.</strong></span> <span class='ocrx_word' id='word_1_181' title='bbox 612 2307 751 2331; x_wconf 80' lang='lat' dir='ltr'><strong>versum</strong></span> <span class='ocrx_word' id='word_1_182' title='bbox 768 2295 842 2341; x_wconf 80' lang='lat'><strong>726.</strong></span> 
     </span>
     <span class='ocr_line' id='line_1_34' title="bbox 157 2343 843 2393; baseline 0.004 -14"><span class='ocrx_word' id='word_1_183' title='bbox 157 2343 323 2380; x_wconf 81' lang='lat' dir='ltr'><strong>-Nostri</strong></span> <span class='ocrx_word' id='word_1_184' title='bbox 334 2344 376 2380; x_wconf 92' lang='lat' dir='ltr'><strong>C.</strong></span> <span class='ocrx_word' id='word_1_185' title='bbox 380 2345 430 2381; x_wconf 84' lang='lat' dir='ltr'><strong>R.</strong></span> <span class='ocrx_word' id='word_1_186' title='bbox 446 2346 533 2382; x_wconf 91' lang='lat' dir='ltr'><strong>dant</strong></span> <span class='ocrx_word' id='word_1_187' title='bbox 543 2351 659 2392; x_wconf 81' lang='lat' dir='ltr'><strong>astat;</strong></span> <span class='ocrx_word' id='word_1_188' title='bbox 678 2354 843 2393; x_wconf 73' lang='lat' dir='ltr'><strong>praestans</strong></span> 
     </span>
     <span class='ocr_line' id='line_1_35' title="bbox 157 2394 843 2445; baseline 0.006 -15"><span class='ocrx_word' id='word_1_189' title='bbox 157 2394 262 2431; x_wconf 87' lang='lat' dir='ltr'><strong>lectio</strong></span> <span class='ocrx_word' id='word_1_190' title='bbox 272 2409 349 2442; x_wconf 76' lang='lat' dir='ltr'><strong>quae</strong></span> <span class='ocrx_word' id='word_1_191' title='bbox 359 2397 472 2445; x_wconf 80' lang='lat' dir='ltr'><strong>pingit</strong></span> <span class='ocrx_word' id='word_1_192' title='bbox 480 2398 626 2434; x_wconf 80' lang='lat' dir='ltr'><strong>vividius</strong></span> <span class='ocrx_word' id='word_1_193' title='bbox 641 2406 843 2445; x_wconf 80' lang='lat' dir='ltr'><strong>serpentem</strong></span> 
     </span>
     <span class='ocr_line' id='line_1_36' title="bbox 158 2448 844 2498; baseline 0.007 -15"><span class='ocrx_word' id='word_1_194' title='bbox 158 2448 412 2485; x_wconf 71' lang='lat' dir='ltr'><strong>semianimum</strong></span> <span class='ocrx_word' id='word_1_195' title='bbox 442 2450 628 2488; x_wconf 80' lang='lat' dir='ltr'><strong>minaciter</strong></span> <span class='ocrx_word' id='word_1_196' title='bbox 658 2464 844 2498; x_wconf 79' lang='lat' dir='ltr'><strong>assurgen-</strong></span> 
     </span>
     <span class='ocr_line' id='line_1_37' title="bbox 158 2503 843 2549; baseline 0.004 -13"><span class='ocrx_word' id='word_1_197' title='bbox 158 2506 245 2536; x_wconf 73' lang='lat' dir='ltr'><strong>tem.</strong></span> <span class='ocrx_word' id='word_1_198' title='bbox 257 2503 380 2536; x_wconf 82' lang='lat' dir='ltr'><strong>Ed.-</strong></span> <span class='ocrx_word' id='word_1_199' title='bbox 392 2504 496 2539; x_wconf 71' lang='lat' dir='ltr'><strong>Modo</strong></span> <span class='ocrx_word' id='word_1_200' title='bbox 510 2507 656 2549; x_wconf 60' lang='lat' dir='ltr'><strong>cinffilur</strong></span> <span class='ocrx_word' id='word_1_201' title='bbox 667 2507 790 2549; x_wconf 52' lang='lat' dir='ltr'><strong>spiam</strong></span> <span class='ocrx_word' id='word_1_202' title='bbox 806 2503 843 2539; x_wconf 89' lang='lat' dir='ltr'><strong>id</strong></span> 
     </span>
     <span class='ocr_line' id='line_1_38' title="bbox 158 2554 843 2602; baseline 0.001 -12"><span class='ocrx_word' id='word_1_203' title='bbox 158 2554 259 2600; x_wconf 82' lang='lat' dir='ltr'><strong>est,&#39;</strong></span> <span class='ocrx_word' id='word_1_204' title='bbox 250 2567 288 2591; x_wconf 85' lang='lat' dir='ltr'><strong>m</strong></span> <span class='ocrx_word' id='word_1_205' title='bbox 299 2560 429 2591; x_wconf 86' lang='lat' dir='ltr'><strong>terram</strong></span> <span class='ocrx_word' id='word_1_206' title='bbox 440 2568 572 2602; x_wconf 82' lang='lat' dir='ltr'><strong>pronus</strong></span> <span class='ocrx_word' id='word_1_207' title='bbox 585 2582 595 2599; x_wconf 89' lang='lat'>,</span> <span class='ocrx_word' id='word_1_208' title='bbox 612 2555 720 2591; x_wconf 86' lang='lat' dir='ltr'><strong>modo</strong></span> <span class='ocrx_word' id='word_1_209' title='bbox 737 2569 843 2592; x_wconf 89' lang='lat' dir='ltr'><strong>erec-</strong></span> 
     </span>
     <span class='ocr_line' id='line_1_39' title="bbox 165 2608 843 2655; baseline -0.001 -11"><span class='ocrx_word' id='word_1_210' title='bbox 165 2614 223 2644; x_wconf 81' lang='lat' dir='ltr'><strong>tus</strong></span> <span class='ocrx_word' id='word_1_211' title='bbox 235 2609 347 2655; x_wconf 76' lang='lat' dir='ltr'><strong>surgit</strong></span> <span class='ocrx_word' id='word_1_212' title='bbox 357 2634 367 2652; x_wconf 87' lang='lat'>,</span> <span class='ocrx_word' id='word_1_213' title='bbox 383 2613 488 2644; x_wconf 79' lang='lat' dir='ltr'><strong>astat.</strong></span> <span class='ocrx_word' id='word_1_214' title='bbox 505 2608 571 2644; x_wconf 83' lang='lat' dir='ltr'><strong>Ed.</strong></span> <span class='ocrx_word' id='word_1_215' title='bbox 587 2626 632 2636; x_wconf 88' lang='lat'><em>-</em></span> <span class='ocrx_word' id='word_1_216' title='bbox 643 2611 767 2654; x_wconf 78' lang='lat' dir='ltr'><strong>Impete</strong></span> <span class='ocrx_word' id='word_1_217' title='bbox 785 2621 843 2644; x_wconf 86' lang='lat' dir='ltr'><strong>an·</strong></span> 
     </span>
     <span class='ocr_line' id='line_1_40' title="bbox 163 2660 842 2708; baseline 0 -12"><span class='ocrx_word' id='word_1_218' title='bbox 163 2660 263 2706; x_wconf 78' lang='lat' dir='ltr'><strong>tique</strong></span> <span class='ocrx_word' id='word_1_219' title='bbox 279 2673 344 2707; x_wconf 81' lang='lat' dir='ltr'><strong>pro</strong></span> <span class='ocrx_word' id='word_1_220' title='bbox 353 2686 366 2704; x_wconf 81' lang='lat'><strong><em>‚</em></strong></span> <span class='ocrx_word' id='word_1_221' title='bbox 378 2663 509 2707; x_wconf 82' lang='lat' dir='ltr'><strong>impetu.</strong></span> <span class='ocrx_word' id='word_1_222' title='bbox 524 2661 627 2696; x_wconf 78' lang='lat' dir='ltr'><strong>sicet</strong></span> <span class='ocrx_word' id='word_1_223' title='bbox 638 2661 751 2705; x_wconf 86' lang='lat' dir='ltr'>VIII,</span> <span class='ocrx_word' id='word_1_224' title='bbox 767 2662 842 2708; x_wconf 79' lang='lat'><strong>359.</strong></span> 
     </span>
     <span class='ocr_line' id='line_1_41' title="bbox 159 2713 843 2760; baseline -0.001 -11"><span class='ocrx_word' id='word_1_225' title='bbox 159 2715 375 2755; x_wconf 79' lang='lat' dir='ltr'><strong>—Coucitus‚</strong></span> <span class='ocrx_word' id='word_1_226' title='bbox 385 2714 540 2760; x_wconf 85' lang='lat' dir='ltr'><strong>rapidior</strong></span> <span class='ocrx_word' id='word_1_227' title='bbox 548 2715 667 2749; x_wconf 86' lang='lat' dir='ltr'><strong>sactus.</strong></span> <span class='ocrx_word' id='word_1_228' title='bbox 675 2713 843 2748; x_wconf 90' lang='lat' dir='ltr'><strong>Solemne</strong></span> 
     </span>
     <span class='ocr_line' id='line_1_42' title="bbox 161 2765 843 2812; baseline -0.003 -9"><span class='ocrx_word' id='word_1_229' title='bbox 161 2765 273 2812; x_wconf 74' lang='lat' dir='ltr'><strong>poetis</strong></span> <span class='ocrx_word' id='word_1_230' title='bbox 283 2791 294 2811; x_wconf 91' lang='lat'>,</span> <span class='ocrx_word' id='word_1_231' title='bbox 317 2772 495 2812; x_wconf 80' lang='lat' dir='ltr'><strong>praeeunte</strong></span> <span class='ocrx_word' id='word_1_232' title='bbox 522 2766 683 2803; x_wconf 87' lang='lat' dir='ltr'><strong>Homero</strong></span> <span class='ocrx_word' id='word_1_233' title='bbox 696 2792 706 2812; x_wconf 85' lang='lat'>‚</span> <span class='ocrx_word' id='word_1_234' title='bbox 732 2765 773 2802; x_wconf 90' lang='lat' dir='ltr'><strong>Il.</strong></span> <span class='ocrx_word' id='word_1_235' title='bbox 797 2772 822 2801; x_wconf 92' lang='grc' dir='ltr'>Δ</span> <span class='ocrx_word' id='word_1_236' title='bbox 833 2790 843 2809; x_wconf 82' lang='grc'><em>,</em></span> 
     </span>
    </p>
   </div>
   <div class='ocr_carea' id='block_1_7' title="bbox 902 1343 1599 2809">
    <p class='ocr_par' dir='ltr' id='par_1_13' title="bbox 902 1343 1599 2809">
     <span class='ocr_line' id='line_1_43' title="bbox 906 1343 1588 1397; baseline -0.013 -10"><span class='ocrx_word' id='word_1_237' title='bbox 906 1350 970 1395; x_wconf 76' lang='lat'><strong>45⁴³</strong></span> <span class='ocrx_word' id='word_1_238' title='bbox 987 1362 1060 1397; x_wconf 81' lang='lat' dir='ltr'><strong>sqq.</strong></span> <span class='ocrx_word' id='word_1_239' title='bbox 1076 1356 1112 1385; x_wconf 89' lang='lat' dir='ltr'><strong>et</strong></span> <span class='ocrx_word' id='word_1_240' title='bbox 1123 1357 1165 1389; x_wconf 84' lang='lat' dir='ltr'><strong>E,</strong></span> <span class='ocrx_word' id='word_1_241' title='bbox 1182 1349 1222 1395; x_wconf 88' lang='lat'><strong>87</strong></span> <span class='ocrx_word' id='word_1_242' title='bbox 1239 1361 1314 1393; x_wconf 85' lang='lat' dir='ltr'><strong>sqq.</strong></span> <span class='ocrx_word' id='word_1_243' title='bbox 1325 1353 1360 1382; x_wconf 89' lang='lat' dir='ltr'><strong>et</strong></span> <span class='ocrx_word' id='word_1_244' title='bbox 1371 1345 1473 1389; x_wconf 86' lang='lat' dir='ltr'><strong>alibi,</strong></span> <span class='ocrx_word' id='word_1_245' title='bbox 1486 1343 1588 1379; x_wconf 85' lang='lat' dir='ltr'><strong>mili-</strong></span> 
     </span>
     <span class='ocr_line' id='line_1_44' title="bbox 906 1399 1588 1449; baseline -0.01 -10"><span class='ocrx_word' id='word_1_246' title='bbox 906 1411 1005 1449; x_wconf 85' lang='lat' dir='ltr'><strong>tum,</strong></span> <span class='ocrx_word' id='word_1_247' title='bbox 1030 1404 1113 1439; x_wconf 91' lang='lat' dir='ltr'><strong>hinc</strong></span> <span class='ocrx_word' id='word_1_248' title='bbox 1129 1410 1166 1438; x_wconf 88' lang='lat' dir='ltr'><strong>et</strong></span> <span class='ocrx_word' id='word_1_249' title='bbox 1182 1414 1353 1438; x_wconf 79' lang='lat' dir='ltr'><strong>saevarum</strong></span> <span class='ocrx_word' id='word_1_250' title='bbox 1374 1399 1564 1435; x_wconf 86' lang='lat' dir='ltr'><strong>bestiarum</strong></span> <span class='ocrx_word' id='word_1_251' title='bbox 1578 1423 1588 1442; x_wconf 90' lang='lat'>,</span> 
     </span>
     <span class='ocr_line' id='line_1_45' title="bbox 904 1457 1589 1503; baseline -0.01 -11"><span class='ocrx_word' id='word_1_252' title='bbox 904 1457 1079 1503; x_wconf 82' lang='lat' dir='ltr'><strong>impetum</strong></span> <span class='ocrx_word' id='word_1_253' title='bbox 1085 1468 1167 1491; x_wconf 89' lang='lat' dir='ltr'><strong>cum</strong></span> <span class='ocrx_word' id='word_1_254' title='bbox 1173 1467 1272 1490; x_wconf 84' lang='lat' dir='ltr'><strong>amne</strong></span> <span class='ocrx_word' id='word_1_255' title='bbox 1277 1457 1408 1489; x_wconf 85' lang='lat' dir='ltr'><strong>concilo</strong></span> <span class='ocrx_word' id='word_1_256' title='bbox 1416 1459 1476 1487; x_wconf 89' lang='lat' dir='ltr'><strong>aut</strong></span> <span class='ocrx_word' id='word_1_257' title='bbox 1483 1462 1589 1486; x_wconf 81' lang='lat' dir='ltr'><strong>exun-</strong></span> 
     </span>
     <span class='ocr_line' id='line_1_46' title="bbox 905 1502 1589 1554; baseline -0.013 -9"><span class='ocrx_word' id='word_1_258' title='bbox 905 1510 1011 1545; x_wconf 84' lang='lat' dir='ltr'><strong>dante</strong></span> <span class='ocrx_word' id='word_1_259' title='bbox 1050 1520 1266 1554; x_wconf 83' lang='lat' dir='ltr'><strong>eomparare.</strong></span> <span class='ocrx_word' id='word_1_260' title='bbox 1298 1505 1433 1541; x_wconf 79' lang='lat' dir='ltr'><strong>Confer</strong></span> <span class='ocrx_word' id='word_1_261' title='bbox 1464 1502 1589 1550; x_wconf 82' lang='lat' dir='ltr'><strong>Virgil.</strong></span> 
     </span>
     <span class='ocr_line' id='line_1_47' title="bbox 905 1557 1589 1608; baseline -0.01 -12"><span class='ocrx_word' id='word_1_262' title='bbox 905 1560 1048 1597; x_wconf 85' lang='lat' dir='ltr'><strong>AEneid.</strong></span> <span class='ocrx_word' id='word_1_263' title='bbox 1067 1561 1103 1596; x_wconf 94' lang='lat'><strong>11</strong></span> <span class='ocrx_word' id='word_1_264' title='bbox 1117 1587 1127 1605; x_wconf 91' lang='lat'>,</span> <span class='ocrx_word' id='word_1_265' title='bbox 1146 1560 1232 1608; x_wconf 75' lang='lat'><strong>496;</strong></span> <span class='ocrx_word' id='word_1_266' title='bbox 1257 1559 1318 1603; x_wconf 89' lang='lat' dir='ltr'><strong>X,</strong></span> <span class='ocrx_word' id='word_1_267' title='bbox 1334 1557 1412 1593; x_wconf 78' lang='lat'><strong>603.</strong></span> <span class='ocrx_word' id='word_1_268' title='bbox 1436 1576 1481 1584; x_wconf 90' lang='lat'><strong>—-</strong></span> <span class='ocrx_word' id='word_1_269' title='bbox 1509 1557 1589 1590; x_wconf 93' lang='lat' dir='ltr'><strong>Ob-</strong></span> 
     </span>
     <span class='ocr_line' id='line_1_48' title="bbox 905 1609 1589 1657; baseline -0.012 -8"><span class='ocrx_word' id='word_1_270' title='bbox 905 1617 1034 1649; x_wconf 78' lang='lat' dir='ltr'><strong>stantes</strong></span> <span class='ocrx_word' id='word_1_271' title='bbox 1044 1620 1110 1649; x_wconf 83' lang='lat' dir='ltr'><strong>etc.</strong></span> <span class='ocrx_word' id='word_1_272' title='bbox 1125 1611 1297 1648; x_wconf 86' lang='lat' dir='ltr'><strong>Similiter</strong></span> <span class='ocrx_word' id='word_1_273' title='bbox 1309 1609 1401 1657; x_wconf 87' lang='lat' dir='ltr'><strong>apud</strong></span> <span class='ocrx_word' id='word_1_274' title='bbox 1416 1609 1490 1644; x_wconf 85' lang='lat' dir='ltr'><strong>Liv.</strong></span> <span class='ocrx_word' id='word_1_275' title='bbox 1504 1618 1570 1643; x_wconf 74' lang='lat' dir='ltr'><strong>XXI</strong></span> <span class='ocrx_word' id='word_1_276' title='bbox 1579 1633 1589 1650; x_wconf 91' lang='lat'>‚</span> 
     </span>
     <span class='ocr_line' id='line_1_49' title="bbox 907 1659 1589 1711; baseline -0.012 -10"><span class='ocrx_word' id='word_1_277' title='bbox 907 1679 947 1700; x_wconf 80' lang='lat'><strong>22</strong></span> <span class='ocrx_word' id='word_1_278' title='bbox 962 1691 972 1709; x_wconf 95' lang='lat'>,</span> <span class='ocrx_word' id='word_1_279' title='bbox 1005 1677 1149 1711; x_wconf 83' lang='lat' dir='ltr'><strong>serpens</strong></span> <span class='ocrx_word' id='word_1_280' title='bbox 1176 1664 1214 1698; x_wconf 91' lang='lat' dir='ltr'><strong>in</strong></span> <span class='ocrx_word' id='word_1_281' title='bbox 1248 1663 1364 1709; x_wconf 91' lang='lat' dir='ltr'><strong>quiete</strong></span> <span class='ocrx_word' id='word_1_282' title='bbox 1395 1659 1589 1696; x_wconf 87' lang='lat' dir='ltr'><strong>Hannibali</strong></span> 
     </span>
     <span class='ocr_line' id='line_1_50' title="bbox 906 1716 1591 1764; baseline -0.012 -9"><span class='ocrx_word' id='word_1_283' title='bbox 906 1719 1041 1755; x_wconf 84' lang='lat' dir='ltr'><strong>oblatus</strong></span> <span class='ocrx_word' id='word_1_284' title='bbox 1055 1733 1130 1754; x_wconf 86' lang='lat' dir='ltr'><strong>cum</strong></span> <span class='ocrx_word' id='word_1_285' title='bbox 1148 1722 1280 1764; x_wconf 68' lang='lat' dir='ltr'><strong>ingenti</strong></span> <span class='ocrx_word' id='word_1_286' title='bbox 1291 1719 1443 1752; x_wconf 85' lang='lat' dir='ltr'><strong>arborum</strong></span> <span class='ocrx_word' id='word_1_287' title='bbox 1466 1719 1501 1749; x_wconf 78' lang='lat' dir='ltr'><strong>el</strong></span> <span class='ocrx_word' id='word_1_288' title='bbox 1514 1716 1591 1748; x_wconf 81' lang='lat' dir='ltr'><strong>vir-</strong></span> 
     </span>
     <span class='ocr_line' id='line_1_51' title="bbox 903 1769 1594 1818; baseline -0.012 -10"><span class='ocrx_word' id='word_1_289' title='bbox 903 1775 1069 1818; x_wconf 70' lang='lat' dir='ltr'><strong>gallorum</strong></span> <span class='ocrx_word' id='word_1_290' title='bbox 1081 1777 1195 1817; x_wconf 73' lang='lat' dir='ltr'><strong>slrage</strong></span> <span class='ocrx_word' id='word_1_291' title='bbox 1200 1772 1386 1817; x_wconf 77' lang='lat' dir='ltr'><strong>serebatur.</strong></span> <span class='ocrx_word' id='word_1_292' title='bbox 1400 1788 1445 1795; x_wconf 91' lang='lat'>—</span> <span class='ocrx_word' id='word_1_293' title='bbox 1460 1769 1594 1803; x_wconf 74' lang='lat' dir='ltr'><strong>Prolat-</strong></span> 
     </span>
     <span class='ocr_line' id='line_1_52' title="bbox 906 1820 1558 1870; baseline -0.009 -11"><span class='ocrx_word' id='word_1_294' title='bbox 906 1827 1003 1867; x_wconf 83' lang='lat' dir='ltr'><strong>bare,</strong></span> <span class='ocrx_word' id='word_1_295' title='bbox 1024 1831 1259 1870; x_wconf 84' lang='lat' dir='ltr'><strong>prosternere.</strong></span> <span class='ocrx_word' id='word_1_296' title='bbox 1277 1822 1333 1858; x_wconf 90' lang='lat' dir='ltr'><strong>Cs.</strong></span> <span class='ocrx_word' id='word_1_297' title='bbox 1350 1821 1465 1863; x_wconf 89' lang='lat' dir='ltr'>VIII,</span> <span class='ocrx_word' id='word_1_298' title='bbox 1484 1820 1558 1862; x_wconf 73' lang='lat'><strong>340.</strong></span> 
     </span>
     <span class='ocr_line' id='line_1_53' title="bbox 950 1873 1590 1920; baseline -0.011 -9"><span class='ocrx_word' id='word_1_299' title='bbox 950 1878 1004 1911; x_wconf 82' lang='lat'><strong>81.</strong></span> <span class='ocrx_word' id='word_1_300' title='bbox 1030 1877 1166 1920; x_wconf 78' lang='lat' dir='ltr'><strong>Spolia,</strong></span> <span class='ocrx_word' id='word_1_301' title='bbox 1199 1875 1287 1920; x_wconf 88' lang='lat' dir='ltr'><strong>pelle</strong></span> <span class='ocrx_word' id='word_1_302' title='bbox 1313 1873 1480 1919; x_wconf 58' lang='lat' dir='ltr'><strong>dereptam</strong></span> <span class='ocrx_word' id='word_1_303' title='bbox 1506 1882 1590 1905; x_wconf 90' lang='lat' dir='ltr'><strong>nam</strong></span> 
     </span>
     <span class='ocr_line' id='line_1_54' title="bbox 906 1922 1591 1972; baseline -0.01 -10"><span class='ocrx_word' id='word_1_304' title='bbox 906 1930 1051 1972; x_wconf 80' lang='lat' dir='ltr'><strong>spoliare</strong></span> <span class='ocrx_word' id='word_1_305' title='bbox 1062 1928 1211 1962; x_wconf 89' lang='lat' dir='ltr'><strong>omnino</strong></span> <span class='ocrx_word' id='word_1_306' title='bbox 1222 1925 1418 1961; x_wconf 85' lang='lat' dir='ltr'><strong>detrahere.</strong></span> <span class='ocrx_word' id='word_1_307' title='bbox 1430 1922 1591 1959; x_wconf 78' lang='lat' dir='ltr'><strong>obscure</strong></span> 
     </span>
     <span class='ocr_line' id='line_1_55' title="bbox 907 1974 1595 2023; baseline -0.009 -9"><span class='ocrx_word' id='word_1_308' title='bbox 907 1979 1010 2015; x_wconf 90' lang='lat' dir='ltr'><strong>Rode</strong></span> <span class='ocrx_word' id='word_1_309' title='bbox 1020 2006 1030 2023; x_wconf 90' lang='lat'>‚</span> <span class='ocrx_word' id='word_1_310' title='bbox 1041 1984 1105 2015; x_wconf 83' lang='lat' dir='ltr'><strong>mil</strong></span> <span class='ocrx_word' id='word_1_311' title='bbox 1111 1981 1170 2014; x_wconf 83' lang='lat' dir='ltr'><strong>der</strong></span> <span class='ocrx_word' id='word_1_312' title='bbox 1175 1979 1283 2013; x_wconf 76' lang='lat' dir='ltr'><strong>Beate</strong></span> <span class='ocrx_word' id='word_1_313' title='bbox 1292 1979 1352 2012; x_wconf 87' lang='lat' dir='ltr'><strong>des</strong></span> <span class='ocrx_word' id='word_1_314' title='bbox 1366 1978 1495 2012; x_wconf 69' lang='lat' dir='ltr'><strong>lowen.</strong></span> <span class='ocrx_word' id='word_1_315' title='bbox 1505 1974 1595 2020; x_wconf 88' lang='lat' dir='ltr'><strong>Spo-</strong></span> 
     </span>
     <span class='ocr_line' id='line_1_56' title="bbox 902 2026 1591 2067; baseline -0.007 -1"><span class='ocrx_word' id='word_1_316' title='bbox 902 2031 994 2066; x_wconf 63' lang='lat' dir='ltr'><strong>‘lium</strong></span> <span class='ocrx_word' id='word_1_317' title='bbox 1018 2031 1102 2067; x_wconf 82' lang='lat' dir='ltr'><strong>illud</strong></span> <span class='ocrx_word' id='word_1_318' title='bbox 1129 2031 1216 2066; x_wconf 88' lang='lat' dir='ltr'><strong>scuti</strong></span> <span class='ocrx_word' id='word_1_319' title='bbox 1242 2031 1315 2065; x_wconf 87' lang='lat' dir='ltr'><strong>vim</strong></span> <span class='ocrx_word' id='word_1_320' title='bbox 1342 2028 1502 2064; x_wconf 89' lang='lat' dir='ltr'><strong>habebat.</strong></span> <span class='ocrx_word' id='word_1_321' title='bbox 1532 2026 1591 2062; x_wconf 84' lang='lat' dir='ltr'><strong>Sic</strong></span> 
     </span>
     <span class='ocr_line' id='line_1_57' title="bbox 908 2081 1590 2130; baseline -0.009 -11"><span class='ocrx_word' id='word_1_322' title='bbox 908 2097 1047 2130; x_wconf 87' lang='lat' dir='ltr'><strong>quoque</strong></span> <span class='ocrx_word' id='word_1_323' title='bbox 1072 2083 1253 2118; x_wconf 86' lang='lat' dir='ltr'><strong>Cadmum</strong></span> <span class='ocrx_word' id='word_1_324' title='bbox 1283 2093 1454 2128; x_wconf 86' lang='lat' dir='ltr'><strong>magnum</strong></span> <span class='ocrx_word' id='word_1_325' title='bbox 1475 2081 1590 2114; x_wconf 88' lang='lat' dir='ltr'><strong>sacere</strong></span> 
     </span>
     <span class='ocr_line' id='line_1_58' title="bbox 907 2131 1593 2180; baseline -0.009 -9"><span class='ocrx_word' id='word_1_326' title='bbox 907 2136 1016 2172; x_wconf 83' lang='lat' dir='ltr'><strong>voluit</strong></span> <span class='ocrx_word' id='word_1_327' title='bbox 1028 2151 1036 2178; x_wconf 91' lang='lat'>;</span> <span class='ocrx_word' id='word_1_328' title='bbox 1049 2149 1174 2171; x_wconf 87' lang='lat' dir='ltr'><strong>vereor</strong></span> <span class='ocrx_word' id='word_1_329' title='bbox 1189 2143 1322 2178; x_wconf 88' lang='lat' dir='ltr'><strong>tamen,</strong></span> <span class='ocrx_word' id='word_1_330' title='bbox 1335 2147 1380 2169; x_wconf 91' lang='lat' dir='ltr'><strong>ne</strong></span> <span class='ocrx_word' id='word_1_331' title='bbox 1391 2131 1593 2180; x_wconf 86' lang='lat' dir='ltr'><strong>prodigiali-</strong></span> 
     </span>
     <span class='ocr_line' id='line_1_59' title="bbox 908 2182 1592 2233; baseline -0.012 -9"><span class='ocrx_word' id='word_1_332' title='bbox 908 2188 1086 2224; x_wconf 82' lang='lat' dir='ltr'><strong>ter.--Vir</strong></span> <span class='ocrx_word' id='word_1_333' title='bbox 1094 2187 1216 2223; x_wconf 88' lang='lat' dir='ltr'><strong>doctus</strong></span> <span class='ocrx_word' id='word_1_334' title='bbox 1223 2188 1259 2221; x_wconf 91' lang='lat' dir='ltr'><strong>in</strong></span> <span class='ocrx_word' id='word_1_335' title='bbox 1268 2186 1419 2233; x_wconf 86' lang='lat' dir='ltr'><strong>Ephem.</strong></span> <span class='ocrx_word' id='word_1_336' title='bbox 1430 2182 1592 2220; x_wconf 89' lang='lat' dir='ltr'><strong>Norimb.</strong></span> 
     </span>
     <span class='ocr_line' id='line_1_60' title="bbox 907 2235 1591 2284; baseline -0.012 -7"><span class='ocrx_word' id='word_1_337' title='bbox 907 2254 990 2277; x_wconf 83' lang='lat' dir='ltr'><strong>mox</strong></span> <span class='ocrx_word' id='word_1_338' title='bbox 1020 2241 1172 2276; x_wconf 86' lang='lat' dir='ltr'><strong>malebat</strong></span> <span class='ocrx_word' id='word_1_339' title='bbox 1191 2266 1201 2284; x_wconf 88' lang='lat'>,</span> <span class='ocrx_word' id='word_1_340' title='bbox 1237 2242 1477 2284; x_wconf 81' lang='lat' dir='ltr'><strong>inbianliaque.</strong></span> <span class='ocrx_word' id='word_1_341' title='bbox 1506 2235 1591 2270; x_wconf 89' lang='lat' dir='ltr'><strong>Sine</strong></span> 
     </span>
     <span class='ocr_line' id='line_1_61' title="bbox 907 2286 1590 2330; baseline -0.012 -1"><span class='ocrx_word' id='word_1_342' title='bbox 907 2307 1019 2330; x_wconf 86' lang='lat' dir='ltr'><strong>causa.</strong></span> <span class='ocrx_word' id='word_1_343' title='bbox 1030 2296 1162 2330; x_wconf 76' lang='lat' dir='ltr'><strong>Instare</strong></span> <span class='ocrx_word' id='word_1_344' title='bbox 1169 2293 1316 2328; x_wconf 83' lang='lat' dir='ltr'><strong>verbum</strong></span> <span class='ocrx_word' id='word_1_345' title='bbox 1328 2291 1487 2326; x_wconf 85' lang='lat' dir='ltr'><strong>militare.</strong></span> <span class='ocrx_word' id='word_1_346' title='bbox 1501 2286 1590 2323; x_wconf 89' lang='lat' dir='ltr'><strong>Cad-</strong></span> 
     </span>
     <span class='ocr_line' id='line_1_62' title="bbox 907 2339 1589 2391; baseline -0.013 -9"><span class='ocrx_word' id='word_1_347' title='bbox 907 2360 987 2382; x_wconf 85' lang='lat' dir='ltr'><strong>mus</strong></span> <span class='ocrx_word' id='word_1_348' title='bbox 1011 2346 1125 2390; x_wconf 86' lang='lat' dir='ltr'><strong>cedit,</strong></span> <span class='ocrx_word' id='word_1_349' title='bbox 1148 2358 1291 2391; x_wconf 83' lang='lat' dir='ltr'><strong>serpens</strong></span> <span class='ocrx_word' id='word_1_350' title='bbox 1312 2347 1421 2379; x_wconf 61' lang='lat' dir='ltr'><strong>insta</strong></span> <span class='ocrx_word' id='word_1_351' title='bbox 1440 2339 1589 2376; x_wconf 86' lang='lat' dir='ltr'><strong>cedenti.</strong></span> 
     </span>
     <span class='ocr_line' id='line_1_63' title="bbox 908 2393 1591 2438; baseline -0.016 -2"><span class='ocrx_word' id='word_1_352' title='bbox 908 2418 951 2428; x_wconf 91' lang='lat'><strong>·-</strong></span> <span class='ocrx_word' id='word_1_353' title='bbox 967 2401 1193 2438; x_wconf 69' lang='lat' dir='ltr'><strong>pretendere,</strong></span> <span class='ocrx_word' id='word_1_354' title='bbox 1213 2398 1362 2432; x_wconf 80' lang='lat' dir='ltr'><strong>verbum</strong></span> <span class='ocrx_word' id='word_1_355' title='bbox 1393 2395 1428 2428; x_wconf 92' lang='lat' dir='ltr'><strong>in</strong></span> <span class='ocrx_word' id='word_1_356' title='bbox 1458 2393 1521 2427; x_wconf 80' lang='lat' dir='ltr'><strong>hac</strong></span> <span class='ocrx_word' id='word_1_357' title='bbox 1551 2405 1591 2427; x_wconf 87' lang='lat' dir='ltr'><strong>re</strong></span> 
     </span>
     <span class='ocr_line' id='line_1_64' title="bbox 908 2446 1588 2498; baseline -0.013 -11"><span class='ocrx_word' id='word_1_358' title='bbox 908 2452 1116 2498; x_wconf 85' lang='lat' dir='ltr'><strong>proprium:</strong></span> <span class='ocrx_word' id='word_1_359' title='bbox 1133 2450 1201 2485; x_wconf 89' lang='lat' dir='ltr'><strong>vid.</strong></span> <span class='ocrx_word' id='word_1_360' title='bbox 1219 2450 1264 2485; x_wconf 90' lang='lat' dir='ltr'><strong>ad</strong></span> <span class='ocrx_word' id='word_1_361' title='bbox 1275 2450 1346 2491; x_wconf 84' lang='lat' dir='ltr'><strong>xl,</strong></span> <span class='ocrx_word' id='word_1_362' title='bbox 1364 2450 1438 2481; x_wconf 84' lang='lat'><strong>510.</strong></span> <span class='ocrx_word' id='word_1_363' title='bbox 1452 2464 1495 2472; x_wconf 96' lang='lat'>—</span> <span class='ocrx_word' id='word_1_364' title='bbox 1512 2446 1588 2479; x_wconf 89' lang='lat' dir='ltr'><strong>Ina-</strong></span> 
     </span>
     <span class='ocr_line' id='line_1_65' title="bbox 909 2495 1590 2541; baseline -0.012 -4"><span class='ocrx_word' id='word_1_365' title='bbox 909 2506 969 2537; x_wconf 87' lang='lat' dir='ltr'><strong>nia</strong></span> <span class='ocrx_word' id='word_1_366' title='bbox 987 2504 1144 2541; x_wconf 84' lang='lat' dir='ltr'><strong>vulnera,</strong></span> <span class='ocrx_word' id='word_1_367' title='bbox 1168 2512 1304 2536; x_wconf 84' lang='lat' dir='ltr'><strong>morsus</strong></span> <span class='ocrx_word' id='word_1_368' title='bbox 1321 2497 1458 2532; x_wconf 90' lang='lat' dir='ltr'><strong>nullum</strong></span> <span class='ocrx_word' id='word_1_369' title='bbox 1476 2495 1590 2532; x_wconf 87' lang='lat' dir='ltr'><strong>dentis</strong></span> 
     </span>
     <span class='ocr_line' id='line_1_66' title="bbox 908 2548 1590 2600; baseline -0.012 -10"><span class='ocrx_word' id='word_1_370' title='bbox 908 2554 1091 2600; x_wconf 81' lang='lat' dir='ltr'><strong>vestigium</strong></span> <span class='ocrx_word' id='word_1_371' title='bbox 1104 2554 1140 2589; x_wconf 87' lang='lat' dir='ltr'><strong>in</strong></span> <span class='ocrx_word' id='word_1_372' title='bbox 1153 2554 1247 2588; x_wconf 80' lang='lat' dir='ltr'><strong>semo</strong></span> <span class='ocrx_word' id='word_1_373' title='bbox 1259 2551 1508 2596; x_wconf 87' lang='lat' dir='ltr'><strong>relinquentes.</strong></span> <span class='ocrx_word' id='word_1_374' title='bbox 1510 2548 1590 2583; x_wconf 86' lang='lat' dir='ltr'><strong>Vir-</strong></span> 
     </span>
     <span class='ocr_line' id='line_1_67' title="bbox 910 2605 1589 2652; baseline -0.007 -11"><span class='ocrx_word' id='word_1_375' title='bbox 910 2606 965 2652; x_wconf 83' lang='lat' dir='ltr'><strong>gil.</strong></span> <span class='ocrx_word' id='word_1_376' title='bbox 983 2606 1065 2642; x_wconf 88' lang='lat' dir='ltr'><strong>AEn.</strong></span> <span class='ocrx_word' id='word_1_377' title='bbox 1090 2605 1185 2648; x_wconf 90' lang='lat' dir='ltr'>XII,</span> <span class='ocrx_word' id='word_1_378' title='bbox 1204 2605 1286 2645; x_wconf 79' lang='lat'>255,</span> <span class='ocrx_word' id='word_1_379' title='bbox 1304 2615 1433 2646; x_wconf 51' lang='lat' dir='ltr'><strong>marius</strong></span> <span class='ocrx_word' id='word_1_380' title='bbox 1450 2605 1589 2645; x_wconf 76' lang='lat' dir='ltr'><strong>inanis,</strong></span> 
     </span>
     <span class='ocr_line' id='line_1_68' title="bbox 909 2655 1590 2704; baseline -0.006 -11"><span class='ocrx_word' id='word_1_381' title='bbox 909 2665 944 2693; x_wconf 89' lang='lat' dir='ltr'><strong>et</strong></span> <span class='ocrx_word' id='word_1_382' title='bbox 961 2657 1055 2704; x_wconf 86' lang='lat' dir='ltr'><strong>apud</strong></span> <span class='ocrx_word' id='word_1_383' title='bbox 1067 2658 1237 2693; x_wconf 84' lang='lat' dir='ltr'><strong>Nostrum</strong></span> <span class='ocrx_word' id='word_1_384' title='bbox 1252 2655 1345 2700; x_wconf 88' lang='lat' dir='ltr'>VII,</span> <span class='ocrx_word' id='word_1_385' title='bbox 1364 2655 1446 2702; x_wconf 78' lang='lat'><strong>785,</strong></span> <span class='ocrx_word' id='word_1_386' title='bbox 1463 2666 1590 2690; x_wconf 79' lang='lat' dir='ltr'><strong>vacuus</strong></span> 
     </span>
     <span class='ocr_line' id='line_1_69' title="bbox 908 2707 1588 2750; baseline -0.006 -5"><span class='ocrx_word' id='word_1_387' title='bbox 908 2723 1046 2745; x_wconf 82' lang='lat' dir='ltr'><strong>morsus.</strong></span> <span class='ocrx_word' id='word_1_388' title='bbox 1061 2709 1118 2744; x_wconf 89' lang='lat' dir='ltr'><strong>De</strong></span> <span class='ocrx_word' id='word_1_389' title='bbox 1137 2721 1258 2745; x_wconf 84' lang='lat' dir='ltr'><strong>morsu</strong></span> <span class='ocrx_word' id='word_1_390' title='bbox 1273 2707 1398 2743; x_wconf 84' lang='lat' dir='ltr'><strong>vulnus</strong></span> <span class='ocrx_word' id='word_1_391' title='bbox 1417 2707 1564 2742; x_wconf 81' lang='lat' dir='ltr'><strong>faciente</strong></span> <span class='ocrx_word' id='word_1_392' title='bbox 1577 2732 1588 2750; x_wconf 84' lang='lat'>‚</span> 
     </span>
     <span class='ocr_line' id='line_1_70' title="bbox 908 2760 1599 2809; baseline -0.007 -9"><span class='ocrx_word' id='word_1_393' title='bbox 908 2767 1029 2801; x_wconf 81' lang='lat' dir='ltr'><strong>vulnus</strong></span> <span class='ocrx_word' id='word_1_394' title='bbox 1044 2763 1151 2799; x_wconf 88' lang='lat' dir='ltr'><strong>etiam</strong></span> <span class='ocrx_word' id='word_1_395' title='bbox 1167 2764 1201 2802; x_wconf 83' lang='lat' dir='ltr'><strong>V</strong></span> <span class='ocrx_word' id='word_1_396' title='bbox 1204 2762 1240 2798; x_wconf 94' lang='lat' dir='ltr'><strong>II</strong></span> <span class='ocrx_word' id='word_1_397' title='bbox 1252 2788 1262 2808; x_wconf 90' lang='lat'>,</span> <span class='ocrx_word' id='word_1_398' title='bbox 1285 2762 1346 2809; x_wconf 85' lang='lat'><strong>782</strong></span> <span class='ocrx_word' id='word_1_399' title='bbox 1362 2786 1372 2806; x_wconf 82' lang='lat'>,</span> <span class='ocrx_word' id='word_1_400' title='bbox 1390 2760 1527 2808; x_wconf 82' lang='lat' dir='ltr'><strong>legitur.</strong></span> <span class='ocrx_word' id='word_1_401' title='bbox 1546 2776 1599 2786; x_wconf 55' lang='grc'><strong>--&lt;</strong></span> 
     </span>
    </p>
   </div>
  </div>
 </body>
</html>
