1832 3100
357 226 1046 277 METAMORPHOSEON
1090 228 1226 272 ΜΒ.
1271 227 1311 271 1.
1480 225 1534 286 75

125 350 148 372 »
174 324 313 392 Quod
336 336 483 387 tamen
506 322 771 379 admissum,
798 339 896 387 quae
921 320 980 368 sit
1001 318 1217 376 vindicta,
1245 318 1426 367 docebo.
1474 343 1539 366 210

125 432 148 453 >³
173 407 432 471 Contigerat
453 417 630 454 nostras
652 403 831 453 infamia
853 402 1068 470 temporis
1092 419 1218 450 aures
1239 420 1249 448 :

125 514 149 535 n
177 491 325 555 Quam
348 489 531 556 cupiens
552 486 728 561 falsam,
754 505 927 535 summo
952 483 1138 533 delabor
1159 481 1354 550 Olympo
1370 520 1382 540 ‚

126 596 150 617 ³>
174 575 235 623 Et
258 574 381 622 Deus
404 571 598 620 humana
619 569 762 619 lustro
789 569 873 618 suh
902 568 1094 631 imagine
1119 578 1269 616 terras.

129 679 152 700 »
176 658 334 719 Longa
350 674 474 704 mora
496 665 584 711 est,
612 664 833 720 quantum
850 665 976 700 noxae
999 650 1058 699 sit
1078 649 1247 716 ubique
1269 658 1493 714 repertum
1507 684 1519 704 ‚

129 763 153 783 »
177 740 447 788 Enumerare
468 757 478 786 :
498 736 648 785 minor
669 736 756 784 fuit
776 736 874 803 ipsa
896 733 1076 783 infamia
1098 751 1214 781 vero.

1483 743 1548 777 215

130 841 153 861 »
178 815 367 869 Maenala
392 815 673 873 transieram,
698 814 881 863 latebris
903 812 1126 862 horrenda
1147 811 1363 869 ferarum,

131 919 154 939 »ι
181 897 242 944 Et
265 914 365 944 cum
391 892 572 961 Cyllene
594 892 729 956 gelidi
749 893 900 960 pineta
923 892 1078 959 Lycaei.

133 997 156 1017 »
179 973 381 1023 Arcados
397 972 503 1021 hinc
526 971 651 1021 sedes
675 983 720 1021 et
742 971 968 1038 inhospita
986 982 1099 1019 tecta
1124 968 1301 1037 tyranni

133 1075 156 1095 υ
177 1051 433 1115 Ingredior,
458 1050 682 1099 traherent
707 1069 845 1117 quum
869 1068 965 1098 sera
982 1045 1244 1114 crepuscula
1267 1056 1458 1094 noctem.

133 1152 157 1173 »
179 1129 322 1192 Signa·
340 1128 441 1178 dedi
464 1128 635 1176 venisse
653 1129 827 1184 Deum;
853 1125 1101 1192 vulgusque
1124 1123 1294 1191 precari

1490 1145 1555 1168 220

135 1229 159 1250 »
186 1207 391 1275 Coeperat
414 1226 424 1254 z
444 1205 601 1255 irridet
620 1206 766 1273 primo
790 1205 865 1272 pia
888 1216 991 1252 vota
1013 1205 1205 1270 Lycaon.

177 1361 197 1382 2
203 1359 216 1381 ι
221 1360 252 1382 o.
265 1347 367 1390 Quod
367 1350 478 1380 lamen
485 1347 679 1380 admissum.
687 1345 814 1380 Heins-

134 1398 247 1442 malit,
258 1400 438 1434 Cuilamen
447 1400 606 1433 admisso.
615 1397 722 1432 Male.
730 1397 815 1432 Duo

134 1452 276 1498 Jupiter
290 1451 416 1487 docere
434 1451 509 1486 vult
520 1477 530 1494 ‚
556 1451 658 1496 quale
677 1450 815 1485 admis-

134 1516 212 1539 sum
219 1511 254 1539 et
261 1503 369 1550 qualis
375 1502 816 1550 poena.Spernendaigitur

134 1562 171 1591 et
183 1555 296 1591 Gron.
309 1556 402 1602 conj.
420 1557 494 1600 Quo
506 1561 618 1590 lamen
630 1557 792 1590 admisso.

180 1612 255 1645 215.
280 1609 372 1653 Ipsa.
398 1609 522 1644 Heins.
546 1608 690 1654 putabat
718 1620 816 1653 prae-

126 1659 226 1696 'stare
237 1664 323 1707 ipso.
340 1662 464 1697 Burm.
478 1660 663 1707 improbat.

179 1728 199 1749 2
207 1728 219 1748 1
224 1713 256 1749 6.
263 1715 414 1748 M'aenala
419 1717 626 1749 transieram.
634 1711 818 1747 Montium

137 1766 268 1802 horum
283 1766 431 1802 nomina
452 1779 732 1802 commemorare
747 1778 819 1799 vo·-

136 1820 203 1856 luit
215 1847 226 1865 ‚
245 1820 325 1866 quia
341 1821 390 1856 illi
404 1821 443 1856 in
460 1820 610 1856 Arcadia
624 1819 820 1855 celeberri—

138 1875 200 1910 mi.
209 1876 379 1910 Maenalus
391 1875 542 1921 pinubus
553 1873 772 1917 abundabat,
785 1879 821 1907 et

138 1923 263 1973 plenus
274 1934 350 1962 erat
360 1927 516 1975 lyncum,
529 1938 707 1969 ursorum,
719 1937 822 1971 apro—

140 1992 223 2015 rum
234 2005 245 2023 ‚
266 1980 484 2025 aliarumque
501 1980 657 2014 serarum
674 1991 682 2013 :
698 1977 822 2023 Virgil.

143 2031 217 2067 Ecl.
229 2032 263 2066 X
273 2058 283 2076 ,
301 2043 366 2067 xlv
377 2058 386 2075 ‚
409 2036 470 2074 153
492 2030 560 2066 vid.
573 2029 765 2076 Spanhem.
778 2028 822 2063 ad

145 2082 285 2119 Gallim.
299 2083 334 2118 h.
353 2083 459 2119 Dian.
485 2084 537 2131 89.
561 2083 685 2127 Neque
702 2089 823 2116 tamen

142 2138 228 2173 illud
237 2140 376 2172 latebris
382 2139 545 2172 horrenda
546 2136 698 2180 ferarum
706 2163 714 2175 ,
728 2147 826 2170 nunc

145 2191 189 2226 ad
204 2204 282 2226 rem
293 2190 502 2237 pertinebat.
518 2190 660 2236 Lyceus
672 2216 680 2229 ‚
698 2188 826 2234 pinifer

145 2252 182 2280 et
196 2244 268 2291 ipse
283 2259 291 2286 ;
307 2256 393 2279 nam
408 2244 510 2290 pinus
526 2244 692 2288 frequens
708 2243 742 2277 in
761 2242 826 2277 Ar-

144 2297 242 2333 cadia
257 2297 372 2332 arbor.
392 2298 535 2332 Gelr‘dus
547 2297 714 2342 frequens
726 2309 826 2331 mon-

146 2352 237 2387 tium
249 2351 431 2398 epitheton
443 2377 452 2394 ,
470 2351 600 2397 partim
613 2351 658 2386 ob
673 2350 827 2385 altitudi-

147 2416 252 2447 nem,
268 2404 396 2449 partim
413 2404 458 2438 ob
473 2404 639 2438 arborum
653 2403 827 2438 umbram.

147 2477 192 2486 ·-
213 2459 338 2506 Lycei.
361 2459 497 2494 Montis
523 2457 682 2494 Arcadiae
692 2484 701 2502 ,
729 2458 828 2504 cujus

148 2523 270 2557 regem
301 2510 492 2556 proleptice
520 2518 701 2557 nuncupat
726 2516 829 2556 poeta

150 2562 289 2598 Arcada
302 2588 312 2606 ,
325 2575 436 2608 quum
448 2563 596 2598 Arcadia
605 2570 724 2609 postea
738 2562 830 2597 dicta

149 2614 204 2658 sit,
214 2615 256 2650 ab
266 2614 401 2649 Arcade
412 2613 484 2648 filio
494 2613 749 2659 Callistus,quae
760 2613 830 2647 filia

151 2674 227 2702 erat
236 2666 417 2715 Lycaonis.
427 2667 588 2700 Ed—-Et
595 2678 669 2700 cum
683 2667 828 2712 Cyllene,

152 2732 255 2756 mons
274 2716 440 2755 ‘Arcadiae
471 2719 652 2753 Mercurio
675 2717 806 2753 dicatus
821 2731 831 2760 ;

154 2772 249 2808 unde
258 2773 365 2808 etiam
375 2771 556 2820 Cyllenius
564 2771 833 2818 appellatur.Ed.

925 1359 999 1391 2¹7·
1018 1346 1164 1392 Cyllene.
1180 1342 1305 1377 Heins.
1317 1341 1373 1376 vel
1387 1340 1503 1376 invitis
1519 1340 1560 1375 li-

879 1397 950 1432 bris
958 1396 1122 1431 omnibus
1129 1394 1355 1432 scribendum
1362 1393 1560 1438 censetCyl-

878 1451 965 1491 lene,
977 1449 1057 1494 quia
1069 1455 1120 1484 est
1130 1447 1242 1483 Graec.
1251 1450 1400 1487 Κυλλήνη.
1412 1446 1523 1480 Bene.

925 1517 944 1537 2
951 1517 963 1537 1
970 1505 999 1538 8.
1009 1502 1168 1537 Arcados
1180 1527 1200 1535 ..
1210 1503 1416 1547 lyrannt‘per
1424 1498 1563 1544 prolep-

881 1556 935 1591 sin
949 1555 1083 1590 dictum
1094 1581 1104 1598 ,
1116 1561 1158 1588 ut
1169 1553 1358 1587 innumera
1372 1551 1436 1586 alia
1448 1551 1484 1585 in
1496 1548 1564 1584 hoc

882 1608 1049 1642 carmine.
1076 1607 1231 1642 Arcadea
1258 1605 1356 1640 enim
1386 1603 1499 1639 'serius
1522 1602 1566 1636 ab

884 1661 1021 1697 Arcade
1036 1688 1046 1705 ,
1066 1660 1237 1709 Lycaonis
1251 1666 1380 1705 nepote
1395 1684 1405 1702 ,
1430 1669 1564 1692 nomen

884 1715 1014 1761 accepit
1027 1728 1034 1750 :
1047 1715 1180 1763 Hygin.
1191 1714 1256 1749 sab.
1274 1713 1344 1760 176.
1358 1712 1459 1747 Idem
1470 1737 1480 1755 ,
1494 1722 1566 1756 quo

883 1769 961 1803 loco
978 1775 1077 1814 pater
1096 1779 1199 1813 poena
1217 1766 1371 1801 adfectus
1385 1790 1394 1807 ,
1421 1764 1566 1808 Trape-

885 1829 1030 1856 zuntem
1049 1819 1218 1866 oppidum
1234 1817 1413 1853 condidit:
1433 1814 1567 1862 Hygia.

886 1875 920 1910 d.
931 1875 951 1909 l.
969 1881 1005 1909 et
1019 1874 1042 1908 f.
1060 1875 1132 1918 275.
1145 1892 1189 1899 —
1200 1873 1301 1906 Sedes
1311 1870 1365 1905 vel
1377 1871 1398 1904 i.
1411 1882 1443 1914 q.
1454 1874 1543 1903 lecta
1556 1895 1565 1910 ‚

887 1926 941 1961 vel
961 1926 1055 1960 vicus
1069 1939 1078 1966 ;
1095 1924 1236 1959 vicatim
1252 1922 1348 1957 enim
1365 1921 1569 1956 habitabant

889 1977 1052 2013 Arcades.
1063 1995 1108 2002 —
1116 1978 1302 2021 Inhospt‘la,
1312 1974 1462 2020 hospites
1473 1972 1570 2008 enim

888 2039 996 2067 noctu
1007 2031 1180 2067 trucidare
1190 2036 1354 2073 conatur,
1368 2027 1463 2074 quod
1474 2039 1571 2062 sum-

888 2097 991 2119 mum
1007 2085 1104 2119 nefas
1116 2097 1124 2119 :
1138 2084 1264 2118 Horat.
1277 2082 1335 2126 11,
1355 2080 1427 2117 Od.
1444 2090 1520 2123 vn,
1540 2093 1571 2126 7.

892 2137 1030 2172 Contra
1046 2139 1182 2182 hospita
1197 2138 1297 2170 lellus
1308 2162 1317 2176 ,
1344 2134 1404 2169 ubi
1419 2133 1573 2179 hospites

890 2190 1041 2236 benigne
1058 2196 1272 2232 tractantur,
1293 2188 1384 2222 infra
1397 2186 1453 2221 111
1467 2212 1476 2229 ,
1495 2186 1573 2230 637.

891 2243 987 2278 Alias
1000 2244 1171 2287 inhospita
1187 2242 1261 2276 loca
1273 2268 1281 2282 ,
1300 2240 1359 2275 ubi
1376 2252 1484 2274 nemo
1500 2238 1571 2273 ha-

890 2295 976 2330 bitat
989 2321 999 2339 ‚
1026 2308 1143 2340 neque
1160 2294 1248 2329 adeo
1267 2294 1429 2338 cuiquam
1446 2292 1573 2338 hospi-

891 2348 983 2383 tium
995 2348 1172 2394 praebetur
1185 2358 1193 2379 :
1204 2347 1303 2393 Virg.
1320 2347 1403 2381 AEn.
1420 2346 1487 2389 IV,
1510 2347 1549 2390 4¹
1563 2359 1573 2389 ;

894 2401 1020 2436 Horat.
1037 2401 1072 2443 Ι,
1093 2399 1165 2435 od.
1181 2411 1269 2434 xxvr
1280 2426 1290 2442 ,
1309 2399 1340 2433 6.

936 2467 1011 2500 ²¹9·
1032 2454 1066 2486 T
1061 2454 1216 2486 raherent
1228 2464 1325 2496 quum
1341 2462 1427 2484 sera.
1448 2449 1575 2494 Quum

893 2517 963 2540 nox
981 2505 1054 2550 jam
1076 2505 1267 2550 ingrueret.
1297 2502 1434 2538 ornate
1462 2509 1576 2548 poetae

895 2559 1101 2604 plerumque
1128 2563 1266 2601 ternpus
1292 2554 1495 2602 designant;
1512 2553 1574 2589 sed

896 2613 1025 2646 Noster
1049 2610 1172 2644 maluit
1194 2609 1368 2651 suaviter,
1395 2608 1575 2654 eleganter

895 2664 1004 2699 verbo
1018 2665 1186 2698 traherent
1199 2662 1320 2708 posito.
1562 2660 1571 2665 ’

941 2730 1016 2751 221.
1040 2718 1136 2751 Vola.
1155 2715 1292 2750 Preces.
1305 2733 1347 2741 —-
1358 2714 1573 2754 DubHabHe,

899 2769 1067 2814 dubium;
1088 2782 1173 2814 vox,
1196 2776 1235 2805 ut
1255 2768 1411 2813 videtur,
1437 2768 1480 2803 ab
1501 2767 1575 2813 ipso
