1832 3100
321 235 1017 288 METAMORPHOSEON
1047 236 1183 280 LIB.
1217 235 1321 280 III.

1449 233 1538 294 269

115 359 139 381 ³»
167 336 273 388 AEre
295 333 473 402 repulsa
493 310 674 382 valent?
698 342 742 379 et
765 329 935 379 adunco
959 328 1069 377 tibia
1093 329 1264 376 cornu?

116 437 140 458 n
165 416 228 464 Et
249 413 428 476 magicae
445 410 655 461 fraudes?
672 421 747 467 ut,
774 426 887 476 quos
909 425 1003 454 non
1025 404 1215 468 belliger
1237 404 1380 463 ensis,

115 515 140 536 »
166 493 270 543 Non
294 491 406 540 tuba
426 488 692 546 terruerint,
717 505 820 536 non.
836 484 1002 534 strictis
1027 483 1203 547 agmina
1230 482 1357 542 telis3

1479 496 1543 532 535

117 592 142 615 n
167 570 386 621 Femineae
407 587 557 626 voces,
582 579 628 616 et
652 577 773 615 mota
795 563 966 613 insania
989 562 1092 610 vino
1108 599 1120 620 ‚

119 671 142 692 »
171 647 478 714 Obscoenique
501 663 679 710 greges,
700 655 746 693 et
768 641 917 691 inania
940 651 1147 707 tympana
1167 639 1359 687 vincant.

123 748 147 769 >2
175 727 329 775 Vosne
343 763 356 785 ‚
382 743 530 782 senes,
554 723 721 772 mirer?
746 721 844 788 qui⁷
858 719 1002 782 longa
1022 736 1103 785 per
1123 736 1301 784 aequora
1322 717 1460 775 vecti,

120 826 145 847 »
171 804 270 852 Hac
291 803 470 869 Tyron,
493 800 576 849 hac
600 799 818 867 profugos
845 795 1062 864 posuistis
1085 794 1187 843 sede
1212 795 1400 842 Penates
1420 813 1432 852 3

122 904 145 925 »
169 882 301 930 Nunc
323 878 470 929 sinitis
495 878 589 927 sine
611 878 757 925 Marte
782 874 911 941 capi?
932 892 1092 931 vosne,
1117 870 1259 920 acrior
1278 883 1381 921 aetas
1397 909 1409 931 ‚

1488 886 1554 930 540

120 981 144 1006 »v
171 959 215 1008 Ο
235 958 442 1024 juvenes,
467 955 744 1024 propiorque
766 971 896 1012 meae,
922 970 1036 1018 quos
1061 969 1181 999 arma
1202 961 1348 1000 tenere
1363 988 1376 1009 ‚

121 1095 210 1140 bala,
221 1107 375 1142 quorum
387 1107 470 1130 usus
479 1094 517 1128 in
526 1093 701 1141 mysteriis
714 1091 806 1126 Bac—

122 1147 262 1183 chinon
269 1147 402 1190 minus,
413 1158 520 1192 quam
528 1145 566 1180 in
573 1144 677 1180 sacris
686 1143 807 1190 Cybe-

123 1199 172 1234 les
182 1213 191 1241 3
202 1198 315 1233 multa
324 1198 420 1233 enim
433 1197 590 1242 utrisque
600 1196 703 1231 sacris
714 1207 807 1230 com-

123 1250 257 1287 munia.
274 1250 390 1286 Erant
404 1262 556 1286 concava
567 1275 578 1293 ,
595 1255 699 1294 atque
713 1247 810 1282 inter

125 1315 162 1338 se
177 1313 364 1347 concussa,
389 1301 560 1338 tinnitum
576 1307 720 1336 acutum
741 1298 810 1332 da-

126 1355 213 1390 bant
221 1380 232 1399 ,
251 1361 288 1390 et
298 1361 519 1400 pungentem
529 1353 638 1388 veluti
654 1351 789 1386 animos
802 1363 811 1384 :

126 1405 208 1442 vide
219 1406 274 1442 lv
285 1405 379 1442 Fast.
389 1406 461 1454 189.
471 1423 516 1431 —
523 1407 685 1451 Bepulsa,
701 1403 811 1450 pulsa,

128 1466 169 1495 ut
186 1458 305 1496 Tibul.
320 1459 360 1503 1,
385 1469 454 1503 111,
481 1460 542 1502 ²43
569 1467 641 1492 vm
658 1483 668 1500 ‚
699 1470 752 1509 ειη.
767 1472 813 1481 -

129 1510 276 1546 Adunco
292 1513 380 1546 tibz'a
393 1523 514 1551 cornu,
537 1509 621 1544 tibia
638 1507 810 1555 Phrygia,

129 1563 274 1598 inventa
290 1574 311 1596 a
331 1561 434 1598 Mida
457 1574 559 1607 rege,
587 1567 623 1595 et
638 1560 783 1595 incurva
801 1585 812 1604 ‚

131 1627 242 1661 quum
271 1621 407 1650 catere
437 1613 531 1649 tibiae
557 1618 673 1648 essent
698 1618 812 1648 rectae.

131 1666 256 1713 virgil.
270 1666 415 1702 AEneid.
431 1666 486 1701 XI
496 1691 507 1710 ‚
527 1665 587 1710 737
603 1677 612 1700 z
632 1665 704 1699 Ubi
714 1676 815 1699 curra

129 1721 248 1757 choros
263 1721 393 1754 abditi!
411 1720 498 1753 tibaeza
515 1718 661 1752 Bacchi.
687 1715 816 1751 Cornu

131 1770 292 1808 additum
308 1771 458 1818 augebat
474 1782 615 1806 sonum.

172 1826 248 1870 534.
254 1823 553 1870 Μφςὶισῇαιιᾶεε,
567 1821 818 1866 Cantab-sron-

131 1878 208 1919 des,
230 1876 327 1923 quod
344 1882 380 1911 et
396 1874 546 1910 Heinsio
557 1880 593 1908 et
605 1873 818 1908 But-manno

132 1928 421 1976 placete-Nostri
431 1926 534 1962 Codd
540 1954 547 1962 .
547 1925 701 1970 frondes.
711 1923 819 1971 Apud

135 1983 345 2029 Euripidem
355 2009 365 2027 ,
377 1993 482 2016 versu
494 1981 570 2024 234,
580 1978 738 2015 Bacchus
748 1981 820 2023 γόης

135 2042 173 2072 et
197 2038 319 2083 ι’πῳθός.
342 2035 470 2080 Quum
495 2045 591 2068 sacra
613 2029 741 2066 Bacchi
757 2043 820 2064 es—

136 2095 217 2124 sent
231 2094 429 2130 nocturna,
448 2097 574 2121 areana
585 2090 709 2118 etcum
726 2082 821 2117 mul-

137 2141 181 2177 tis
204 2139 384 2187 praestigiis
413 2138 603 2183 conjuncta
616 2163 627 2180 ‚
658 2135 820 2172 Pentheo

138 2193 349 2229 videbantur
379 2194 518 2236 magice
535 2190 683 2235 fraudes
707 2202 717 2223 .·
742 2188 821 2223 vide

135 2258 242 2293 supra
258 2245 344 2282 Var.
360 2238 455 2279 Lect.
479 2261 523 2270 -
540 2244 690 2287 Belliger
705 2245 816 2282 ensis,

138 2305 179 2333 ut
192 2296 347 2332 Martial.
364 2296 411 2340 V,
429 2295 550 2341 Epigr.
565 2305 652 2339 xxV,
665 2296 822 2339 belligera

138 2351 262 2393 ήσεως
296 2349 422 2389 Horat*-
436 2349 508 2384 Sat.
527 2348 545 2382 1
560 2374 570 2392 ,
589 2348 629 2382 31
646 2373 655 2391 ,
673 2349 823 2382 hosticus

139 2402 452 2446 cauta—Belliger
467 2399 636 2434 Heinsius
651 2412 692 2434 ex
706 2398 823 2444 primo

141 2452 386 2498 Gronoviano,
401 2452 438 2488 in
450 2464 521 2498 quo
532 2464 596 2498 pro
607 2451 742 2486 diversa
753 2451 824 2486 lec·

140 2506 239 2542 tione
251 2513 360 2541 exstat
371 2531 380 2549 ‚
399 2504 505 2541 dedit.
522 2505 667 2539 Bai-ber.
682 2504 823 2549 belliser.

145 2556 295 2599 Ceteri,
312 2560 464 2592 bellicus.
482 2556 601 2592 Nostri
623 2555 746 2602 Regii,
760 2558 826 2590 bel·

140 2613 240 2647 licus.
257 2629 302 2638 -—
329 2612 430 2645 Tube
444 2623 527 2646 usus
544 2616 619 2644 erat
641 2609 678 2644 in
703 2609 825 2651 bellis;

144 2663 223 2698 vide
237 2663 281 2699 ad
299 2663 316 2698 I
327 2690 336 2708 ,
354 2665 409 2711 98.
424 2680 470 2689 —-
494 2663 689 2697 Terruerint.
707 2662 827 2696 Nostri

144 2714 248 2761 Regii
273 2718 439 2757 terruerit,
462 2715 501 2750 in
525 2715 645 2761 sugam
669 2726 827 2749 conver——

871 1094 976 1125 lotum
991 1092 1109 1127 terruit
1121 1091 1241 1124 orbem.
1255 1089 1344 1124 Hor.
1358 1089 1395 1124 II
1406 1114 1416 1133 ‚
1436 1087 1506 1125 Od.
1522 1100 1535 1123 1
1545 1116 1555 1132 ‚

876 1156 916 1190 ¹9
931 1155 938 1176 :
955 1143 1081 1186 Fulget
1090 1154 1254 1176 armorum
1272 1146 1375 1176 terret
1390 1154 1501 1186 equos.

928 1194 1001 1238 537.
1043 1194 1206 1228 Obscaern‘
1225 1207 1350 1239 greges.
1389 1193 1450 1228 Sil.
1482 1194 1559 1228 Ital.

875 1245 985 1280 XVII
998 1271 1007 1289 ‚
1033 1257 1047 1279 1
1056 1258 1093 1279 12
1107 1271 1117 1289 ,
1132 1246 1395 1280 Semivirichori.
1404 1262 1448 1272 ·—
1461 1246 1559 1291 Tym-

868 1311 986 1343 pana,
1015 1298 1117 1333 orbes
1138 1298 1267 1334 intenti
1286 1299 1382 1334 corio
1396 1325 1405 1342 ,
1436 1298 1560 1344 pulsa*

876 1350 1006 1385 bantur
1027 1349 1191 1384 manibus
1209 1357 1246 1385 et
1261 1349 1414 1386 edebant
1431 1363 1561 1385 sonum

878 1412 1036 1439 raucum.
1068 1401 1229 1448 Euripid.
1264 1404 1327 1446 124
1344 1429 1354 1447 ,
1397 1405 1562 1453 βυρσότονα

879 1456 1061 1498 κυκλώματος
1071 1479 1081 1498 ,
1099 1460 1135 1488 et
1150 1466 1254 1488 versu
1273 1454 1335 1489 156
1350 1480 1360 1498 ‚
1376 1458 1563 1504 βαρύέρομα.

878 1507 1059 1541 —Iaam'a
1070 1533 1079 1548 ‚
1103 1518 1177 1541 non
1195 1505 1364 1541 timenda.

924 1558 1000 1594 538.
1022 1560 1123 1594 Senes
1139 1571 1222 1594 cum
1246 1557 1385 1593 Cadmo
1407 1572 1426 1593 e
1457 1557 1566 1594 Phoe-

879 1610 971 1646 nicia
985 1610 1132 1656 profecti
1144 1611 1268 1646 orbem
1278 1618 1565 1657 pererraverant:

879 1663 959 1699 vide
970 1677 1058 1699 vers.
1068 1664 1100 1699 6.
1111 1665 1189 1699 Hos
1199 1677 1275 1699 non
1285 1678 1410 1700 omnes
1422 1677 1565 1700 necasse

881 1716 1021 1752 videtur
1051 1729 1195 1763 serpens
1225 1730 1244 1752 a
1272 1716 1411 1752 Cadmo
1445 1717 1565 1752 inter-

879 1769 1143 1804 sectus—Hac
1164 1771 1284 1816 Tyron.
1301 1769 1424 1804 Codex
1439 1769 1569 1815 Regius

882 1822 913 1856 B
932 1821 1100 1857 mendose
1115 1848 1125 1865 ,
1143 1824 1222 1856 Huc
1254 1823 1351 1868 Tyro.
1373 1822 1488 1869 Tyros
1504 1821 1568 1856 in·-

882 1875 956 1909 sula
972 1881 1023 1909 est
1040 1874 1228 1909 Phoeniciae
1238 1874 1412 1920 adjacens,
1426 1887 1444 1908 a
1455 1874 1568 1921 Tyro,

884 1926 1060 1962 Phoenicis
1070 1925 1143 1960 silio
1154 1951 1164 1969 ,
1183 1921 1288 1961 dicta.
1297 1926 1360 1960 Est
1374 1926 1481 1960 etiam
1494 1926 1569 1973 Ty-

885 1991 942 2014 ros
960 1978 1119 2014 Laconiae
1135 1978 1218 2013 urbs
1228 2004 1238 2021 ,
1250 1984 1286 2012 et
1295 1978 1407 2013 insula
1423 1979 1461 2013 in
1477 1978 1569 2013 mari

885 2031 1003 2066 rubro.
1020 2033 1086 2066 Ed.
1103 2048 1148 2057 —
1162 2032 1243 2066 Hac
1263 2032 1373 2077 Tyron
1388 2038 1452 2066 etc.
1470 2030 1569 2066 Cer-

886 2091 965 2118 tum
985 2084 1128 2130 signum
1153 2095 1254 2118 novae
1277 2083 1368 2119 sedis
1389 2090 1498 2129 captae
1511 2104 1525 2127 ‚>
1541 2083 1569 2118 si

880 2143 1023 2182 penates
1047 2137 1095 2172 ibi
1124 2137 1435 2173 constituerentur.
1461 2139 1571 2173 Novae

887 2196 1007 2225 autem
1023 2189 1098 2224 sedi
1114 2202 1248 2225 nomen
1265 2190 1360 2225 urbis
1372 2217 1381 2233 ,
1398 2190 1494 2225 unde
1515 2203 1574 2225 ve-

887 2249 1016 2278 nerant
1026 2242 1184 2288 profugi,
1202 2243 1335 2288 imponi
1350 2242 1493 2278 solebat.
1505 2242 1572 2277 Ex-

887 2295 1011 2341 pressit
1025 2307 1130 2338 ver0,
1149 2302 1188 2330 ut
1212 2295 1363 2341 Nauger.
1388 2295 1461 2340 jam
1484 2308 1570 2329 mo·-

887 2349 967 2384 nuit
980 2375 990 2392 ,
1021 2348 1143 2394 virgil.
1162 2348 1248 2383 AEn.
1270 2349 1307 2393 I,
1332 2349 1374 2383 68
1393 2362 1401 2383 z
1418 2350 1519 2383 Ilium
1535 2352 1572 2383 ia

888 2403 1028 2437 Italiam
1037 2406 1180 2446 porlans
1197 2405 1368 2446 victosque
1376 2407 1530 2446 penates.

934 2455 1011 2497 540.
1027 2455 1154 2488 Acrior
1167 2459 1261 2488 oetas.
1292 2452 1414 2488 Codex
1443 2453 1576 2498 Regius

890 2506 920 2541 B
931 2532 941 2550 ‚
959 2505 1050 2540 male
1066 2509 1187 2540 carior.
1197 2523 1243 2530 -—
1259 2505 1354 2539 Acer
1369 2504 1411 2539 de
1429 2505 1575 2551 juvenili

890 2559 1019 2604 vigore.
1036 2574 1081 2582 —
1098 2559 1239 2601 Propior
1254 2570 1342 2591 meoe.
1371 2557 1575 2603 Elegantius

892 2610 1063 2645 Ascanius
1073 2609 1116 2643 ad
1131 2608 1339 2655 Euryalum,
1352 2607 1492 2643 AEneid.
1506 2609 1573 2653 IX,

893 2666 956 2710 275
969 2690 979 2706 ,
1003 2676 1078 2697 mea
1103 2675 1198 2706 quem
1220 2665 1344 2706 spalae'tsst
1366 2664 1576 2705 propioribus

891 2720 975 2750 oelas
986 2716 1184 2759 Insequilur.
1195 2730 1239 2739 -
1253 2714 1410 2758 Thyrsus,
1434 2713 1576 2748 baculus

145 2767 235 2804 terit.
259 2768 374 2814 Supra
394 2767 434 2812 1,
466 2781 526 2814 727
547 2780 555 2803 :
567 2767 748 2813 profugam
766 2780 831 2812 per
895 2773 955 2802 aut
968 2765 1084 2811 hasta,
1103 2777 1210 2811 quam
1223 2765 1420 2811 gestabant,
1437 2778 1576 2811 quaque
