1832 3100
267 273 347 318 150

596 273 666 316 .P.
719 275 958 319 OVIDII
995 274 1298 319 NASONIS

266 388 287 407 »
318 366 473 413 Sectus
495 364 539 413 in
565 365 799 432 obliquum
822 377 888 414 est
910 365 1000 414 lato
1022 367 1267 416 curvamine
1291 367 1436 426 limes,

1612 386 1673 418 13⁰

262 469 283 505 n,
313 449 616 514 Zonarumque
641 447 775 495 trium
797 458 1032 496 contentus
1055 447 1162 506 fine;
1185 448 1426 516 polumque

263 553 284 572 n
314 528 512 594 Effugito
535 529 787 588 australem,
811 530 1094 597 junctamque
1115 531 1399 597 aquilonibus
1422 533 1603 581 Arcton.

262 635 284 654 n
316 614 409 660 Hac
433 612 484 660 fit
507 613 614 670 iter;
640 612 867 662 manifesta
890 624 999 661 rotae
1019 613 1200 676 vestigia
1224 633 1386 663 cernes.

262 718 282 736 »
311 696 459 761 thue
484 694 626 743 ferant
649 714 798 761 aequos
817 706 861 742 et
886 693 1037 743 caelum
1056 706 1100 743 et
1124 706 1236 743 terra
1259 692 1447 753 caloreS,

261 800 283 818 »
313 779 402 825 Nec
419 796 588 843 preme,
612 796 691 825 nee
710 796 927 825 summum
945 776 1101 825 molire
1118 796 1197 844 per
1214 777 1375 826 aethera
1391 791 1580 826 currum.
1612 790 1672 826 135

260 881 282 900 υ
311 858 457 907 Altius
484 877 705 922 egressus,
733 858 919 908 caelestia
942 871 1055 907 tecta
1080 859 1324 916 cremabis;

261 962 283 982 »
312 939 523 997 Inferius,
550 952 716 988 terras:
737 940 883 989 medio
910 940 1158 989 tutissimus
1180 940 1280 988 ibis.

263 1043 283 1063 (ι
312 1023 410 1070 Neu
434 1033 477 1069 te
499 1021 718 1070 dexterior
738 1034 907 1070 tortum
930 1022 1117 1071 declinet
1136 1022 1182 1069 in
1206 1041 1391 1085 anguem
1408 1059 1421 1080 ‚

262 1125 283 1144 υ
315 1105 434 1151 Neve
457 1102 704 1151 sinisterior
724 1121 921 1169 pressam
942 1115 1041 1151 rota
1063 1103 1195 1151 ducat
1217 1103 1272 1151 ad
1292 1123 1438 1162 aram;

304 1255 375 1289 130.
387 1256 534 1289 sectus...
543 1257 648 1288 limes.
658 1254 855 1300 Descriptio
864 1256 931 1289 Zo-

257 1307 344 1341 ‹liaci
356 1333 365 1351 ,
391 1307 520 1341 Graecis
537 1320 556 1340 a
571 1307 685 1340 forma
700 1310 794 1351 Λοξός
807 1333 816 1350 ,
836 1307 931 1341 obli-

257 1372 365 1404 quus,
393 1358 484 1393 dicti.
504 1358 600 1404 Virg.
627 1358 755 1404 Georg.
773 1359 809 1402 Ι,
842 1359 905 1392 238
924 1372 931 1392 1

262 1414 298 1447 V
292 1415 328 1446 la
341 1415 435 1445 secla
445 1424 509 1455 per
521 1413 640 1445 ambas
655 1412 668 1454 (
683 1423 785 1445 zonas
801 1417 936 1454 tempe-

254 1462 393 1508 ratas),
417 1465 582 1507 Obliquus
605 1476 671 1508 qua
699 1475 735 1496 se
754 1466 934 1508 ⁴signorum

255 1520 395 1550 verteret
405 1517 496 1550 ordo.
523 1514 635 1548 Totus
650 1515 744 1549 locus
763 1514 894 1559 optime
915 1527 933 1547 e

255 1566 388 1612 sphaera
402 1565 615 1610 intelligitur.

304 1620 375 1653 131.
389 1620 619 1662 Zonarumquc
633 1620 730 1651 trium
744 1623 807 1652 etc.
821 1617 934 1652 Nam-

257 1684 324 1716 que
346 1670 516 1705 Zodiacus
539 1676 703 1704 curvatur
724 1683 787 1714 per
809 1683 934 1704 zonam

255 1722 423 1757 torridam
437 1748 446 1765 ‚
464 1728 499 1756 et
510 1721 647 1766 attingit
647 1723 740 1766 fines
753 1721 932 1766 utriusque

256 1780 469 1819 temperatae.
490 1773 662 1817 Loquitur
680 1780 798 1808 autem
814 1787 934 1808 rursus

254 1828 301 1862 ita
316 1854 325 1871 ,
355 1827 451 1872 quasi
468 1833 561 1861 totus
577 1826 747 1861 Zodiacus
775 1838 847 1861 uno
876 1826 933 1861 die

257 1878 514 1926 percurrendus
529 1885 627 1913 esset.

303 1934 374 1968 132.
390 1933 595 1967 Australem.
611 1932 732 1977 Eurip.
748 1932 834 1977 frag.
853 1942 908 1966 vn
924 1943 932 1966 :

255 1980 322 2020 ἕλοι
347 1989 378 2019 crs*
406 1988 486 2028 μηδὲ
516 1987 644 2020 Αιὸυκόν
666 1983 758 2034 oelfflp’
786 1985 931 2029 ἕμὲαλών.

254 2037 432 2072 ——Arclos.
445 2037 536 2072 Ursa
546 2063 555 2080 ‚
567 2037 693 2083 duplex
703 2036 797 2072 sidus
807 2037 844 2071 in
853 2037 934 2082 polo

255 2088 518 2133 septentrionali
537 2101 544 2121 :
562 2089 687 2124 Arctos
703 2088 830 2133 major,
846 2101 935 2123 con-

255 2148 348 2175 stans
364 2139 468 2175 stellis
477 2140 600 2181 XXV;
618 2147 653 2174 et
665 2140 790 2175 Arctos
802 2141 931 2184 minor,

256 2205 332 2237 quae
355 2192 460 2228 habet
480 2192 593 2226 stellas
610 2191 693 2227 VII.
720 2193 807 2227 Haec
830 2205 933 2227 voca-

255 2253 313 2279 tur
344 2243 451 2278 etiam
485 2245 657 2290 Cynosura
674 2270 683 2283 ‚
722 2244 779 2278 illa
804 2246 932 2279 Helice.

257 2297 379 2341 Itaque
402 2295 530 2339 juncta
558 2296 783 2340 Aquilonibus
808 2297 933 2330 Arctos

255 2355 306 2383 est
322 2347 421 2393 polus
440 2348 584 2382 arcticus
599 2362 624 2383 s.
642 2347 931 2393 septentrionalis.

303 2401 373 2434 133.
400 2402 465 2435 Jr'it.
496 2398 608 2434 Codd.
634 2399 744 2434 nostri
772 2399 850 2434 RR.
876 2403 931 2433 sil.

257 2452 398 2487 Fortior
410 2453 522 2486 forma
538 2451 734 2497 imperativi
750 2464 856 2496 quam
873 2464 932 2496 po·

255 2504 355 2537 sitivi.
365 2522 409 2530 —
418 2506 515 2538 Rota
524 2507 677 2548 vesttgu‘a.
690 2503 786 2538 Hinc
794 2516 840 2538 vs.
856 2503 928 2547 167,

255 2559 369 2588 tritum
379 2559 533 2599 spatium.
546 2555 652 2590 Ludit
663 2555 846 2601 ingenium
861 2554 929 2590 Ov.

258 2613 295 2640 ut
313 2607 458 2641 Heroid.
476 2618 570 2643 xv111
583 2634 593 2651 ‚
620 2608 680 2642 133
703 2620 710 2641 :
731 2609 813 2641 Jam
835 2612 934 2651 patet

256 2660 392 2692 attritus
417 2660 589 2693 solitarum
620 2661 717 2692 limes
741 2672 900 2704 aquarum
918 2685 928 2702 ,

261 2712 330 2745 Non
336 2710 442 2751 alz'ter,
447 2713 551 2745 mulla
558 2724 654 2755 quam
662 2714 720 2745 via
722 2724 841 2754 pressa
846 2716 930 2746 rota.

302 2761 372 2795 135.
389 2761 541 2797 Molita...
556 2775 692 2797 currum.
719 2763 839 2797 Moliri
850 2775 931 2797 cur-

996 1268 1067 1290 rum
1079 1282 1087 1294 ‚
1106 1268 1227 1300 regere
1237 1260 1366 1301 ,lagere
1378 1268 1532 1291 currum.
1550 1255 1673 1302 virgil.

996 1306 1138 1342 AEneid.
1152 1308 1223 1342 XII
1237 1333 1247 1350 ‚
1267 1322 1328 1353 227
1343 1334 1353 1351 ,
1372 1311 1484 1343 moliri
1497 1309 1673 1351 habenam·

998 1359 1138 1403 Noster,
1150 1361 1197 1403 V,
1211 1360 1287 1405 367,
1298 1363 1424 1402 moliri,
1442 1361 1465 1395 i.
1478 1374 1506 1395 e.
1518 1360 1672 1405 mittere,

997 1414 1143 1455 sagiltas
1155 1425 1166 1446 ,⁶
1176 1410 1261 1446 n‘am
1271 1412 1435 1447 moliride
1446 1413 1544 1447 omni
1555 1413 1673 1448 labore

997 1470 1033 1497 et
1041 1476 1146 1508 opera
1155 1470 1349 1509 usurpatur.
1358 1467 1565 1505 —Premera
1580 1464 1673 1509 iusto

997 1514 1143 1549 inferius
1160 1529 1272 1560 agere.

1045 1567 1115 1600 138.
1134 1569 1175 1600 In
1188 1581 1339 1611 anguem.
1359 1569 1476 1603 Nostri
1498 1567 1611 1603 codd.
1626 1570 1678 1602 ad

996 1630 1146 1661 anguem.
1171 1619 1299 1653 Melius
1317 1626 1434 1653 tamen
1451 1622 1496 1653 la.
1522 1636 1566 1644 —
1588 1618 1672 1652 An-

993 1673 1071 1713 guis
1085 1697 1093 1711 ‚
1123 1671 1193 1705 sive
1221 1670 1325 1705 draco
1341 1697 1351 1714 ,
1380 1670 1474 1706 sidus
1501 1683 1672 1716 magnum

994 1723 1088 1756 inter
1104 1722 1188 1757 duas
1206 1723 1340 1758 Arctos.
1359 1721 1414 1758 Cf.
1430 1723 1505 1766 III,
1524 1725 1576 1766 45.
1596 1722 1673 1756 Vo-

995 1781 1094 1808 catur
1118 1780 1242 1816 lorlus,
1281 1775 1448 1820 quoniam
1471 1775 1519 1810 ita
1542 1776 1672 1811 locatus

997 1833 1060 1869 est,
1072 1834 1111 1861 ut
1121 1827 1256 1862 Arcton
1268 1828 1440 1872 majorem
1451 1826 1559 1862 cauda
1568 1826 1668 1870 flexa,

996 1877 1104 1912 medii
1119 1879 1272 1924 corporis
1286 1879 1366 1914 sinu
1386 1879 1521 1914 Arcton
1546 1878 1673 1912 mino—

996 1943 1074 1964 rem
1104 1931 1258 1966 includat
1276 1957 1286 1976 ‚
1316 1932 1495 1977 capiteque
1526 1930 1672 1966 reducto

996 1981 1166 2016 circulum
1191 1983 1371 2017 Arcticum
1396 1983 1543 2028 attingat
1558 1997 1567 2024 ;
1594 1995 1671 2028 quae

997 2035 1110 2069 sorma
1123 2035 1382 2070 accommodata
1397 2042 1448 2070 est
1461 2042 1596 2070 naturae
1607 2047 1671 2069 an-

998 2088 1118 2134 guium
1131 2113 1141 2130 ,
1163 2087 1223 2132 qui
1237 2100 1273 2122 se
1289 2089 1467 2131 torquendo
1482 2087 1647 2121 labuntur
1661 2099 1671 2122 ε

997 2138 1064 2174 vid.
1079 2139 1262 2186 Hygin.A.
1273 2139 1313 2173 P.
1323 2139 1396 2182 ΙΙΙ,
1410 2153 1428 2173 2
1439 2151 1448 2180 ς
1460 2138 1557 2173 Arai.
1571 2138 1672 2173 Phae-

996 2204 1093 2228 nom.
1105 2194 1145 2236 45
1158 2205 1251 2237 sqq.;
1268 2199 1303 2227 et
1319 2206 1360 2227 ex
1372 2205 1416 2227 eo
1424 2193 1523 2238 Virg.
1541 2192 1671 2238 Georg.

998 2243 1014 2277 I
1028 2269 1036 2286 ,
1066 2245 1149 2287 244,
1176 2244 1234 2278 ubi
1240 2246 1337 2288 flexu
1361 2247 1498 2282 sinuoso
1517 2246 1670 2281 elabitur.

995 2315 1040 2322 ·—
1051 2298 1124 2331 Neu
1137 2301 1170 2330 le
1183 2298 1377 2330 dexterior...
1397 2298 1541 2330 declinet
1551 2321 1560 2336 ,
1581 2296 1671 2329 Neve

992 2350 1208 2382 simtctermr...
1218 2351 1291 2381 rota
1301 2349 1405 2381 ducat
1416 2359 1426 2380 :
1442 2346 1514 2385 noli
1525 2357 1669 2381 currum

995 2399 1050 2433 vel
1066 2399 1283 2434 dextrorsum
1301 2397 1343 2431 ad
1356 2397 1646 2443 Septentrionem
1659 2423 1670 2441 ,

994 2450 1048 2484 vel
1057 2450 1293 2484 sinistrorsum
1302 2448 1344 2482 ad
1355 2448 1541 2483 australem
1550 2447 1670 2494 polum

995 2513 1107 2546 agere.
1444 2522 1446 2527 ι

1043 2554 1114 2600 ¹39·
1131 2553 1207 2587 Ara
1218 2579 1227 2594 ‚
1255 2552 1348 2587 sidus
1364 2551 1510 2588 australe
1529 2577 1539 2595 ,
1563 2550 1670 2586 attin—

995 2617 1078 2650 gens
1089 2604 1223 2650 Scorpii
1232 2604 1377 2639 caudam
1388 2611 1589 2638 extremam.
1600 2603 1670 2636 Vo-

994 2663 1093 2690 catur
1109 2656 1215 2690 etiam
1230 2659 1446 2704 θυμιοιτῆριον,
1460 2655 1669 2688 tbun'bulum.

993 2706 1374 2752 —Pressanuquoniam
1381 2718 1458 2751 pars
1464 2703 1589 2740 mundi
1597 2717 1669 2738 aus-

995 2761 1089 2796 tralis
1107 2760 1272 2806 paulatim
1287 2759 1399 2806 vergit
1417 2759 1507 2794 infra
1525 2760 1668 2808 ὁρίζοντα.
