1832 3100
229 218 316 261 326

593 220 644 261 P.
684 219 768 268 ov
784 188 922 263 1n11
950 219 1252 276 NAsoNvls

224 312 415 360 Tantum
440 311 553 360 odiis
577 312 737 379 iraeque
761 313 914 362 dabat!
942 313 1143 363 Saturnia
1164 317 1298 363 Juno.

227 391 333 452 Quo
359 389 488 438 simul
510 390 708 448 intravit,
731 409 942 457 sacroque
968 410 992 439 a
1019 411 1204 458 corpore
1228 411 1428 459 pressum

225 467 446 529 Ingemuit
467 466 624 525 limen;
648 462 971 517 tria‘Cerberus
993 469 1149 518 extulit
1169 489 1244 519 ora
1257 508 1269 529 ,

226 545 286 591 Et
307 555 393 592 tres
414 543 596 593 latratus
619 545 749 594 simul
773 545 911 594 edidit
932 565 942 593 ι
965 544 1042 594 illa
1060 564 1232 594 sorores

1565 561 1631 606 450

223 623 364 669 Nocte
387 633 514 670 vocat
536 616 727 684 genitas,
753 641 880 684 grave
904 634 947 671 et
969 622 1243 689 implacabile
1259 642 1433 672 numen.

225 703 429 753 Carceris.
442 716 542 753 ante
565 705 682 754 fores
706 705 873 754 clausas
896 705 1123 754 adamante
1146 706 1386 765 sedebant3

223 785 378 851 Deque
400 785 491 833 suis
512 798 630 834 atros
651 786 886 852 pectebant
909 787 1104 836 crinibus
1125 806 1290 850 angues
1310 807 1321 836 :

225 867 372 930 Quam
395 867 525 916 simul
549 881 771 931 agnorunt
795 870 910 918 inter
934 869 1132 933 caliginis
1155 871 1333 920 umbras
1349 909 1361 930 ‚

225 948 457 997 Surrexere
481 950 584 997 Deae
603 969 613 996 :
633 949 757 998 sedes
781 950 986 1001 scelerata
1003 963 1197 1000 vocatur.

1567 965 1632 1011 455

223 1029 402 1078 'Viscera
419 1030 645 1096 praebebat
666 1031 819 1098 Tityos
841 1032 1068 1091 lanianda3
1093 1053 1337 1100 novemque

264 1167 337 1212 449.
365 1168 530 1210 Ingemuit
549 1166 645 1202 dedit
668 1168 894 1204 Burmannus

219 1231 259 1252 ex
270 1219 379 1254 MSS.
389 1219 504 1265 Vulgo
516 1247 525 1264 ,
539 1224 707 1255 intremuit
728 1229 787 1257 aut
806 1235 894 1256 con—

220 1273 358 1304 tremuit.
369 1270 491 1306 Codex
501 1272 630 1317 Regius
639 1273 670 1307 B
680 1272 784 1308 habet
793 1276 894 1318 inge-

219 1326 323 1364 muit;
349 1321 468 1357 Codex
487 1322 539 1366 A,
565 1327 741 1359 zhlremuit.
762 1342 806 1350 —-
829 1326 894 1359 In·-

217 1377 351 1418 gemuil,
368 1376 510 1421 crepuit.
526 1378 694 1417 Gemitus,
708 1378 822 1412 omnis
837 1390 896 1412 so-

221 1439 310 1470 nus,
338 1440 443 1472 quem
471 1442 526 1464 res
555 1429 757 1465 inanimatae
783 1430 868 1464 dant
885 1457 894 1473 ,

222 1479 308 1513 dum
323 1481 499 1515 calcantur
514 1508 523 1524 ‚
552 1482 733 1526 pulsantur
754 1508 763 1524 ,
791 1484 896 1516 sran-

221 1540 360 1577 guntur.
383 1552 428 1560 —-
444 1536 600 1568 Cerberus
614 1534 670 1568 hic
682 1542 762 1569 ante
779 1536 872 1570 sores
884 1560 893 1578 ,

222 1593 260 1620 ut
278 1586 391 1620 Tibul.
409 1587 444 1631 I,
465 1598 510 1621 111
522 1613 531 1631 ‚
550 1601 587 1631 71
604 1613 613 1630 ,
637 1586 679 1620 ad
699 1587 896 1632 exemplum

221 1637 322 1683 prisci
338 1637 399 1672 aevi
410 1664 417 1677 ‚
438 1638 497 1672 ubi
514 1638 654 1672 maximi
669 1651 771 1672 canes
786 1638 828 1672 ad
838 1651 897 1672 re·-

223 1690 357 1735 giarum
381 1689 508 1724 aedium
531 1690 622 1725 sores
642 1690 797 1725 excubias
818 1703 899 1735 age—-

222 1742 317 1776 bant.
337 1737 443 1787 Apud
460 1742 648 1788 Virgilium
662 1768 671 1785 ,
690 1755 790 1777 versu
809 1744 870 1787 417
885 1769 895 1786 ‚

222 1801 319 1827 trans
347 1792 586 1828 Acherontem
606 1800 747 1828 antrum
771 1793 896 1834 habet,

222 1845 316 1880 unde
330 1848 457 1880 latratu
473 1845 614 1888 trifauci
619 1850 789 1889 personat.
799 1863 843 1872 ·-··
852 1846 901 1879 Et

224 1904 289 1931 tres
304 1904 367 1935 etc.
390 1896 590 1932 Commode
603 1896 763 1931 laudatur
780 1909 799 1931 a
812 1897 899 1931 Bur-

224 1962 375 1990 manno;
394 1948 566 1984 Lucianus
580 1975 589 1992 ‚
601 1948 638 1983 in
651 1949 877 1984 Hermotimo
891 1961 899 1984 ι

226 2006 290 2036 Καὶ
306 2003 402 2045 ᾳωνᾶς
422 2008 500 2049 τρεῖς
520 2002 587 2045 ἅμα
605 2005 695 2045 ἠφίει.

267 2053 308 2094 45
316 2066 327 2085 ι
335 2078 342 2085 .
353 2054 432 2086 'Nox
443 2052 565 2087 Furias
576 2065 649 2086 uno
664 2059 765 2098 partu
781 2052 898 2088 edidit.

225 2122 268 2129 —
281 2106 405 2144 Grave,
419 2105 563 2138 noxium
573 2111 609 2139 et
621 2105 773 2140 saeviens.
785 2106 901 2139 ——Im-

220 2157 399 2198 placabile,
417 2155 510 2200 quod
521 2167 594 2189 non
606 2156 687 2190 sinit
701 2169 736 2191 se
749 2157 900 2191 exorari:

226 2209 387 2252 ἀμείλιχον
405 2209 473 2258 ἦτορ
492 2211 615 2252 ἐ’χουσοι.
633 2209 782 2243 Homer.
807 2210 845 2244 Il.
861 2210 877 2243 Ῑ
889 2235 898 2252 ,

227 2260 300 2294 568.
315 2277 358 2285 --
377 2260 504 2294 Numen
520 2259 695 2294 collective
716 2260 759 2294 de
778 2261 898 2295 tribus.

225 2312 444 2351 -Carccris,
458 2310 594 2353 tartari,
613 2324 683 2356 quo
695 2311 900 2345 detinentur

226 2362 390 2396 scelerati.
402 2378 446 2388 —·
458 2362 551 2396 Ante
558 2362 655 2406 sores
668 2389 677 2403 ‚
701 2362 761 2396 ubi
779 2375 901 2397 earum

226 2413 324 2448 sedes
343 2427 350 2448 :
368 2413 436 2448 vid.
457 2414 588 2460 Heyn.‘
601 2413 644 2448 ad
664 2413 805 2448 AEneid.
823 2414 876 2449 VI
891 2441 900 2457 ,

231 2466 305 2499 280.
330 2483 373 2492 —-·
394 2467 605 2507 Adamana,
635 2467 750 2510 serm,
782 2466 902 2502 ferreis

228 2516 392 2551 claustris.
423 2518 516 2553 Nam
549 2521 671 2563 ἅδ’κμας
691 2518 830 2564 proprie
859 2518 902 2553 de

227 2569 331 2602 ferro.
353 2570 408 2604 ΙΙΙ
428 2571 519 2606 Fast.
541 2571 606 2606 805
621 2597 631 2614 ,
662 2583 706 2604 ex
725 2572 905 2605 adamanle

228 2623 363 2655 secans.
398 2621 582 2668 Quidquid
606 2622 735 2657 durum
766 2630 800 2657 et
825 2622 905 2657 satis

229 2672 407 2706 munitum
419 2681 470 2708 est
485 2700 494 2717 ,
512 2676 761 2709 adamantinum
776 2674 905 2709 Graecis

229 2729 264 2756 et
282 2723 412 2759 Latinis
437 2724 563 2760 dicitur
585 2739 592 2762 ;
619 2725 696 2762 vide
720 2726 834 2761 Graev.
861 2725 904 2760 ad

960 1169 1104 1205 Hesiod.
1126 1170 1220 1205 Scut.
1239 1183 1327 1204 vers.
1357 1170 1427 1205 136.
1449 1170 1545 1205 Male
1560 1169 1634 1217 igi-

959 1229 1018 1256 tur
1034 1221 1133 1256 Rode
1147 1248 1156 1265 ,
1175 1225 1239 1256 nn‘t
1260 1225 1363 1256 eiuem
1378 1223 1548 1256 Diarrmnt
1561 1234 1637 1256 ver-

958 1276 1141 1308 schlossen.
1157 1291 1201 1300 ·—·
1216 1275 1409 1309 pectebant.
1425 1271 1545 1307 Codex
1563 1273 1638 1308 Re-

961 1325 1034 1371 gius
1044 1327 1074 1361 B
1086 1352 1096 1370 ‚
1107 1328 1324 1370 spectabant5
1337 1332 1372 1359 et
1381 1337 1483 1370 supra
1495 1350 1506 1368 ‚
1518 1325 1560 1360 ab
1572 1324 1636 1359 alia

962 1391 1071 1413 manu
1081 1403 1090 1421 ,
1103 1380 1284 1422 pectebant
1289 1388 1302 1419 ,·
1330 1377 1397 1412 hoc
1411 1377 1524 1413 solum
1540 1377 1636 1413 acci-

962 1429 1142 1475 piendum.
1168 1431 1232 1463 Ed.
1252 1429 1366 1464 Furiae
1388 1429 1554 1474 temporis
1572 1427 1638 1463 sal-

962 1480 1057 1515 lendi
1075 1494 1175 1515 causa
1192 1493 1318 1525 angues
1332 1507 1340 1520 ,
1368 1492 1454 1525 quos
1475 1492 1540 1526 pro
1561 1480 1636 1514 cri—

962 1532 1077 1575 nibus,
1095 1539 1155 1566 aut
1165 1532 1317 1567 crinibus
1332 1532 1496 1577 implexos
1510 1531 1526 1578 (
1540 1531 1636 1577 Virg.

963 1583 1091 1629 Georg.
1114 1584 1168 1618 IV
1184 1610 1193 1627 ,
1212 1585 1273 1626 482
1287 1582 1302 1626 )
1320 1583 1512 1626 habebant,
1523 1588 1638 1626 pecte-

962 1638 1057 1676 bant,
1074 1641 1112 1668 ut
1122 1635 1234 1669 solent
1249 1634 1368 1668 otiosae
1378 1634 1490 1668 crines
1504 1647 1636 1668 curare.

963 1686 999 1722 ΙΙ
1014 1713 1023 1730 ,
1049 1700 1097 1720 12.
1113 1686 1219 1721 Foeda
1235 1686 1360 1731 imago.

1006 1741 1079 1783 454.
1101 1740 1246 1782 Quam...
1260 1741 1394 1772 umbras
1405 1765 1414 1778 ‚
1442 1745 1482 1773 ut
1507 1738 1637 1773 AEneas

963 1791 1144 1826 Didonem
1159 1790 1282 1836 Virgil.
1298 1790 1370 1834 VI,
1391 1792 1453 1834 452
1467 1816 1477 1834 ‚
1494 1790 1555 1825 ubi
1568 1804 1637 1826 ca—

962 1846 1076 1887 liginis·
1086 1842 1174 1877 illius
1183 1843 1271 1876 ratio
1283 1841 1498 1877 describitur.
1506 1843 1639 1876 —Sur—

964 1907 1074 1929 rexere
1086 1894 1122 1928 in
1132 1893 1305 1928 honorem
1314 1893 1530 1928 advenientis
1540 1892 1637 1928 Dee.

963 1964 1007 1971 —
1021 1946 1121 1980 Sedes
1135 1948 1307 1980 scelerata.
1329 1944 1451 1990 virgil.
1467 1943 1551 1978 AEn.
1563 1942 1618 1978 VI
1626 1969 1637 1988 ‚

967 1997 1029 2032 563
1039 2023 1048 2041 ‚
1060 2000 1252 2032 sceleratum
1259 1999 1357 2030 limen
1367 2007 1378 2038 ‚·
1391 1995 1506 2030 Tibul.
1514 1995 1551 2030 A
1552 1999 1640 2029 tsce-

963 2052 1071 2084 lerata
1078 2049 1182 2093 jacet
1193 2051 1289 2084 sedes
1300 2051 1335 2083 in
1350 2051 1445 2082 nocte
1454 2046 1641 2091 profunda.
1697 2083 1702 2089 1

1009 2101 1084 2145 456.
1106 2103 1416 2146 Visceraproebebal
1424 2107 1489 2135 etc.
1502 2099 1559 2134 De
1571 2112 1640 2145 poe-

965 2152 1018 2187 nis
1034 2152 1269 2188 infernalibus.
1283 2152 1378 2187 Fons
1389 2158 1425 2186 et
1435 2151 1564 2191 fundus
1574 2151 1642 2185 ha—

965 2218 1047 2240 rum
1061 2205 1255 2240 fabularum
1271 2212 1323 2240 est
1339 2205 1490 2239 Homeri
1505 2203 1574 2240 Od.
1586 2212 1617 2241 A
1629 2229 1639 2247 ,

967 2261 1029 2303 575
1040 2271 1113 2304 sqq.
1131 2272 1140 2299 ς
1161 2257 1264 2292 Cons.
1281 2258 1410 2292 Noster
1423 2256 1469 2291 ib.
1490 2258 1550 2301 175
1566 2268 1639 2300 sqq.

966 2311 1106 2346 Lucret.
1122 2311 1196 2354 III,
1214 2313 1279 2358 995
1294 2323 1367 2355 sqq.
1380 2336 1389 2353 ,
1405 2308 1448 2344 de
1464 2309 1550 2343 vivis
1565 2309 1640 2343 haec

966 2363 1132 2409 capienda
1149 2375 1220 2398 esse
1235 2369 1357 2397 monet
1369 2389 1379 2405 ,
1405 2368 1444 2395 ut
1470 2360 1639 2395 Tantalus

966 2414 1009 2449 sit
1025 2415 1139 2460 imago
1154 2414 1306 2449 hominis
1318 2412 1565 2458 superstitiosi,
1579 2412 1642 2446 Ti-

935 2502 940 2515 ,
967 2473 1044 2513 tyos
1059 2466 1254 2508 libidinosi;
1272 2465 1439 2513 Sisyphus
1456 2465 1640 2499 hominem

967 2518 1123 2564 designet
1137 2543 1145 2561 ‚
1175 2518 1233 2563 qui
1250 2518 1395 2564 imperia
1411 2518 1539 2552 frustra
1557 2528 1641 2551 am-

966 2569 1055 2611 biat3
1073 2582 1135 2614 per
1156 2569 1276 2604 Furias
1292 2576 1411 2604 autem
1436 2568 1640 2613 intelligen-

969 2622 1049 2656 dam
1076 2634 1146 2656 esse
1172 2621 1363 2666 impiorum
1382 2619 1638 2656 conscientiam.

967 2693 1011 2700 —
1035 2675 1172 2720 THyos,
1199 2674 1319 2708 Terrae
1349 2673 1458 2715 filius,
1486 2671 1545 2716 qui
1566 2670 1637 2704 vim

967 2724 1132 2761 intulerat
1149 2725 1291 2760 Latonae
1302 2750 1312 2768 ,
1334 2722 1431 2758 Jovis
1449 2720 1581 2767 pellici,
1600 2720 1634 2754 in
