1832 3100
429 229 1149 276 METAMORPHOSEON
1185 231 1319 275 LIB.
1353 229 1425 275 ΙΙ.

1562 244 1642 289 197

216 324 564 391 Sperantemque
587 322 676 371 sibi
694 341 786 371 non
810 321 930 371 falsae
953 322 1133 390 praemia
1154 321 1318 386 linguae
1333 361 1345 382 ‚

215 404 341 451 Inter
362 420 461 450 aves
485 399 607 450 albas
630 400 772 450 vetuit
795 401 1022 450 considere
1048 419 1243 448 corvum.

283 480 339 527 V.
367 478 554 527 Semifer
574 478 743 527 interea
767 478 925 527 divinae
952 478 1106 544 stirpis
1125 477 1304 526 alumno

216 557 506 614 Laetus.erat;
529 557 760 624 mixtoque
785 557 909 606 oneri
934 557 1157 620 gaudebat
1177 556 1364 604 honore.

218 640 335 688 Ecce
358 640 482 688 venit
504 639 651 688 rutilis
673 639 884 689 humeros
906 651 1109 707 protecta
1133 637 1304 706 capillis

1581 652 1623 685 63
1629 650 1648 682 :3

220 720 332 770 Filia
356 722 588 781 Centauri;
613 742 745 790 quam
770 722 993 790 quondam
1015 721 1224 789 Nympha
1250 719 1483 779 Chariclo,

218 803 439 852 Fluminis
459 804 509 853 in
529 805 673 872 rapidi
696 805 807 872 ripis
829 805 980 864 enixa,
1006 804 1178 853 vocavit

221 881 460 954 Ocyrhoen
482 907 492 936 :
511 907 605 936 non
627 887 720 937 haec
744 899 860 937 artes
882 899 1090 938 contenta
1108 898 1316 955 paternas

219 1030 448 1076 Auſsadzen‚
472 1033 513 1068 P.
532 1031 569 1076 Ι,
586 1045 619 1078 p.
641 1032 694 1066 33.
711 1031 901 1067 Habitabat
964 1044 1049 1067 mas.
1063 1031 1118 1066 De
1130 1033 1243 1066 rutila·-
1257 1029 1404 1076 capillis,
1421 1028 1501 1064 vide
1517 1028 1558 1064 ad
1576 1029 1653 1076 319.

219 1090 339 1119 autem
355 1083 493 1119 Chiron
506 1085 544 1119 in
557 1084 642 1131 jugo
656 1085 745 1120 Pelii
759 1086 900 1121 montis.

223 1134 363 1171 Gallim.
375 1137 410 1172 h.
423 1137 502 1172 Del.
519 1150 607 1172 vers.
627 1139 699 1181 104.

264 1188 342 1224 632.
357 1191 452 1224 Inter
461 1203 541 1225 aves
559 1193 671 1225 albas.
688 1191 813 1225 Vetuit
829 1203 902 1226 esse

222 1252 325 1275 avem
353 1241 490 1284 albam3
513 1242 576 1277 sed
596 1243 687 1277 bene
710 1245 900 1284 considere,

221 1293 342 1329 avibus
356 1294 454 1329 enim
464 1294 669 1330 tribuuntur
676 1297 783 1330 sedes.
799 1294 905 1330 Phae-

222 1344 296 1390 dri,
312 1346 329 1381 1
342 1372 352 1390 ,
369 1347 437 1382 sab.
449 1358 495 1382 111
506 1374 517 1391 ‚
540 1348 598 1390 133
613 1347 670 1382 ubi
687 1347 767 1383 vide
778 1347 903 1382 Burm.

265 1398 342 1433 633.
357 1398 501 1443 Semifer
510 1402 638 1434 interea
651 1406 715 1434 etc.
734 1401 902 1447 Ocyrhoe,

226 1448 394 1487 Chironis
418 1451 488 1486 filia
502 1478 512 1496 ‚
538 1464 612 1486 non
635 1459 802 1487 contenta
821 1452 905 1487 chi-

221 1502 399 1550 mrgicam
422 1510 536 1539 artem
565 1517 585 1538 a
603 1510 702 1549 patre
722 1503 880 1538 didicisse
893 1529 904 1547 ‚

220 1555 427 1591 futurorum
447 1555 556 1591 etiam
578 1555 759 1590 scientiam
785 1568 806 1590 a
828 1555 905 1590 Diis

221 1606 480 1653 impetraverat.
491 1606 563 1642 Sed
573 1620 682 1652 quum
691 1606 883 1655 *aliquando
892 1633 904 1651 ‚

220 1658 339 1695 invitia
362 1659 439 1695 Diis
451 1686 461 1703 ,
485 1667 522 1694 et
542 1659 632 1706 patri
647 1667 684 1694 et
703 1659 906 1705 AEsculapio

218 1711 349 1748 infanti
369 1713 439 1748 sata
463 1713 630 1748 instantia
648 1719 815 1757 caneret,
839 1726 905 1747 re-

219 1772 328 1811 pente
343 1777 511 1801 conversa
525 1772 578 1801 est
592 1765 631 1802 in
650 1778 789 1811 equam.
813 1765 904 1801 Vide

220 1819 356 1867 Hygia.
369 1820 412 1856 P.
426 1819 471 1855 Α.
486 1820 523 1856 ΙΙ
536 1846 547 1864 ,
568 1821 608 1856 ι8
619 1846 630 1864 ,
646 1820 707 1866 qui
720 1820 832 1855 varias
841 1819 906 1854 hu-

220 1871 279 1917 im
292 1871 419 1908 fabulae
433 1872 581 1912 formas,
602 1873 709 1908 etiam
726 1886 767 1907 ex
781 1873 905 1918 Eurip.

219 1924 427 1971 Melanippa
458 1932 493 1960 et
522 1924 739 1960 Callimacho
768 1927 878 1960 refert
895 1938 905 1968 ;

221 1983 301 2011 tum
324 1977 501 2013 Eratosth.
521 1978 572 2012 18.
598 1977 684 2012 Sine
708 1977 815 2012 dubio
835 1990 904 2011 ve-

223 2041 306 2063 rum
328 2029 487 2074 mulieris
511 2042 646 2064 nomen
672 2029 740 2064 suit
763 2031 878 2074 Hippo
895 2042 906 2063 :

221 2080 303 2116 vide
313 2081 380 2116 638
389 2107 400 2125 ,
411 2087 448 2117 et
456 2080 539 2117 inde
551 2081 814 2116 transformatio
825 2081 907 2117 ficta

223 2139 287 2168 est.
293 2132 493 2177 —Semfin
506 2134 588 2179 quia
595 2133 743 2168 inferior
751 2135 906 2180 corporis

223 2186 400 2232 pai-aseri,
420 2187 526 2232 equi,
549 2186 701 2231 figuram
721 2187 905 2223 referebat.

267 2238 345 2283 634.
368 2239 480 2274 Oneri.
505 2239 644 2284 Nempe
667 2237 903 2282 educationis;

223 2290 268 2326 de
278 2303 348 2337 qua
359 2295 539 2333 onerosior,
555 2292 608 2327 lx
621 2318 631 2336 ‚
648 2292 689 2338 67
695 2294 725 2327 5.
738 2291 906 2328 Chironis

221 2357 288 2392 ope
306 2345 526 2391 AEsculapius
540 2346 651 2381 sactus
666 2352 720 2381 est
733 2362 906 2398 χειρουργι-

220 2403 270 2439 κός
284 2406 320 2435 et
335 2406 494 2436 venator.
512 2399 676 2446 Apollod.
699 2400 756 2435 111
768 2426 778 2444 ,
795 2411 818 2434 x
838 2427 848 2444 ,
872 2401 904 2436 3.

219 2469 264 2477 --
277 2453 393 2493 Venit,
414 2452 554 2491 accessit
565 2452 607 2487 ad
620 2452 727 2498 patris
736 2459 879 2487 antrum
892 2479 903 2498 ,

218 2503 257 2538 in
267 2515 340 2549 quo
346 2503 472 2539 infans.
479 2522 526 2533 --
535 2506 704 2546 halecia,
716 2511 817 2540 tecta.
831 2504 906 2540 Ca·-

220 2554 320 2601 pillos
338 2554 489 2591 habehat
510 2569 645 2602 sparsos
662 2556 701 2591 in
722 2556 902 2601 humeris,

221 2620 323 2643 more
339 2608 616 2644 vaticinantium.
639 2608 697 2644 Cf.
713 2609 791 2655 673.
811 2609 841 2644 F
843 2615 905 2644 ast.

222 2660 241 2695 Ι
251 2686 263 2704 ,
276 2660 341 2695 503
350 2686 360 2704 ,
373 2660 418 2695 de
429 2658 622 2696 Carmenta
630 2686 640 2704 ,
649 2663 906 2705 onmeksekpup-

218 2717 290 2758 pim
306 2716 403 2748 stelit
410 2718 490 2748 ante
504 2714 650 2757 capille‘s.
659 2711 776 2747 Tibul.
787 2713 843 2756 11,
858 2724 882 2747 v
892 2738 902 2756 ,

225 2766 270 2801 65
285 2775 295 2799 ζ
309 2765 576 2811 Jaclaritsusas
587 2771 623 2801 et
635 2770 738 2811 capu!
749 2771 830 2802 ante
843 2779 906 2802 co-

1008 1084 1085 1119 636.
1106 1085 1273 1118 Chariclo.
1290 1083 1400 1118 MSS.
1417 1082 1520 1127 longe
1534 1081 1651 1127 pluri-

966 1136 1015 1170 mi
1034 1137 1208 1178 Chariclo,
1224 1134 1320 1181 quod
1336 1134 1534 1181 Naugerius
1546 1159 1555 1177 ‚
1574 1146 1653 1168 auc-

968 1188 1111 1223 toritate
1129 1187 1276 1223 Pindari
1296 1194 1332 1222 et
1353 1186 1469 1222 Schol.
1488 1186 1654 1232 Apollon.

952 1240 1013 1275 -ad
1042 1241 1059 1275 1
1077 1266 1086 1284 ‚
1119 1242 1207 1284 554,
1236 1240 1273 1274 in
1302 1240 1457 1274 Chariclo
1483 1238 1654 1281 mutavit,

969 1305 1123 1338 eumque
1145 1291 1284 1337 sequuti
1309 1291 1434 1336 reliqui
1457 1290 1632 1325 Editores.

1014 1345 1090 1380 638.
1112 1345 1299 1391 Ocythoen.
1316 1343 1375 1379 Sic
1386 1370 1395 1387 ,
1411 1343 1542 1379 inserta
1554 1343 1656 1377 litera

969 1398 992 1431 h
1004 1423 1012 1438 ,
1030 1396 1256 1432 scribendum
1273 1396 1483 1442 putavimus,
1504 1414 1549 1423 —
1567 1396 1655 1431 Haec

974 1451 1127 1496 Ocyrhoc
1147 1450 1216 1485 suit
1239 1449 1418 1497 nympha,
1439 1449 1590 1485 .Oceani
1618 1457 1654 1483 et

971 1501 1129 1549 Tethyos
1145 1501 1214 1536 filia
1225 1528 1234 1546 ,
1250 1502 1298 1536 sic
1315 1501 1406 1537 dicta
1423 1502 1465 1536 ab
1485 1503 1579 1544 ὠκὺς,
1596 1514 1656 1536 ce-

969 1558 1027 1596 ler,
1039 1563 1075 1590 et
1085 1558 1138 1606 ῥοὴ
1149 1558 1303 1600 ,fluxum
1316 1563 1369 1591 est
1379 1556 1476 1591 enim
1485 1555 1586 1591 velox
1594 1554 1658 1589 flu-

970 1607 1055 1643 vius.
1067 1609 1186 1643 Ed.-
1198 1609 1350 1655 Ocyrhoe
1360 1616 1424 1651 est,
1433 1608 1461 1643 si
1471 1608 1543 1642 vim
1557 1607 1657 1643 verbi

970 1666 1104 1704 spectes
1115 1686 1124 1703 ,
1138 1672 1216 1705 quae
1225 1659 1345 1705 rapide
1357 1659 1445 1695 fluit.
1463 1659 1578 1695 Causa
1590 1672 1656 1694 no-

970 1714 1076 1749 minis
1085 1713 1239 1757 additur,
1251 1715 1419 1750 Fluminis
1428 1718 1464 1748 1‘11
1471 1715 1655 1758 rapidietc.

972 1767 1068 1801 Male
1090 1766 1198 1812 igitur
1214 1766 1338 1802 Heius.
1360 1769 1476 1810 rapidi
1494 1767 1531 1801 in
1548 1768 1660 1810 palrt‘t

971 1825 1149 1854 mutatum
1159 1819 1310 1862 volebat,
1320 1826 1359 1853 ut
1369 1817 1466 1852 fluvii
1475 1817 1545 1852 filia
1553 1817 1657 1852 fuisse

971 1871 1185 1917 designetur.
1196 1870 1369 1917 Hygin.d.
1379 1870 1399 1903 l.
1411 1883 1419 1904 z
1429 1871 1609 1915 Euripides
1617 1873 1655 1903 ιἰι

970 1925 1170 1967 Mnalippa
1179 1948 1188 1966 ,
1199 1923 1333 1966 Htppen
1341 1949 1350 1963 ‚
1365 1924 1635 1969 Cheromirfiliam
1645 1946 1656 1965 ,

978 1977 1094 2010 Theon
1105 1980 1209 2010 antea
1217 1977 1422 2019 appellatam
1433 1978 1526 2011 dicit.
1538 1975 1657 2010 Etiam

975 2026 1143 2062 Clemens
1161 2027 1258 2062 Alex.
1276 2027 1309 2061 d.
1325 2027 1347 2062 l.
1365 2027 1495 2071 tradit,
1515 2027 1652 2072 Hippo-

972 2095 1058 2117 nem
1083 2082 1189 2117 fuisse
1223 2080 1391 2117 Chironis
1420 2080 1528 2116 filiam
1540 2107 1550 2125 ,
1578 2093 1656 2126 quae

972 2134 1079 2169 AEolo
1095 2134 1265 2180 nupserit.
1291 2152 1338 2161 -
1352 2134 1455 2169 Artes
1470 2138 1635 2177 paternas
1645 2159 1655 2173 ,

972 2186 1190 2222 Medicinam
1204 2212 1214 2230 ,
1233 2185 1498 2222 Astronomiam
1510 2212 1520 2230 ,
1539 2185 1657 2220 Musi-

971 2251 1059 2274 cam.
1077 2240 1144 2274 Ed.
1166 2257 1211 2265 -
1225 2241 1432 2274 Edfflcisse.
1455 2239 1655 2274 Burmann.

971 2304 1013 2327 ex
1026 2305 1100 2326 uno
1117 2291 1309 2335 Vossiano,
1326 2291 1560 2326 Addt'dtkisse.
1569 2290 1657 2324 Mox

971 2357 1037 2390 pro
1066 2346 1215 2380 canebat
1236 2357 1309 2386 hsce.
1340 2343 1450 2379 Palat.
1477 2344 1632 2377 movebat
1642 2368 1652 2383 ,

972 2396 1067 2442 quod
1083 2395 1275 2431 Gebhardo
1294 2396 1401 2442 Crep.
1418 2407 1467 2438 11,
1486 2396 1505 2429 5
1519 2420 1529 2438 ,
1547 2394 1656 2440 place·

956 2449 1042 2484 bat.
1057 2449 1224 2485 Occurrit
1236 2461 1320 2484 sane
1332 2448 1440 2483 etiam
1454 2446 1552 2491 Virg.
1568 2445 1653 2480 AEn.

971 2502 988 2537 Ι
997 2527 1006 2542 ,
1023 2501 1086 2536 252
1099 2527 1109 2545 ‚
1114 2501 1267 2545 satorum
1279 2513 1409 2534 arcana
1420 2501 1577 2540 moechm·
1594 2497 1656 2533 sed

971 2555 1040 2590 hoc
1050 2555 1191 2589 initium
1204 2561 1345 2590 tantum
1357 2554 1511 2588 satorum
1520 2564 1656 2587 canen-

972 2607 1101 2642 dorum
1118 2606 1311 2652 significat,
1337 2618 1453 2658 neque
1477 2604 1565 2639 adeo
1582 2604 1617 2639 h.
1633 2603 1655 2639 l.

971 2659 1148 2696 convenit.
1165 2659 1290 2695 Heius.
1307 2672 1349 2694 ex
1362 2658 1493 2694 Medic.
1511 2656 1653 2692 arride-

970 2713 1030 2749 bat
1046 2716 1202 2748 monebat
1211 2724 1223 2756 ,·
1241 2712 1337 2758 quod
1352 2712 1501 2748 verbum
1516 2717 1568 2746 est
1585 2723 1655 2744 va-

969 2772 1059 2801 tum.
1086 2766 1219 2803 Probat
1245 2766 1352 2802 etiam
1375 2766 1572 2801 Burmann.
1599 2762 1657 2796 cui
