1832 3100
287 285 367 312 122

591 308 596 312 .
652 270 702 312 P.
743 269 977 315 OVIDII
1019 268 1323 315 NASONIS

283 385 306 404 »
335 361 466 409 Dicta
489 360 643 419 resers;
670 362 759 411 alto
784 375 955 412 tantum
981 365 1173 431 suspiria
1196 364 1320 413 ducis

283 463 306 483 »
335 441 537 496 Pectore3
559 440 768 506 quodque
793 460 931 489 unum
955 453 1106 507 potes,
1133 442 1188 490 ad
1211 461 1306 490 mea
1327 441 1462 490 verba
1481 441 1687 504 remugis.

285 540 308 559 »
336 517 398 564 At
422 516 503 565 tibi
527 535 608 579 ego
635 517 816 579 ignarus
842 518 1058 566 thalamos
1083 519 1304 585 taedasque
1328 519 1567 585 parabam;

286 616 308 635 »
334 594 532 660 Spesque
551 594 638 641 fuit
665 594 813 656 generi
835 594 944 642 mihi
966 596 1133 661 prima,
1160 595 1349 644 secunda
1375 606 1604 661 nepotum.

286 692 309 713 »
335 671 402 718 De
418 689 548 732 grege
562 689 680 717 nunc
695 670 777 717 tihi
792 671 870 728 vir,
884 691 1002 719 nunc
1018 672 1070 719 (le
1090 691 1219 734 grege
1235 683 1366 719 natus
1377 671 1623 720 habendus.
1638 685 1706 720 660

286 768 309 789 υ
334 749 425 794 Nec
449 746 575 795 finire
598 746 701 796 licet
724 760 871 796 tantos
895 749 1005 797 mihi
1028 762 1171 798 morte
1196 749 1372 797 dolores
1393 769 1403 797 ε

286 847 308 867 »
337 824 422 872 Sed
446 837 578 874 nocet
601 844 694 874 esse
720 827 890 882 Deun1;
915 825 1214 893 praeclusaque
1236 826 1370 891 janua
1393 824 1471 873 leti

286 924 308 944 »
336 902 569 950 AEternum
592 915 773 952 nostros
791 903 938 953 luctus
963 904 1162 954 extendit
1185 904 1231 951 in
1253 905 1420 952 aevum!
1447 925 1470 946 »

280 978 404 1026 Talia
429 981 630 1028 moerenti
654 981 854 1030 stellatus
878 983 1115 1031 submovet
1134 984 1310 1045 Argus,

283 1056 581 1122 Ereptamque
603 1058 719 1123 patri
743 1059 913 1107 diversa
934 1059 982 1106 in
1005 1078 1168 1125 pascua
1192 1069 1342 1106 natam

1641 1068 1708 1102 665

283 1133 518 1182 Abstrahit
540 1154 549 1182 ε
575 1134 670 1203 ipse
691 1136 850 1202 procul
872 1137 1039 1185 montis
1065 1137 1257 1184 sublime
1280 1154 1490 1184 cacumen

290 1210 494 1276 Occupat
509 1248 520 1268 ‚
546 1211 665 1259 unde
690 1212 846 1260 sedens
870 1225 1017 1279 partes
1042 1212 1296 1279 speculetur
1316 1212 1364 1259 in
1385 1229 1551 1260 omnes.

348 1288 440 1335 Nec
464 1287 686 1354 Superum
707 1302 853 1338 rector
874 1289 988 1337 mala
1012 1300 1133 1338 tanta
1155 1287 1442 1336 Phoronidos
1464 1285 1582 1335 ultra

327 1428 401 1463 656.
412 1430 531 1465 Ducis.
548 1430 672 1466 Heins.
683 1444 724 1465 ex
733 1444 806 1465 uno
820 1431 964 1474 Medic„

284 1492 357 1513 uno
373 1480 494 1524 Basi1.,
514 1494 586 1515 uno
599 1495 662 1516 suo
675 1508 684 1525 ,
696 1486 823 1526 prodis.
841 1484 967 1517 Revo-

285 1531 359 1565 cavi
380 1534 493 1574 ducis,
515 1546 533 1567 e
552 1533 661 1568 MSS.
677 1534 780 1579 longe
797 1535 968 1580 plurimis.

287 1583 385 1629 Virg.
404 1583 487 1618 AEn.
501 1585 555 1625 II,
577 1587 970 1630 288zgrauslcrgem17us

286 1637 353 1669 imo
367 1637 546 1679 depectere
559 1639 692 1673 ducens.
716 1638 762 1672 Et
774 1638 821 1673 sic
831 1639 968 1683 passim.

332 1688 407 1723 658.
418 1690 578 1733 Ignarus,
592 1690 698 1724 talem
710 1697 743 1725 te
754 1698 886 1726 sortem
898 1705 969 1726 ma-

289 1753 375 1775 nere
393 1754 401 1776 :
425 1743 504 1777 vide
532 1743 574 1778 ad
602 1745 657 1780 111
668 1770 678 1787 ‚
703 1744 735 1778 3.

334 1793 410 1840 659.
429 1796 624 1829 Generietc.
636 1795 726 1830 Vide
735 1809 782 1831 vs.
793 1797 853 1840 481
861 1822 870 1839 ,
884 1797 946 1839 482
959 1808 968 1837 ;

291 1849 346 1879 νίν
358 1847 465 1881 etiam
483 1847 527 1882 de
545 1855 645 1882 tauro
658 1875 667 1892 ,
695 1856 734 1883 ut
759 1849 882 1894 virgil.
899 1849 971 1883 Ecl.

294 1897 380 1941 VII,
394 1913 410 1944 7
423 1914 431 1941 ;
443 1899 486 1934 de
495 1912 600 1946 capro
608 1904 759 1942 maritus,
778 1902 869 1947 apud
882 1901 972 1936 Hor.

294 1951 311 1984 Ι
323 1976 332 1994 ,
355 1950 424 1987 Od.
438 1963 518 1986 xvu
529 1980 538 1993 ‚
561 1967 590 1998 7.
603 1953 743 1988 Abusus
755 1962 806 1988 est
818 1954 973 2000 ingenio.

336 2004 411 2039 662.
432 2007 552 2042 Deum.
575 2007 700 2042 Heins.
720 2007 860 2051 mallet,
886 2010 973 2043 Deo.

1034 1430 1123 1466 Cod.
1151 1431 1195 1465 R.
1216 1431 1257 1466 B.
1282 1431 1458 1464 Submovet
1478 1435 1614 1475 patrem
1637 1440 1713 1463 ma·-

1032 1489 1155 1518 renlem
1166 1511 1174 1524 ‚
1197 1491 1232 1518 et
1246 1485 1415 1517 abstrahit
1428 1487 1544 1517 natam
1558 1486 1714 1527 ereptam.

1032 1554 1076 1562 —-
1094 1537 1255 1569 stellatus
1266 1562 1273 1575 ‚
1300 1534 1480 1569 distinctus
1497 1534 1604 1569 oculis
1615 1537 1715 1577 ‚tan-

1034 1600 1141 1633 quam
1154 1587 1278 1621 caelum
1289 1586 1393 1621 stellis
1407 1599 1416 1620 :
1434 1585 1468 1615 V
1481 1612 1490 1629 ,
1509 1586 1570 1629 461
1583 1612 1593 1629 ,
1609 1589 1716 1620 variis

1032 1642 1189 1674 stellatus
1204 1651 1342 1682 corpora
1355 1640 1472 1681 guttis.
1494 1636 1617 1682 Virgil.
1631 1636 1715 1671 AEn.

1035 1691 1089 1726 IV
1102 1717 1111 1734 ‚
1132 1691 1191 1724 261
1212 1700 1220 1722 ε
1236 1692 1393 1724 stellatus
1408 1690 1541 1733 iaspide
1555 1691 1656 1724 ensis.
1672 1708 1717 1715 —

1035 1746 1216 1779 Submovet.
1226 1742 1343 1776 Valer.
1354 1754 1362 1776 :
1373 1745 1410 1776 in
1418 1743 1573 1786 scopulos
1582 1746 1717 1776 etmon-

1034 1798 1115 1830 strls
1130 1796 1265 1829 horrida
1277 1796 1385 1828 lustra
1397 1796 1515 1838 abigit.

1080 1847 1154 1881 666.
1177 1848 1255 1890 Ipse
1264 1849 1395 1890 procul.
1417 1846 1555 1890 Prope;
1580 1844 1718 1879 namin

1037 1900 1277 1945 propinquum
1302 1905 1464 1933 montem
1487 1896 1692 1932 ascenderat
1707 1923 1718 1940 ,

1038 1951 1132 1986 unde
1151 1951 1276 1986 sedens
1292 1951 1329 1985 in
1349 1963 1462 1985 omnes
1478 1953 1594 1994 parles
1618 1960 1719 1994 spec-

1039 2010 1137 2038 taret.
1149 2003 1208 2038 Sic
1223 2002 1317 2047 Virg.
1329 2002 1448 2047 Eclog.
1460 2002 1514 2036 VI
1525 2027 1535 2044 ,
1554 2000 1612 2036 16:
1625 2001 1721 2034 Serta

293 2073 337 2080 —
351 2057 467 2091 Janua
484 2060 564 2099 leti,
592 2072 693 2094 causa
716 2066 752 2093 et
766 2059 821 2093 via
841 2059 973 2095 mortis.
1031 2059 1157 2102 procul
1160 2061 1288 2091 lantum
1299 2057 1561 2100 capt'lidelapsa.
1574 2053 1640 2088 Ed.

296 2108 438 2143 Praeivit
451 2109 591 2145 Lucret.
608 2113 625 2146 I
637 2137 646 2154 ‚
670 2125 682 2145 1
693 2115 754 2146 105
771 2121 779 2143 ε
795 2114 867 2146 hoec
879 2115 976 2147 rebus

293 2163 359 2194 erit
369 2173 453 2204 pars
457 2162 570 2204 janua
580 2165 647 2197 leti.
662 2164 789 2198 Noster
799 2164 854 2198 111
871 2164 979 2200 Trist.

294 2221 326 2245 11
337 2238 346 2254 ‚
366 2213 408 2249 30
423 2226 431 2247 :
446 2216 599 2248 intentus
603 2214 710 2259 fores.
726 2214 824 2260 Virg.
837 2215 978 2250 AEneid.

298 2264 333 2312 ῌ
349 2290 358 2307 ,
378 2264 439 2299 661
460 2278 468 2299 :
479 2270 579 2309 patet
592 2269 656 2299 isti
663 2267 778 2310 janua
793 2269 860 2300 leto
870 2294 878 2308 ‚
908 2268 930 2301 i.
947 2281 977 2302 e.

297 2315 341 2349 ad
357 2316 462 2351 talem
479 2324 633 2352 mortem
644 2318 685 2352 ab
697 2318 795 2353 hoste
812 2319 979 2364 accipien-
1011 2317 1013 2319 ¹

298 2368 381 2403 dam
405 2370 511 2405 facilis
533 2378 584 2405 est
607 2371 661 2404 via
681 2384 688 2405 :
708 2370 777 2405 vid.
797 2370 912 2405 Cerda
935 2372 979 2405 ad

298 2420 333 2455 h.
346 2422 367 2455 l.
386 2422 458 2456 Sed
474 2423 605 2458 Inacho
610 2426 782 2467 pra-clusa
790 2428 865 2457 erat
864 2424 980 2466 janua

298 2477 366 2508 leti.
384 2474 564 2510 Caeterum
582 2488 677 2510 mors
689 2502 699 2519 ‚
720 2482 889 2521 tanquam
904 2476 980 2509 uni-

299 2539 381 2560 cum
403 2527 440 2561 in
458 2527 556 2562 malis
578 2527 799 2571 remedium,
826 2528 980 2574 Tragicis

301 2579 419 2624 graecis
436 2579 616 2615 dicebatur
633 2584 731 2630 ἰατρὸς
742 2607 751 2623 ,
768 2582 872 2616 παιάν.
887 2580 979 2615 Vide

301 2630 450 2665 Valken.
472 2631 515 2665 ad
532 2632 654 2677 Eurip.
677 2633 783 2678 Hipp.
804 2633 897 2678 1372.
924 2631 980 2667 Cf.

303 2680 428 2716 Senec.
445 2682 570 2728 Agam.
588 2687 651 2731 579
668 2697 742 2729 sqq.

346 2736 422 2779 664.
447 2738 613 2771 Moerenti.
645 2737 791 2782 Repone
818 2737 983 2771 audacter

301 2788 501 2831 Maerentem,
514 2789 641 2823 scilicet
653 2796 800 2834 patrem,
811 2801 851 2822 ex
860 2795 982 2822 nostro

1082 2110 1158 2154 667.
1178 2109 1371 2153 Speculetur
1391 2119 1456 2154 pro
1475 2109 1669 2150 speculatur
1680 2106 1720 2140 in

1042 2174 1117 2196 uno
1134 2161 1264 2196 Medic.
1282 2174 1301 2195 a
1323 2160 1438 2206 prima
1460 2171 1571 2193 manu
1591 2158 1724 2204 reperit

1044 2214 1168 2248 Heins.
1182 2214 1236 2248 Ita
1248 2213 1432 2248 consilium
1447 2211 1640 2252 indicatur,
1659 2221 1724 2244 cur

1043 2272 1205 2300 montem
1211 2264 1439 2310 occupaverit.
1450 2281 1495 2290 -·
1505 2261 1622 2300 Nostri
1633 2260 1723 2296 Cod.

1043 2322 1241 2363 speculatur.
1252 2337 1296 2343 —-
1306 2320 1427 2352 Partes
1437 2343 1445 2357 ‚
1459 2315 1619 2361 regiones
1629 2340 1638 2358 ‚
1650 2327 1726 2358 spe-

1044 2374 1190 2412 culetur,
1222 2371 1362 2416 proprie
1383 2368 1519 2403 locutus
1536 2374 1588 2402 est
1602 2381 1610 2409 ;
1642 2379 1727 2400 nam

1044 2436 1147 2458 mons
1163 2450 1172 2466 ,
1197 2422 1292 2456 unde
1311 2421 1386 2467 quis
1402 2426 1601 2466 prospectat
1613 2445 1624 2463 ‚
1651 2431 1730 2462 spe-

1045 2478 1123 2510 cula
1139 2475 1278 2509 dicitur.

1089 2528 1177 2562 668-
1184 2528 1256 2571 723.
1267 2522 1502 2578 Necffuperum
1511 2530 1575 2559 etc.
1589 2523 1731 2568 Jupiter

1045 2579 1154 2614 mittit
1170 2578 1391 2614 Mercurium
1408 2577 1451 2612 ad
1464 2576 1602 2622 Argum
1619 2576 1730 2610 truci-

1046 2631 1225 2671 dandum3
1254 2643 1325 2675 quo
1347 2630 1438 2664 sacto
1465 2627 1664 2663 Mercurius
1688 2627 1727 2660 in

1048 2684 1244 2731 AEgyptum
1263 2681 1452 2727 profugisse
1466 2706 1475 2724 ,
1502 2679 1619 2724 ibique
1636 2678 1729 2723 leges

1047 2743 1083 2770 et
1106 2736 1221 2769 literas
1251 2733 1406 2768 docuisse
1441 2730 1591 2766 traditur
1610 2755 1619 2773 ,
1654 2728 1731 2763 Cic.

1049 2787 1093 2822 N.
1107 2786 1154 2820 D.
1166 2787 1241 2828 ΙΙΙ,
1262 2799 1314 2820 22.
1332 2785 1389 2819 Ab
1407 2796 1450 2818 eo
1466 2782 1619 2818 facinore
1636 2780 1730 2815 Grae-
