1832 3100
381 252 1104 321 *METAMORPHOSEON
1135 255 1266 299 LIB.
1303 257 1375 300 11.

1525 256 1604 300 163

172 347 413 399 Flumineae
432 347 638 397 volucres
661 348 810 397 medio
836 347 1006 398 caluere
1032 349 1233 415 Caystro.

173 425 304 476 Nilus
326 425 375 475 in
395 437 642 475 extremum
665 425 782 490 fugit
805 426 1067 493 perterritus
1089 426 1242 475 orbem
1257 463 1269 484 ,

176 505 474 574 occuluitque
498 517 658 574 caput,
684 505 805 573 quod
830 505 974 555 adhuc
998 504 1107 554 latet
1127 524 1137 553 ε
1163 504 1276 553 ostia
1298 516 1467 571 septem

1543 521 1608 554 255

174 588 489 639 Pulverulenta
511 600 688 648 vacant,
713 600 883 655 septem
908 587 1002 637 sine
1024 587 1205 636 flumine
1229 585 1377 636 valles.

175 672 286 721 Fors
309 671 461 721 eadem
484 672 693 721 Ismarios
718 672 924 720 Hebrum
948 690 1049 720 cum
1075 671 1308 738 Strymone
1327 670 1481 729 siccat,

175 755 508 823 Hesperiosque
521 774 684 815 amnes,
699 755 924 815 Rhenum,
941 754 1314 821 Rhodanumque,
1332 754 1606 822 Padumque,

167 907 245 939 pas.
267 893 408 930 Callim.
424 894 459 930 h.
477 893 557 929 Del.
574 896 642 929 250
655 920 665 938 ,
686 894 790 942 cygni
807 894 857 929 di-

173 953 304 982 cuntur
339 948 522 982 Maeonium
555 948 733 982 Pactolum
767 946 858 981 reli-

174 997 298 1044 quisse.
315 998 466 1033 Moeonia
482 998 581 1033 enim
603 1011 682 1044 pars
699 998 860 1044 superior

174 1050 295 1099 Lydiae
307 1050 346 1086 in
362 1064 431 1097 qua
447 1051 596 1086 Tmolus
613 1059 649 1086 et
663 1052 741 1086 sons
755 1050 860 1098 Cays-

174 1105 219 1139 tri
237 1103 343 1139 :vide
365 1104 560 1150 Spanhem.
588 1104 631 1139 ad
653 1103 859 1139 Callimach.

174 1155 268 1191 dicto
292 1156 379 1191 loco.
398 1175 444 1182 -
472 1157 645 1197 Carmine,
667 1163 795 1199 cantu,
821 1162 861 1190 ut

175 1209 209 1244 X
219 1235 228 1252 ‚
244 1209 329 1252 453:
346 1210 388 1244 cs.
404 1210 452 1253 V,
476 1210 541 1245 386
554 1223 579 1245 s.
597 1211 771 1244 Celebrate
784 1223 861 1244 car-

176 1265 284 1301 mine,
313 1261 519 1306 frequentes
540 1268 664 1296 cantus
688 1274 860 1296 exercere.

180 1311 317 1348 Cantus
338 1326 425 1360 vsero
441 1326 635 1362 cycnorum
652 1314 755 1360 longe
772 1327 861 1349 sua-

176 1365 336 1401 vissimus
346 1365 552 1412 perhibetur
562 1392 572 1411 ,
592 1366 688 1401 unde
705 1366 779 1401 haec
791 1366 861 1402 avis

178 1418 332 1464 Apollini
348 1430 445 1453 sacra
460 1426 495 1453 et
511 1422 646 1466 μελῳθὲς
661 1417 762 1454 dicta.
780 1418 862 1453 Du-

174 1471 333 1508 hicat-unt
360 1478 481 1507 tamen
501 1472 575 1517 jam
594 1471 690 1506 inter
711 1471 861 1507 Veteres

174 1525 359 1570 nonnulli,
373 1539 444 1562 v.c.
461 1525 591 1562 AElian.
607 1526 691 1561 Var.
710 1525 800 1561 Hist.
818 1539 830 1560 1
848 1553 857 1570 ‚

178 1580 218 1622 ¹4
227 1604 238 1623 ,
252 1590 295 1613 an
309 1578 411 1627 cycni
422 1585 568 1613 cantum
578 1577 704 1621 edant3
715 1578 777 1613 sed
788 1577 858 1614 vid.

173 1630 316 1666 Ernesti
341 1630 386 1666 ad
410 1629 669 1665 Callimachum
684 1657 694 1675 ,
721 1630 858 1679 hymno

171 1682 287 1729 Apoll.
307 1687 326 1719 5
338 1709 348 1727 ,
370 1682 431 1718 ubi
449 1682 636 1718 Vidalinus
652 1690 773 1718 narrat
785 1710 795 1728 ,
823 1697 859 1719 se

168 1737 206 1772 in
221 1735 373 1772 lslandia
385 1749 461 1772 uon
475 1749 557 1773 raro
571 1743 716 1772 cantum
730 1750 860 1785 cycno-

168 1803 250 1825 rum
259 1789 365 1837 longe
376 1790 620 1826 suavissimum
629 1793 768 1826 summa
776 1804 859 1826 cum

168 1841 346 1888 voluptate
359 1841 531 1878 audivisse
548 1857 557 1885 3
573 1842 658 1878 illud
675 1842 784 1878 modo
795 1856 858 1878 ne-

170 1903 227 1942 gat
239 1923 248 1938 ‚
268 1908 329 1931 eos
346 1896 455 1931 morti
472 1896 605 1931 vicinos
621 1909 759 1932 canere.

213 1948 288 1985 253.
315 1950 496 1984 Flumineae
519 1952 681 1985 volucres.
717 1949 833 1998 Cycni
847 1977 857 1995 ‚

170 2001 230 2046 qui
240 2001 445 2047 frequentes
454 2001 491 2036 in
502 2008 578 2036 toto
590 2001 649 2036 illo
660 2001 754 2037 Asiae
767 2009 861 2037 trac-

170 2060 210 2088 tu
222 2054 436 2088 commorari
447 2054 625 2089 solebant:
638 2054 749 2089 Hom.
767 2054 806 2089 Il.
821 2061 858 2099 B,

170 2104 255 2149 4603
268 2104 366 2151 Virg.
378 2105 509 2151 Georg.
522 2105 550 2146 Ι,
563 2105 627 2140 383
637 2118 710 2151 sqq.
726 2120 734 2148 ;
748 2105 858 2142 Dion.

173 2156 269 2192 Alex.
280 2157 355 2192 833.
370 2156 459 2193 Inde
471 2160 573 2196 κύκνος
584 2163 729 2204 Kadag-pou
741 2184 751 2201 ,
766 2157 859 2204 apud

172 2209 387 2244 Anacreont.
408 2208 506 2257 hym.
529 2208 646 2255 Apoll.
664 2211 695 2243 8.
723 2209 859 2245 Amant

171 2267 291 2296 autem
308 2261 408 2309 cycni
418 2264 578 2306 flumina.
603 2261 696 2297 Vide
716 2263 790 2310 379.
815 2281 860 2289 —

172 2314 322 2360 Cayster,
340 2325 360 2348 e
375 2312 640 2360 Cilbianisjugis
647 2314 773 2358 oritur,
782 2327 858 2350 non

159 2366 292 2418 *procul
307 2379 326 2402 a
340 2367 471 2402 Tmolo
484 2375 607 2404 monte
620 2395 629 2413 ,
650 2369 799 2417 Lydiam
814 2369 859 2404 ir-

167 2420 257 2467 rigat
269 2446 279 2464 ,
293 2427 373 2455 tum
383 2420 567 2467 Ephesum
580 2422 697 2466 alluit,
711 2423 857 2458 tandem

166 2473 203 2507 in
222 2485 319 2508 mare
347 2473 560 2524 infunditur.
584 2474 712 2510 Strabo
737 2476 854 2522 XIII,

169 2539 201 2572 p.
219 2526 294 2562 626.
314 2526 405 2561 Plin.
424 2527 518 2562 Hist.
534 2529 616 2564 Nat.
635 2528 668 2560 V
681 2555 691 2573 ‚
711 2542 763 2576 29·

210 2582 285 2624 254.
303 2581 407 2615 Nilus
421 2584 459 2615 1⁰11
474 2586 655 2616 extremum
657 2610 720 2618 ......
735 2585 854 2619 orbem.

167 2632 346 2668 Brouckh.
358 2633 402 2668 ad
414 2634 578 2681 Propert.
588 2635 624 2670 11
636 2662 645 2679 ‚
659 2635 834 2682 Eleg.x111
843 2662 853 2680 ‚

167 2687 210 2730 4ο
222 2712 232 2730 ,
250 2694 376 2722 monet
391 2714 400 2730 ‚
428 2687 577 2723 Veteres
593 2701 657 2734 per
675 2694 856 2723 extremum

166 2740 275 2773 orbem
289 2738 496 2781 intellexisse
510 2740 706 2788 AEgyptum
721 2767 730 2784 ,
749 2752 856 2786 quam

171 2788 207 2824 in
223 2802 301 2827 rem
313 2791 431 2827 laudat
447 2792 553 2828 etiam
568 2792 665 2828 hunc
680 2793 742 2828 loc.
760 2793 854 2827 Male

924 901 1128 939 utrumque.
1140 893 1286 928 Etenim
1299 906 1423 928 omnes
1430 901 1541 929 terras
1551 902 1611 930 aut

923 946 1174 981 remotissimas
1186 973 1195 990 ,
1216 953 1275 981 aut
1294 945 1442 980 Oceano
1459 954 1609 981 conter-

924 1000 1038 1035 minas
1050 1027 1059 1044 ,
1082 1000 1238 1034 Romani
1257 1004 1438 1034 extremum
1455 1008 1514 1034 aut
1531 1003 1615 1035 ulli-

925 1067 1012 1088 mum
1022 1055 1133 1087 orbem
1146 1052 1311 1088 dixerunt
1324 1078 1333 1095 ,
1351 1065 1383 1088 v.
1401 1066 1430 1087 c.
1448 1053 1587 1088 Indiam
1603 1081 1612 1097 ‚

927 1107 1052 1141 Amor.
1090 1107 1147 1149 ΙΙ,
1181 1118 1220 1140 Vl
1235 1133 1243 1148 ‚
1271 1106 1314 1140 38
1332 1121 1341 1148 ;
1378 1106 1534 1141 Pontum
1557 1134 1566 1151 ,
1596 1108 1612 1142 Ι

927 1158 1032 1193 Trist.
1053 1169 1088 1202 Ι,
1114 1171 1197 1205 127;
1223 1158 1301 1202 ΙΙΙ,
1324 1169 1362 1201 1,
1390 1161 1455 1200 50;
1479 1159 1611 1205 Hispa-

926 1211 1023 1245 niam
1040 1237 1049 1254 ,
1065 1210 1195 1245 Lucan.
1210 1211 1284 1245 VII
1296 1237 1305 1254 ,
1320 1212 1392 1254 541.
1409 1211 1534 1256 Neque
1547 1211 1615 1247 hoc

927 1263 1001 1309 ipso
1018 1262 1095 1297 loco
1109 1262 1280 1310 AEgyptus
1299 1263 1527 1308 intelligenda
1543 1271 1612 1308 est,

927 1315 987 1350 sed
1004 1314 1184 1360 AEthiopia
1199 1342 1207 1355 ‚
1236 1314 1330 1349 unde
1353 1315 1392 1349 in
1417 1315 1615 1363 AEgyptum

927 1370 1032 1404 Nilus
1039 1367 1194 1414 profluit.
1204 1367 1480 1416 EtiamAEschyl.
1491 1370 1613 1406 Prom.

927 1421 992 1455 813
1002 1447 1012 1465 ‚
1029 1420 1249 1466 AEthiopiam
1262 1427 1364 1455 vocat
1373 1424 1514 1471 τηλουρόν
1534 1431 1591 1467 γῆν
1605 1449 1613 1465 ‚

926 1473 985 1508 uhi
997 1486 1028 1508 v.
1041 1474 1194 1508 Schuetz.
1212 1472 1284 1507 Sed
1299 1473 1489 1508 Veteribus
1502 1474 1615 1520 ignoti

926 1532 1029 1561 erant
1037 1527 1152 1560 sontes
1166 1525 1237 1560 Nili
1249 1539 1256 1567 ;
1269 1524 1364 1559 unde
1375 1551 1384 1568 ,
1396 1528 1547 1560 occului!
1556 1539 1615 1561 ca-

919 1583 998 1623 pul,
1016 1580 1227 1624 quodadhuc
1239 1580 1346 1620 Μία,-
1363 1578 1489 1622 quibus
1497 1580 1613 1613 verbis

925 1630 1091 1676 expressit
1114 1629 1243 1665 Tibull.
1269 1630 1286 1665 I
1301 1656 1310 1673 ,
1338 1641 1394 1664 vn
1409 1654 1418 1672 ,
1447 1630 1488 1664 23
1508 1644 1516 1666 :
1537 1633 1616 1666 Nile

918 1688 1036 1728 paler,
1055 1697 1200 1730 quanam
1210 1697 1350 1729 possum
1367 1689 1400 1719 le
1414 1686 1525 1720 dicere
1536 1699 1613 1720 cau-

923 1751 984 1779 sa,
1005 1739 1081 1773 Aut
1093 1741 1213 1783 quibus
1229 1741 1264 1773 in
1281 1742 1379 1772 terris
1394 1764 1403 1782 ,
1426 1741 1615 1773 occulmtrsc

924 1796 1028 1836 caput
1039 1794 1059 1828 ,Ρ
1082 1790 1238 1825 Fontem
1263 1791 1335 1826 Nili
1353 1803 1510 1836 quaerere
1527 1791 1611 1826 olim

923 1844 1019 1880 inter
1049 1857 1177 1890 magna
1205 1844 1424 1890 problemata
1450 1844 1613 1883 relatum.

924 1897 1061 1935 Nostris
1072 1897 1289 1943 temporibus
1299 1924 1308 1940 ,
1321 1899 1433 1932 Brucc
1446 1900 1594 1944 penetra
1603 1920 1614 1925 -

923 1950 972 1984 vit
990 1949 1032 1984 ad
1050 1957 1120 1984 tres
1134 1949 1210 1994 ejus
1226 1949 1342 1984 sontes
1357 1949 1393 1984 in
1414 1949 1612 1998 Abyssinia.

968 2003 1043 2036 255.
1075 2002 1185 2045 Caput
1206 2000 1304 2035 fluvii
1330 2008 1382 2036 est
1406 2001 1507 2046 sons,
1535 2015 1611 2036 non

924 2053 1053 2088 ostium
1063 2079 1073 2098 ,
1082 2060 1122 2088 ut
1132 2053 1274 2099 quidam
1284 2061 1465 2100 putarunt.
1474 2054 1531 2090 De
1540 2068 1612 2100 sep-

922 2110 987 2140 !em
996 2108 1104 2147 ostiis,
1113 2105 1182 2140 vid.
1192 2106 1307 2141 strab.
1316 2107 1439 2152 XVII,
1449 2107 1525 2142 init.
1536 2108 1611 2142 Ho-

923 2159 979 2194 die
991 2158 1062 2194 duo
1075 2166 1216 2196 tantum
1230 2167 1365 2195 restant
1381 2161 1587 2207 navigabilia
1598 2189 1606 2205 ,

923 2225 1077 2258 quorum
1085 2212 1185 2247 alteri
1198 2211 1334 2258 adjacet
1351 2214 1491 2248 Rosa-lle
1502 2241 1510 2254 ‚
1525 2213 1609 2248 olim

924 2263 1091 2311 Canopus
1103 2291 1112 2309 ,
1123 2264 1223 2299 alteri
1234 2266 1425 2308 Damfette,
1439 2265 1525 2299 olim
1540 2267 1589 2300 Pe
1599 2284 1609 2289 -

920 2317 1113 2354 lusium.—
1130 2320 1283 2361 Vacanl,
1302 2332 1409 2355 vacua
1422 2346 1431 2364 ,
1445 2319 1610 2354 destituta

921 2378 1004 2405 sunt
1021 2370 1129 2416 aquis.

964 2427 1039 2471 257.
1055 2425 1203 2458 Hebrum
1222 2438 1295 2459 cum
1314 2425 1495 2470 Slrsmone.
1527 2423 1612 2458 Hc·-

919 2476 1002 2511 brus
1017 2483 1053 2510 et
1062 2476 1235 2524 Strymon
1246 2476 1342 2510 fluvii
1354 2475 1514 2511 Thraciae
1524 2503 1534 2520 ,
1548 2476 1611 2522 qui

919 2530 956 2564 in
983 2542 1081 2564 mare
1106 2530 1261 2576 AEgeum
1290 2528 1476 2574 defluunt,
1506 2530 1564 2565 hic
1589 2543 1609 2564 e

918 2581 1063 2626 Pangeo
1081 2588 1204 2615 monte
1220 2608 1228 2624 ‚
1258 2581 1313 2615 ille
1338 2594 1379 2615 ex
1404 2581 1544 2616 Haemo.
1563 2600 1608 2607 —-

919 2637 1081 2669 Ismarios
1092 2662 1100 2675 ,
1118 2634 1152 2669 id
1165 2641 1216 2669 est
1228 2634 1416 2670 Thracicos
1429 2650 1437 2678 3
1456 2649 1541 2670 nam
1554 2638 1612 2669 Is-

918 2702 1031 2723 marus
1047 2701 1151 2724 mons
1164 2688 1325 2724 Thraciae
1339 2717 1347 2734 ,
1369 2689 1453 2724 vino
1470 2689 1608 2724 nobilis.

963 2741 1035 2776 258.
1055 2743 1301 2787 Hesperiosque
1317 2755 1443 2776 amnes.
1468 2741 1609 2786 Hespe-

919 2793 1007 2827 riam
1022 2820 1030 2838 ,
1049 2793 1084 2827 id
1101 2801 1152 2828 est
1170 2801 1300 2828 terram
1324 2794 1579 2830 occidentalem
1594 2821 1605 2839 ,
