1832 3100
328 209 1042 260 METAMORPHOSEON
1080 218 1215 263 LIB.
1254 220 1377 266 VII.

1492 222 1574 267 531

143 304 276 352 Ferre
299 321 433 352 manu
446 302 643 369 jaculum
658 341 670 362 ,
697 305 824 370 cujus
845 306 932 356 fuit
954 329 1083 359 aurea
1103 312 1268 379 cuspis.

146 381 293 431 Pauca
311 380 440 448 prius
459 380 619 429 mediis
642 383 926 434 sermonibus
948 384 1024 434 ille
1048 386 1291 454 loquutus;

151 481 175 503 «
204 460 315 508 Sum
339 461 569 508 nemorum
593 460 824 510 studiosus
839 500 851 521 ,
877 455 964 522 ait,
991 464 1211 531 caedisque
1229 467 1407 517 ferinae:

1516 485 1584 533 675

151 560 176 583 »
205 538 309 603 Qua
333 548 480 586 tamen
502 556 525 585 e
550 536 658 586 silva
684 551 833 589 teneas
854 540 1012 590 hastile
1034 542 1221 592 recisum
1238 582 1250 603 ,

152 639 178 661 »
202 614 477 664 Jamdudum
501 615 693 664 dubito:
713 630 830 667 certe
846 655 859 677 ‚

884 618 923 667 si
943 617 1141 669 fraxinuli
1164 634 1280 671 esset
1295 661 1307 681 ,

152 716 177 738 »
202 692 341 742 Fulva
366 692 517 742 colore
541 693 689 743 foret:
711 695 749 743 si
773 714 938 744 cornus
953 733 966 755 ,
991 697 1140 746 nodus
1162 696 1328 748 inesset
1348 721 1358 749 ε

151 794 177 816 »
204 771 337 820 Unde
360 771 420 820 sit
439 771 599 835 ignoro
619 791 630 830 3
656 773 734 822 sed
761 793 854 822 non
872 774 1116 824 formosius
1138 776 1228 825 isto

150 872 176 894 »
202 849 425 899 Viderunt
449 848 568 898 oculi
592 848 731 898 telum
752 851 987 916 jaculabile
1004 853 1167 902 nostri.'
1190 877 1214 899 ³>

1522 875 1591 909 680

148 927 332 995 Excipit
353 926 516 976 Actaeis
541 947 564 977 e
587 927 804 977 fratribus
828 928 939 978 alter
961 949 971 978 :
993 941 1062 988 et,
1094 954 1116 973 «
1144 950 1277 980 usum

154 1029 179 1051 »
204 1006 423 1072 Majorem
446 1005 592 1072 specie
610 1005 830 1055 mirabere
844 1045 856 1066 ,
878 1006 991 1055 dixit
1006 1044 1018 1065 ,
1042 1006 1088 1055 in
1112 1007 1213 1056 isto.

155 1113 180 1134 »
210 1089 536 1156 Consequitur,
559 1089 873 1157 quodcumque
896 1091 1036 1158 petit;
1061 1093 1350 1160 Fortunaque
1372 1095 1558 1144 missum

1160 1154 1167 1175 1

156 1195 182 1218 »
209 1174 314 1222 Non
337 1171 478 1236 regit3
503 1183 550 1220 et
568 1170 765 1231 revolat,
791 1171 918 1221 nullo
942 1173 1180 1233 referente,
1207 1187 1452 1226 cruentum.
1480 1201 1504 1221 »

153 1259 271 1307 Tum
291 1276 396 1306 vero
415 1256 590 1323 juvenis
610 1256 798 1305 Nereius
824 1257 973 1306 omnia
997 1259 1185 1324 quaerit:

1524 1277 1593 1314 685

157 1342 251 1391 Cur
274 1341 334 1390 sit
356 1352 401 1390 et
421 1339 541 1389 unde
563 1339 715 1390 datum
734 1360 744 1398 3
773 1340 873 1407 quis
898 1341 1010 1390 tanti
1034 1343 1231 1392 muneris
1254 1346 1450 1394 auctor?

157 1425 273 1489 Quae
293 1422 432 1492 petit,
455 1421 530 1471 ille
551 1422 710 1480 refert;
732 1422 811 1471 sed
833 1442 931 1489 quae
952 1442 1131 1473 narrare
1156 1425 1319 1491 pudori
1345 1438 1434 1486 est,

156 1507 260 1572 Qua
284 1504 438 1555 tulerit
459 1505 684 1565 mercede,
709 1504 838 1564 silet;
863 1517 1098 1572 tactusque
1122 1505 1280 1555 dolore

155 1649 218 1697 giis
230 1675 240 1693 ,
260 1651 387 1693 ignota.
406 1664 451 1674 —
472 1646 656 1690 Iamlam,-
677 1646 838 1682 videmus

154 1702 239 1737 hinc
251 1699 365 1746 iacula
380 1711 452 1734 esse
468 1705 598 1745 gestata
613 1699 720 1733 etiam
737 1699 780 1734 ab
796 1699 837 1735 iis

155 1753 216 1800 qui
231 1763 354 1801 regem
369 1749 518 1785 adirent.
534 1768 580 1775 -
601 1750 719 1785 Aurea
732 1779 741 1792 ‚
767 1764 837 1785 au-

153 1812 230 1841 rata
242 1831 252 1849 ,
269 1815 358 1840 auro
371 1809 518 1844 ornata3
538 1815 621 1838 nam
637 1816 743 1838 aurea
758 1817 839 1839 cus-

155 1861 208 1908 pis
217 1872 293 1895 non
309 1857 472 1893 valuisset
489 1857 525 1891 in
543 1858 633 1891 seras
647 1883 656 1900 ‚
674 1865 714 1892 ut
731 1857 839 1892 etiarn

157 1914 388 1949 Burmannus
405 1916 546 1953 monet,
565 1909 624 1954 qui
642 1909 761 1945 mallet
777 1909 844 1944 hoc

157 1968 236 2003 loco
250 1977 351 2000 aenea.
361 1981 406 1989 —
417 1964 530 1998 Medii
539 1975 720 1999 sermones,
746 1976 765 1997 a
783 1976 843 1998 re-

158 2020 224 2054 buz
234 2018 271 2052 in
283 2012 403 2051 medio
414 2013 534 2061 positis
545 2040 554 2058 ‚
567 2014 766 2060 vulgaribus
780 2027 845 2061 pe-

160 2072 226 2108 titi.
242 2089 287 2097 —
303 2069 368 2104 Ille
392 2070 557 2113 loquutus.
577 2067 685 2102 Multi
701 2093 711 2111 ‚
741 2072 843 2112 ante,-

161 2123 330 2161 Heinsius
353 2127 452 2167 putat
472 2121 582 2160 indie,-
615 2119 737 2155 Codex
762 2120 843 2155 Re—

160 2179 236 2226 gius
254 2176 287 2212 A
297 2202 308 2220 ,
326 2177 406 2219 1'Ile5
425 2172 548 2210 Codex
558 2173 589 2208 B
604 2199 614 2217 ,
624 2176 757 2217 1‘pse.—-
768 2175 844 2218 Qua

161 2236 273 2266 tamen
292 2241 312 2263 e
326 2229 414 2262 siloa
428 2238 440 2269 ,·
471 2239 490 2262 e
509 2238 579 2271 quo
595 2225 701 2271 ligno.
718 2227 785 2260 Ed.
800 2243 845 2253 ι-

160 2279 454 2323 Nodus-Plinius,
468 2279 561 2313 Hist.
571 2278 650 2313 Nat.
662 2277 750 2312 XVI
763 2304 772 2322 ,
786 2278 842 2326 39,

159 2335 267 2368 Mn
282 2344 403 2367 cornus
418 2333 455 2365 ιἰι
468 2332 647 2365 venabulis
660 2334 746 2364 m‘tet
754 2356 763 2370 ,
781 2332 844 2363 in-

160 2388 283 2420 cIsuan
312 2385 440 2419 nodata
458 2387 594 2427 propter
615 2384 774 2416 decorem.
800 2397 846 2406 —

166 2437 486 2482 Telumjaculabae.
501 2435 665 2481 jaculum.
674 2435 754 2478 Hoc
762 2447 845 2480 quo-

163 2502 232 2536 que
242 2489 452 2525 vocabulum
462 2488 636 2535 originem
645 2486 776 2523 Ovidio
788 2487 846 2522 de-

162 2543 247 2578 bere
258 2541 416 2585 videtur,
433 2548 472 2576 ut
488 2543 675 2576 dubitabile
686 2569 694 2582 ‚
714 2541 731 2576 I
743 2568 752 2584 ,
768 2542 844 2577 223.

164 2596 222 2631 Ab
235 2595 398 2642 Apollod.
409 2596 543 2631 ἀκόντιον
555 2599 847 2632 mem-,vocatum

207 2648 285 2682 682.
315 2648 420 2681 Usum
445 2652 481 2681 in
507 2651 574 2682 isto
584 2674 593 2687 ,
629 2660 731 2682 usum
760 2648 845 2692 ejus.

165 2698 260 2734 Vide
277 2698 320 2734 ad
346 2700 400 2743 X,
420 2699 497 2734 651.
523 2698 676 2733 Marian.
706 2698 847 2744 Accurs.

166 2758 289 2797 putat,
316 2751 382 2786 hoc
396 2750 550 2797 jaculum
566 2750 669 2786 fuisse
685 2752 726 2786 ex
741 2750 848 2796 aqui·

901 1647 985 1683 solia
999 1673 1008 1691 ,
1035 1646 1078 1682 de
1102 1660 1171 1694 qua
1189 1646 1325 1682 Plinius
1337 1674 1346 1691 ‚
1367 1646 1506 1692 XXIV,
1531 1648 1569 1683 13
1585 1661 1594 1683 ι

903 1700 1071 1735 Baculum
1088 1701 1102 1744 (
1115 1700 1185 1745 ipse
1199 1700 1292 1744 conj.
1300 1701 1460 1744 jaculum
1472 1701 1485 1744 )
1499 1715 1542 1736 ex
1552 1715 1594 1736 ea

893 1752 1032 1797 facium
1041 1780 1050 1794 ‚
1068 1756 1105 1786 in
1121 1755 1259 1796 quodvis
1268 1755 1404 1787 animal
1410 1757 1567 1788 emissum
1578 1782 1587 1795 ,

903 1808 1043 1839 etiamsi
1064 1807 1152 1839 citra
1173 1806 1333 1838 ceciderIt
1349 1804 1484 1847 defoem
1506 1810 1594 1840 mil-

904 1860 1024 1898 lentis,
1045 1860 1156 1900 ipsum
1171 1870 1236 1901 per
1257 1869 1333 1891 sese
1352 1860 1502 1892 recubitu
1512 1871 1596 1902 pro-

902 1913 985 1954 pius
1007 1911 1151 1952 adlab1‘;
1173 1913 1243 1943 lam
1262 1912 1470 1954 precipuum
1492 1915 1597 1945 natu-

906 1974 979 1996 ram
990 1965 1101 1996 inesse
1110 1964 1232 1997 arbori.
1250 1961 1331 1996 Hoc
1346 1961 1494 1996 Procrid
1499 1963 1524 1997 is
1541 1963 1596 2008 ja-

907 2014 1027 2049 culum
1040 2014 1222 2065 (sspo'xpcd'og
1234 2015 1373 2058 ἀκόντια)
1385 2015 1422 2050 in
1432 2016 1594 2061 proverb.

908 2068 1012 2111 abiit,
1033 2067 1230 2113 diciturque
1247 2067 1290 2103 de
1308 2067 1349 2103 iis
1362 2094 1371 2112 ,
1388 2069 1449 2113 qui
1461 2095 1470 2111 ,
1490 2068 1596 2113 quid-

908 2119 992 2166 quid
1009 2120 1072 2155 sibi
1089 2127 1295 2166 proponunt
1314 2146 1324 2164 ,
1350 2128 1594 2166 assequuntur.

952 2172 1027 2208 685.
1042 2174 1196 2214 Nereius,
1211 2172 1351 2208 Phocus
1361 2199 1370 2217 ,
1390 2186 1496 2218 quem
1512 2174 1596 2207 AEa-

909 2236 969 2259 cus
978 2236 1019 2258 ex
1031 2223 1255 2259 psammathe
1267 2251 1277 2268 ,
1289 2225 1396 2260 Nerei
1409 2224 1478 2259 filia
1488 2251 1497 2268 ,
1510 2237 1595 2259 sus-

909 2283 1050 2322 ceperat
1068 2290 1076 2312 :
1096 2277 1305 2323 Apollonius
1334 2277 1451 2312 Rhod.
1474 2278 1491 2312 1
1504 2303 1514 2320 ,
1540 2278 1595 2324 93.

909 2348 954 2355 -
968 2330 1046 2373 Qua
1060 2332 1208 2364 mercede
1219 2357 1227 2369 ,
1244 2330 1345 2376 cujus
1353 2329 1525 2364 mercedis
1541 2330 1595 2364 lo-

910 2396 961 2419 co,
981 2383 1172 2418 Haeserunt
1190 2383 1245 2418 hic
1260 2383 1471 2429 interpretes
1484 2410 1493 2427 ‚
1515 2382 1597 2428 quia

913 2435 1089 2482 Cephalus
1107 2435 1174 2470 hoc
1195 2448 1334 2481 quoque
1352 2436 1389 2470 in
1406 2435 1598 2481 sequenti-

910 2488 975 2522 bus
994 2500 1138 2522 narrare
1166 2488 1205 2522 iis
1229 2487 1423 2522 videbatur.
1457 2489 1598 2522 Verum

911 2539 967 2574 ille
983 2553 1071 2575 vers.
1094 2542 1154 2586 751
1174 2553 1224 2586 sq.
1246 2541 1356 2576 refert
1374 2539 1520 2585 quidem
1537 2567 1547 2583 ,
1578 2553 1597 2574 a

913 2592 1081 2627 Procride
1098 2592 1166 2628 hoc
1181 2592 1336 2637 jaculum
1356 2592 1419 2627 sibi
1443 2592 1566 2626 datum
1586 2619 1596 2635 ,

912 2645 971 2679 sed
994 2654 1059 2689 qua
1086 2647 1233 2679 mercede
1259 2645 1336 2680 silet
1356 2672 1365 2689 ,
1399 2652 1459 2679 aut
1485 2645 1601 2691 potius

913 2698 1058 2732 obscure
1086 2698 1197 2744 tangit
1221 2699 1335 2734 verbis
1367 2702 1481 2732 loesum
1502 2701 1598 2742 prius

913 2753 987 2785 ulla
996 2752 1167 2796 pudorem.
1194 2750 1264 2786 Sed
1288 2751 1458 2799 quaeritur
1472 2777 1481 2795 ‚
1502 2762 1600 2795 quo-
