1832 3100
283 218 369 262 256

652 219 703 261 P.
742 218 975 264 OVIDII
1011 217 1319 264 NASONIS

281 313 343 359 Et
363 310 518 360 molles
539 310 745 360 adhibere
766 314 944 378 preces!
969 319 1124 362 natura
1148 324 1390 379 repugnat3

283 392 374 442 Nec
397 390 503 439 sinit
519 389 702 456 incipiat
720 410 730 438 :
750 389 848 448 sed,
876 390 997 456 quod
1019 390 1146 449 sinit,
1169 390 1244 438 illa
1263 402 1412 456 parata
1431 401 1497 438 est

280 469 543 534 Exspectare
566 486 723 525 sonos,
749 466 804 515 ad
827 485 941 533 quos
969 485 1048 515 sua
1068 468 1202 516 verba
1223 468 1429 516 remittat.

284 546 415 594 Forte
438 563 549 612 puer
572 545 784 593 comitum
807 544 1012 593 seductus
1036 545 1090 593 ab
1115 544 1284 608 agmine
1306 544 1416 603 fido,

284 622 491 679 Dixerat,
515 622 664 688 ecquis
688 621 839 670 adest?
861 633 927 679 et,
952 621 1100 679 adest,
1124 622 1411 688 responderat
1427 621 1567 670 Echo.
1628 637 1694 672 380

280 698 367 747 Hie
390 709 559 764 stupet;
583 710 721 765 utque
746 699 880 747 aciem
902 712 1049 764 partes
1073 697 1239 745 dimisit
1261 698 1310 745 in
1333 716 1485 746 omnes
1499 735 1512 757 ‚

281 777 402 824 Voce
416 813 428 831 ‚
453 775 549 824 veni
565 813 576 834 ,
601 775 756 824 clamat
778 795 935 839 magna
953 796 963 823 ε
984 788 1110 824 vocat
1132 775 1209 824 illa
1227 787 1468 825 vocantem.

283 852 484 918 Respicit
506 872 516 899 z
536 864 579 901 et
601 851 724 900 nullo
748 871 900 900 rursus
918 853 1115 901 veniente
1130 889 1141 911 ‚
1167 852 1273 918 quid
1289 889 1300 910 ‚
1323 852 1495 918 inquit,

282 930 358 978 Me
380 929 498 992 fugis
517 930 535 977 ?
561 941 605 976 et
626 928 831 987 totidem,
859 941 968 995 quot
991 929 1127 988 dixit,
1149 929 1285 978 verba
1306 929 1485 995 recepit.

282 1008 481 1064 Perstat;
508 1018 576 1064 et,
602 1005 778 1054 alternae
800 1006 1008 1073 deceptus
1031 1007 1217 1070 imagine
1239 1007 1358 1055 vocis
1372 1044 1384 1064 ‚

1633 1020 1700 1055 385

286 1085 386 1138 Huc
412 1101 614 1132 coeamus
628 1121 640 1141 ‚
665 1083 727 1132 ait
747 1103 757 1132 :
777 1082 978 1149 nullique
1000 1082 1212 1131 libentius
1235 1097 1431 1148 unquam

283 1163 568 1227 Responsura
592 1180 704 1209 sono
719 1199 731 1218 ‚
758 1179 981 1218 coeamus,
1007 1159 1180 1208 rettulit
1200 1159 1323 1208 Echo
1343 1180 1354 1207 :

283 1244 344 1290 Et
364 1243 509 1291 verbis
534 1242 649 1291 favet
672 1242 770 1308 ipsa
793 1242 908 1300 suis;
931 1260 1188 1307 egressaque
1216 1240 1336 1289 silvis

288 1325 389 1373 Ibat
403 1362 419 1383 ,
440 1337 491 1372 ut
511 1325 709 1390 injiceret
732 1335 906 1391 sperato
926 1323 1108 1373 brachia
1130 1322 1260 1373 collo.

289 1469 373 1499 mae3
393 1457 514 1491 confer
525 1469 602 1501 quae
614 1455 760 1491 diximus
771 1456 813 1490 ad
826 1457 876 1500 ΙΙ,
894 1457 967 1491 123.

290 1508 392 1544 Idem
419 1509 647 1542 Burmannus
671 1510 827 1543 adhibere
851 1521 967 1553 preces

291 1559 426 1605 publica
440 1560 553 1594 forma
565 1559 696 1594 dictum
712 1566 821 1604 putat.
836 1578 880 1586 —
895 1561 967 1594 Pro

287 1613 444 1646 adhibere
457 1638 466 1652 ‚
497 1624 589 1645 unus
606 1616 740 1645 tentare.
757 1628 802 1636 -—
821 1612 944 1645 Molles
955 1637 964 1654 ‚

292 1664 416 1709 quibus
428 1663 638 1697 molliuntur
655 1669 794 1708 pectora
805 1662 901 1697 dura.
913 1663 966 1697 Si-

291 1715 382 1750 milis
405 1715 500 1750 locus
517 1714 632 1749 Tibul.
656 1714 729 1758 ΙΙΙ,
753 1725 814 1759 lv,
835 1717 875 1762 75
893 1727 901 1750 ε
916 1717 968 1750 Ne

290 1769 407 1801 dubita
437 1768 582 1800 blandas
613 1767 775 1811 adhibere·
791 1769 941 1811 querelas
956 1793 965 1807 ‚

299 1822 486 1855 Vincuntur
499 1822 595 1854 molli
604 1824 742 1864 pectora
767 1821 851 1854 dura
860 1834 967 1864 prece.

337 1872 412 1920 379.
429 1873 523 1906 Fido.
539 1871 705 1907 solemne
715 1872 886 1907 comitum
895 1872 971 1917 epi-

294 1923 438 1966 theton;
455 1936 538 1970 ergo
561 1930 700 1959 tantum
718 1931 830 1959 ornat.
848 1942 892 1951 ·--
910 1924 970 1958 Se-

293 1979 413 2011 ductus
424 1987 437 2018 ,·
457 1977 686 2011 aberraverat.
706 1976 871 2022 Sequitur
891 1976 970 2011 col-

294 2026 453 2072 loquium
465 2040 545 2061 cum
557 2027 655 2062 Echo
665 2054 674 2071 ,
687 2040 840 2073 quocum
851 2028 974 2062 confer

297 2077 692 2124 Aristoph.Thesmoph.
698 2079 781 2114 1065
790 2092 863 2125 sqq.
871 2078 972 2124 Saepe

298 2129 448 2165 Graeculi
459 2131 637 2175 pueriliter
646 2132 693 2167 sic
702 2131 878 2168 ludebant.
891 2131 973 2166 Vid.

301 2181 447 2218 Ramler
463 2181 507 2216 ad
523 2183 674 2217 Martial.
693 2184 729 2218 ΙΙ
745 2210 754 2227 ,
774 2194 907 2219 Lxxxvl
919 2210 929 2227 ,
942 2184 972 2218 3.

300 2232 372 2268 Sed
390 2233 424 2267 h.
447 2232 468 2269 l.
494 2234 695 2279 probandus
712 2243 763 2270 est
778 2235 833 2270 ille
852 2235 948 2280 jocus
964 2250 974 2276 ;

301 2298 357 2319 res
385 2284 482 2319 enim
506 2285 554 2319 ita
582 2285 796 2321 instituenda
812 2293 911 2330 erat,
937 2293 976 2319 ut

302 2336 401 2371 Echo
418 2337 677 2372 accommodate
700 2337 743 2372 ad
758 2338 849 2372 hanc
869 2338 975 2373 sabu—

301 2389 373 2422 lam
382 2396 544 2424 naturam
553 2402 651 2425 suam
660 2389 843 2424 ostendere
854 2398 977 2435 posset.

303 2458 347 2466 -·
357 2441 474 2474 Aciem
484 2442 621 2475 ditnm't.
633 2441 735 2476 Unus
746 2443 869 2482 divisit
884 2440 978 2486 quod

304 2492 415 2536 placet
432 2493 581 2527 Heinsio
598 2519 607 2537 ,
632 2493 691 2538 qui
715 2492 869 2538 exempla
888 2506 979 2538 sup-

305 2545 456 2589 peditat,
486 2546 524 2580 in
549 2547 672 2591 quibus
695 2548 839 2580 dividere
860 2559 972 2586 aures,

306 2603 454 2634 mentem.
471 2617 516 2625 —-
539 2599 658 2633 Lectio
685 2601 801 2634 dtbz‘sit
816 2612 890 2633 non
913 2612 980 2645 ge—

308 2650 427 2685 nuina.
442 2653 618 2686 Dz'mt'ttere
630 2655 744 2687 oculos
756 2679 765 2694 ,
784 2656 875 2687 acles
885 2679 893 2693 ‚
910 2651 981 2686 sre-

311 2702 471 2747 quentius
482 2704 572 2749 apud
583 2704 766 2750 scriptores
774 2704 909 2740 dicitur.
918 2705 981 2739 Ed.

1031 1475 1074 1483 —
1090 1458 1209 1492 Ac1‘em
1230 1458 1360 1491 dizm‘sit
1373 1481 1383 1497 ‚
1411 1454 1530 1490 oculos
1552 1452 1676 1489 direxit
1694 1479 1704 1496 ,

1031 1507 1282 1552 circumspexit.
1290 1506 1395 1551 VIII,
1402 1519 1415 1540 ι
1421 1505 1624 1553 89:15notas
1635 1508 1707 1538 ani-

1031 1573 1118 1593 mum
1134 1561 1297 1593 dimittere
1312 1561 1348 1592 in
1364 1562 1463 1591 artes.
1481 1554 1708 1591 Burmannus

1031 1612 1219 1646 formulam
1236 1625 1254 1646 e
1271 1625 1308 1646 re
1326 1610 1467 1644 militari
1483 1608 1625 1643 ductam
1643 1620 1707 1642 ar·—

1032 1663 1234 1698 bitrabatur.
1253 1664 1335 1699 Non
1354 1669 1450 1708 puto.

1077 1715 1150 1750 385.
1176 1716 1326 1750 Alternoe
1340 1717 1433 1749 vocis
1446 1716 1557 1758 imago
1570 1739 1579 1754 ‚
1599 1712 1708 1746 Echo.

1034 1767 1133 1813 Vix-g.
1147 1766 1277 1812 Georg.
1291 1767 1358 1809 IV,
1377 1768 1420 1800 50
1432 1791 1441 1809 ‚
1465 1769 1559 1800 vocis
1574 1764 1710 1809 offensa

1033 1823 1154 1863 imago.
1171 1819 1296 1853 Horat.
1314 1818 1331 1853 I
1345 1844 1355 1862 ,
1372 1817 1443 1853 Od.
1455 1828 1522 1858 xx,
1542 1831 1574 1864 7,
1583 1817 1712 1862 jocosa

1035 1875 1153 1915 imago.
1164 1889 1208 1897 —-
1219 1872 1398 1911 coeamus,
1422 1876 1458 1905 et
1470 1882 1551 1904 mox
1561 1896 1571 1913 ,
1587 1874 1636 1904 sit
1650 1871 1716 1903 tibi

1036 1927 1133 1968 copia
1155 1926 1270 1958 nostri.
1293 1922 1381 1957 Hoec
1399 1921 1470 1956 duo
1487 1921 1614 1967 duplici
1633 1933 1713 1956 sen-

1036 1990 1076 2012 su
1087 2002 1097 2019 ‚
1115 1974 1262 2011 naturali
1279 1981 1313 2009 et
1324 1987 1475 2010 venereo
1488 1973 1712 2020 intelligenda

1037 2036 1119 2065 sunt
1130 2056 1140 2074 ,
1159 2036 1197 2063 ut
1210 2042 1297 2063 vers.
1310 2030 1373 2072 415
1385 2030 1464 2062 sitis
1479 2029 1587 2062 altera
1602 2028 1712 2062 cren'l.

1038 2082 1104 2116 Ed.
1126 2100 1171 2107 -—
1199 2083 1344 2116 Rettulit
1365 2082 1470 2116 Echo.
1487 2080 1713 2115 Burmannus

1038 2147 1119 2169 cum
1135 2146 1208 2168 uno
1224 2132 1323 2168 malit
1337 2134 1498 2172 reddidit,
1516 2131 1598 2177 quia
1609 2144 1712 2167 versu

1039 2185 1102 2232 392
1112 2184 1270 2230 sequitur
1278 2186 1465 2218 rettuIit.—-
1474 2182 1575 2228 Regii
1583 2182 1714 2217 habent

1040 2238 1177 2270 rettulit.
1184 2254 1228 2262 —·
1236 2237 1422 2279 Fan-tima
1430 2262 1439 2276 ,
1457 2235 1498 2269 iis
1509 2233 1712 2276 delectatur,

1041 2289 1112 2334 ipsa
1129 2288 1239 2334 placet
1262 2287 1324 2322 sibi
1346 2294 1489 2334 propter
1514 2287 1618 2321 verba
1641 2298 1714 2321 sua.

1044 2339 1124 2374 Vid.
1135 2339 1191 2374 lib.
1204 2339 1240 2375 11
1252 2339 1374 2373 Amor.
1387 2338 1433 2380 V,
1451 2350 1507 2382 11¹:
1517 2340 1716 2381 m‘rm‘mque

1042 2404 1103 2425 suo
1103 2391 1204 2434 favet
1212 2392 1388 2427 illedolori.
1399 2406 1443 2416 --
1450 2390 1561 2425 ὖῖΙνιὶσ.
1567 2387 1716 2423 Codices

1045 2445 1165 2491 Regii,
1184 2447 1270 2479 silva
1283 2452 1297 2486 ,*
1315 2456 1439 2489 parum
1455 2443 1571 2478 refert.
1592 2444 1658 2477 Ed.
1673 2459 1717 2468 -

1044 2499 1179 2542 sperato
1203 2499 1300 2531 collo.
1325 2497 1383 2532 Sic
1401 2504 1436 2531 et
1458 2496 1570 2542 Regii.
1591 2496 1715 2537 Unus,

1044 2553 1180 2591 captato
1195 2574 1202 2588 ,
1240 2547 1334 2593 quod
1367 2548 1478 2594 placet
1509 2546 1656 2582 Heinsio
1680 2551 1717 2579 et

1045 2599 1264 2634 Burmanno.
1288 2600 1403 2634 Immo
1419 2603 1551 2644 sperato
1564 2604 1615 2632 est
1632 2609 1716 2630 me—

1045 2653 1119 2687 lius.
1131 2654 1299 2697 Speratum
1316 2653 1412 2687 enim
1422 2650 1662 2694 solemnisvvox
1673 2649 1718 2683 de

1047 2704 1257 2740 amantibus:
1266 2705 1315 2748 ΙΙ,
1325 2705 1400 2748 852,
1409 2706 1541 2748 sperata
1551 2703 1718 2745 voluptas,-
