1832 3100
381 317 1119 369 METAMORPHOSEON
1158 319 1292 362 LIB.
1331 320 1421 364 IV.

1540 335 1620 379 291

194 413 389 465 Additur
410 413 483 462 his
505 414 704 480 Nyseus,
731 411 1085 478 indetonsusque
1105 410 1373 477 Thyoneus,

194 494 255 543 Et
276 510 375 541 cum
398 492 558 540 Lenaeo
585 489 769 554 genialis
787 489 987 539 consitor
1007 506 1126 545 uvae,

195 567 536 637 Nycteliusque,
561 567 832 635 Eleleusque
850 585 1011 634 parens
1023 603 1035 624 ,
1053 577 1098 614 et
1116 563 1303 613 Iacchus
1319 602 1330 622 ,
1352 577 1396 614 et
1413 567 1558 625 Evan3
1591 582 1628 615 ιε’,

198 649 260 698 Et
285 666 382 715 quae
404 659 616 715 praeterea
639 665 721 714 per
745 646 900 695 Graias
924 644 1114 712 plurima
1139 654 1292 706 gentes

194 725 407 784 Nomina,
425 725 582 783 Liber,
606 725 745 773 habes
768 743 778 772 ε
802 723 888 772 tibi
911 722 1027 772 enim
1050 721 1334 770 inconsumta
1357 721 1596 787 juventasg

195 857 293 892 enim
306 856 633 903 complectebantur
642 854 764 890 nomin
770 867 800 899 a,
810 854 878 889 vir·

195 915 289 955 tutes
311 916 347 944 et
373 922 429 944 res
446 915 557 955 gestas
586 908 748 942 Deorum
775 921 783 942 ε
809 906 879 940 vid.

196 961 387 1022 Orpheus,
415 960 538 1008 hymn.
566 962 604 995 51
627 986 637 1003 ‚
667 959 727 993 ubi
755 956 880 993 eadem

194 1015 268 1050 sere
277 1014 434 1048 nomina.
454 1013 501 1048 Et
511 1013 681 1047 habemus
697 1011 754 1047 hic
764 1012 881 1046 locum

195 1066 374 1102 classicum
385 1065 427 1101 de
439 1065 592 1109 Baccho,
604 1077 758 1110 quocum
771 1065 812 1100 cs.
827 1064 882 1099 111

195 1119 288 1155 Fast.
303 1119 366 1165 713
377 1133 386 1160 ς
398 1118 524 1153 Horat.
537 1117 586 1161 11,
599 1117 671 1152 Od.
686 1117 743 1163 16;
757 1116 882 1152 Senec.

199 1171 322 1217 OEdip.
346 1183 435 1206 vers.
462 1172 528 1215 404
551 1182 626 1215 sqq.
641 1171 884 1204 —Bmmimm

198 1222 277 1258 vide
299 1221 342 1258 ad
371 1223 428 1258 ΠΙ
445 1249 455 1267 ,
486 1222 560 1258 528.
584 1239 629 1248 —-
646 1223 768 1269 Lyaeus
785 1248 794 1262 ,
825 1220 886 1266 qui

198 1289 300 1312 curas
324 1276 446 1320 solvit,
469 1289 488 1311 a
506 1279 595 1312 λύειν.
624 1294 669 1301 --
693 1276 856 1319 Igmgrena
871 1300 880 1315 ,

199 1334 369 1376 πυρηενῆς.
383 1329 441 1365 De
455 1329 523 1364 hoc
534 1336 570 1364 et
588 1328 631 1363 de
651 1341 724 1374 sqq.
750 1327 887 1362 duobus

202 1396 291 1418 vers.
311 1382 382 1417 vid.
406 1382 463 1417 III
474 1408 484 1425 ,
505 1382 572 1430 309
588 1394 663 1427 sqq.
678 1388 714 1416 et
730 1393 808 1426 quae
823 1393 888 1416 uos

202 1442 239 1470 et
253 1435 301 1470 ibi
313 1441 349 1470 et
362 1434 405 1470 ad
416 1447 559 1469 versum
573 1435 636 1469 253
648 1460 658 1478 ,
675 1434 888 1469 notavimus.

202 1506 247 1515 —
271 1488 412 1523 Nomen
437 1493 557 1522 autem
578 1489 722 1521 bimater
745 1486 787 1521 ab
812 1486 888 1532 ipso

204 1539 336 1576 ovidio
367 1539 544 1586 signatum
575 1538 727 1574 videtur.
757 1538 888 1573 Graecis

203 1592 295 1628 hanc
323 1593 373 1628 ob
401 1604 542 1627 causam
576 1596 692 1641 δι’θυμς
730 1591 842 1626 dictus
868 1604 889 1625 3

202 1644 324 1680 multis
346 1644 504 1679 creditur
521 1657 529 1678 2
547 1642 627 1678 vide
645 1643 783 1678 Mureti
801 1642 887 1678 Var.

202 1698 298 1734 Lect.
324 1698 436 1741 xlx,
471 1711 499 1732 1.

247 1751 299 1786 13.
314 1752 467 1786 Additur
474 1752 540 1784 his.
559 1747 682 1785 Codex
698 1748 831 1794 Regius
843 1749 886 1790 B,

198 1806 356 1845 affilas,
381 1804 501 1839 minus
521 1804 612 1839 bene
634 1810 780 1850 propter
798 1816 889 1838 sen-

198 1868 289 1893 sum.
305 1858 372 1892 Ed.
386 1875 432 1883 —
445 1858 578 1904 Nyseus
593 1870 611 1891 a
629 1859 743 1904 Nysa.
763 1863 888 1892 monte

201 1917 238 1945 et
252 1909 340 1945 urbe
360 1909 494 1952 lnffiae,
527 1909 587 1944 ubi
611 1909 789 1944 educatus.
808 1909 888 1953 111,

201 1962 338 2006 3ι4.-
363 1962 542 2008 Thyoneus
566 1961 624 1995 ἄκό
651 1969 702 1996 τοῦ
726 1964 816 1996 θύειν
832 1986 842 2004 ,
869 1973 889 1995 3

201 2013 367 2056 furendo,
385 2013 480 2048 unde
494 2020 530 2048 et
545 2012 762 2048 Bacchantes
782 2014 890 2060 Thya-

204 2067 275 2101 des.
296 2063 414 2101 Schol.
438 2065 602 2111 Apollon.
623 2065 667 2099 ad
694 2065 828 2111 Argon.
848 2065 888 2109 1,

205 2117 282 2152 (336.
313 2137 358 2145 —
386 2119 588 2158 Indetonsus
613 2130 677 2164 pro
706 2122 864 2153 intonsus
878 2145 888 2159 ,

205 2171 419 2221 ἄκιιρεκόμης,
434 2172 600 2216 frequens
615 2178 652 2206 et
670 2171 841 2216 Apollinis
855 2178 892 2207 et

206 2222 334 2258 Bacchi
351 2222 534 2269 epitheton
545 2250 556 2268 ‚
573 2224 619 2258 ob
636 2236 775 2259 comam
799 2237 891 2270 pro-

205 2273 348 2310 missam
362 2301 372 2319 ,
405 2287 511 2321 quam
541 2276 647 2310 etiam
675 2276 712 2311 in
751 2289 890 2311 monu-

206 2327 336 2363 mentis
346 2327 488 2362 habent.
501 2328 625 2372 Longa·
636 2341 739 2363 comoe
748 2328 889 2373 Bacchi,

205 2379 301 2426 apud
329 2379 532 2414 Martialem
550 2406 559 2423 ‚
589 2380 663 2424 IV,
689 2380 807 2427 Epigr.
827 2382 888 2426 45:

205 2435 315 2469 Decet
320 2437 476 2468 intonsus
485 2437 590 2468 crinis
598 2437 890 2480 utrumqucDeum,

206 2484 300 2530 apud
318 2485 500 2520 Tibullum
514 2512 524 2529 ‚
545 2486 582 2530 1,
609 2485 706 2532 Eleg.
726 2497 767 2522 lv
781 2514 790 2531 ,
810 2487 863 2523 38.

252 2537 301 2580 14.
326 2536 469 2571 Leucus
488 2538 546 2573 ἀπὸ
570 2545 623 2573 τοῦ
642 2543 732 2579 ληνοῦ
747 2565 757 2583 ,
777 2552 796 2573 3
815 2545 892 2574 tor-

202 2586 312 2622 culari
323 2613 333 2631 ,
345 2600 364 2622 3
373 2588 567 2624 calcatorio.
577 2607 622 2616 --
637 2591 794 2626 Genialis
803 2605 869 2626 uva
876 2619 885 2634 ,

204 2653 283 2686 quoe
297 2641 402 2686 facit,
426 2649 465 2677 ut
489 2643 593 2688 genio
619 2644 863 2691 indulgeamus
881 2672 891 2689 ,

206 2693 274 2729 laeti
288 2699 324 2728 et
335 2693 464 2729 hilares
475 2694 597 2738 simus,
609 2696 790 2741 egregium
802 2696 891 2730 adeo

210 2758 287 2781 uvae
302 2745 486 2792 epitheton
498 2772 508 2791 ,
532 2749 680 2791 genialis
697 2750 890 2792 platanus·
875 2773 885 2790 ‚

207 2798 262 2833 XI
279 2825 290 2843 ,
317 2801 360 2847 95
376 2825 386 2844 ,
413 2803 594 2845 genialiter
619 2813 717 2845 agere
736 2801 892 2846 seslum;

212 2849 326 2895 xm,
351 2864 416 2899 2²9
431 2878 441 2897 ,
461 2855 612 2898 genialia
631 2857 743 2897 scrla;
768 2852 891 2899 virgil.

946 852 1076 900 Georg.
1092 852 1108 888 I
1122 879 1131 897 ,
1149 853 1213 888 302
1227 880 1237 897 ,
1248 855 1398 898 genialis
1410 855 1518 888 biems
1530 881 1538 893 ‚
1559 861 1638 900 apta

944 907 1188 942 conviviorum
1209 905 1386 941 hilaritati.
1414 906 1530 941 Tibul.
1557 907 1635 952 ΙΙΙ,

947 970 1015 1003 111,
1045 958 1087 993 63
1104 985 1113 1002 ,
1135 959 1298 1002 jucunde
1317 962 1466 993 consitor
1488 973 1567 994 uvae.
1595 978 1639 985 —-

948 1014 1142 1059 Nyctelius,
1170 1012 1270 1057 cujus
1294 1025 1388 1046 sacra
1412 1020 1520 1047 noctu
1539 1013 1638 1048 cele—

947 1065 1108 1100 brantur.
1136 1065 1261 1111 virgil.
1292 1063 1421 1111 Georg.
1450 1066 1526 1110 IV,
1550 1068 1610 1100 521
1629 1094 1639 1112 ‚

950 1123 1131 1153 nocturnus
1146 1120 1317 1153 Bacchus.
1327 1137 1372 1144 -—
1384 1120 1522 1153 Eleleus
1531 1147 1539 1160 ‚
1561 1121 1647 1154 Iac-

952 1173 1036 1206 chus
1065 1178 1102 1205 et
1128 1173 1226 1205 Euan
1246 1183 1264 1205 3
1289 1171 1431 1206 vocibus
1455 1171 1644 1206 Bacchan-

953 1223 1053 1258 tium.
1072 1223 1153 1257 Scil.
1173 1225 1311 1257 Eleleus
1325 1236 1343 1257 3
1360 1236 1443 1258 voce
1462 1225 1558 1259 ε’λελεῦ
1574 1237 1643 1270 qua

954 1275 1188 1321 procedentes
1214 1275 1255 1309 ad
1282 1275 1392 1322 Orgia
1410 1276 1642 1322 celebranda,

953 1328 996 1363 ad
1013 1329 1267 1364 conserendam
1284 1342 1438 1375 pugnam
1452 1357 1461 1374 ,
1489 1331 1642 1366 uteban-

954 1387 1022 1417 tur.
1041 1381 1177 1416 Vinum
1195 1389 1314 1416 autem
1333 1381 1496 1416 hortatur
1513 1395 1551 1417 at·
1569 1383 1647 1418 red-

955 1433 1006 1468 dit
1037 1434 1223 1470 hominem
1252 1434 1421 1470 audacem
1452 1435 1493 1469 ad
1523 1437 1643 1471 omnia

955 1487 1213 1533 aggredienda3
1242 1487 1338 1522 unde
1362 1487 1532 1523 Horatius
1560 1501 1569 1524 t
1597 1492 1650 1524 ad

947 1541 1070 1582 praelt‘a
1094 1542 1199 1573 trudit
1221 1542 1387 1574 inermem.
1413 1541 1562 1574 Iacchus
1587 1542 1645 1576 ἐπὶ

954 1601 1009 1632 τῆς
1029 1596 1159 1637 ὶακχῐς,
1178 1592 1245 1628 hoc
1262 1600 1314 1628 est
1331 1606 1349 1627 a
1362 1593 1526 1630 clamore.
1543 1596 1644 1630 Bran

954 1657 1021 1679 vox
1046 1652 1098 1679 est
1125 1657 1194 1690 qua
1220 1645 1378 1680 Bacchus
1404 1645 1475 1691 ipse
1499 1646 1642 1694 signifi-

954 1703 1064 1732 catur.
1082 1699 1147 1731 Ed.

1003 1763 1053 1796 17.
1075 1751 1246 1790 Nomina,
1273 1751 1392 1790 Liber,
1423 1751 1538 1786 babes.
1563 1751 1643 1786 Re-

955 1809 1075 1847 pente,
1085 1802 1192 1836 veluti
1204 1802 1324 1836 surore
1336 1802 1500 1846 abreptus
1511 1803 1645 1848 etipse,

956 1855 1125 1890 Liberum
1139 1855 1338 1901 alloquitur.
1353 1855 1526 1890 Similiter
1541 1855 1647 1891 Clau-

956 1907 1080 1943 dianus
1094 1935 1103 1952 ,
1119 1918 1234 1942 xxmv
1245 1934 1255 1951 ‚
1276 1921 1318 1955 29
1332 1921 1340 1950 ;
1361 1908 1451 1943 sorte
1471 1921 1512 1942 ex
1528 1908 1646 1943 imita-

955 1961 1052 1995 tione
1070 1961 1494 2002 Nostri.—1nconsumta‚
1512 1964 1648 2008 ἅφθιτις,

956 2020 1126 2059 perpetua
1141 2039 1150 2056 ,
1167 2019 1309 2048 aeterna.
1323 2012 1438 2048 Tibul.
1454 2013 1471 2048 I
1487 2041 1497 2057 ,
1514 2025 1572 2058 lv,
1587 2015 1648 2060 37:

958 2067 1047 2100 Solis
1070 2071 1194 2100 oetcma
1219 2070 1274 2100 es!
1296 2067 1423 2100 Phaebo
1446 2067 1650 2112 Bacchoque

947 2119 1121 2164 juventus.
1137 2119 1363 2154 —Juventas.
1379 2118 1502 2155 Codex
1516 2120 1648 2167 Regius

958 2172 990 2206 A
1003 2199 1011 2216 ,
1020 2173 1183 2217 juoenla‚·
1200 2171 1323 2207 Codex
1335 2173 1365 2208 Β
1376 2199 1385 2217 ,
1396 2173 1569 2217 juventus.
1581 2175 1649 2208 Ju—

957 2229 1093 2265 ventas,
1130 2225 1266 2260 etiamsi
1284 2225 1403 2260 minus
1421 2226 1545 2260 usitata
1559 2252 1568 2270 ,
1587 2232 1646 2260 ta-

957 2289 1041 2312 men
1057 2277 1275 2323 praeserenda
1293 2277 1381 2312 mihi
1400 2277 1540 2313 videtur
1556 2293 1564 2319 ;
1591 2278 1648 2313 ha-

957 2329 1044 2364 bent
1061 2342 1138 2363 eam
1161 2339 1285 2364 vocem
1306 2337 1341 2364 et
1358 2330 1565 2365 Basileensis
1578 2357 1587 2374 ,
1614 2338 1649 2366 et

958 2382 1154 2428 Spirensis,
1172 2389 1208 2417 et
1225 2383 1280 2417 alii
1299 2395 1384 2428 quos
1403 2383 1511 2417 refert
1522 2382 1647 2416 Hein—

960 2436 1030 2470 sius
1045 2448 1053 2470 :
1075 2435 1260 2470 Lucretius
1273 2462 1282 2478 ,
1302 2435 1359 2470 lib.
1374 2437 1419 2479 V,
1432 2438 1650 2480 aevoflorenlc

950 2488 1138 2530 juventam
1167 2487 1354 2533 Virgilius,
1384 2486 1526 2521 AEneid.
1546 2488 1592 2531 V,
1616 2489 1653 2522 si

956 2539 1149 2584 nuncforel
1169 2542 1232 2574 illa
1241 2540 1429 2584 juventas,
1424 2550 1432 2558 ·
1456 2537 1646 2584 Tibullus,

956 2591 1013 2626 lib.
1037 2592 1073 2634 Ι,
1103 2593 1149 2626 8:
1167 2591 1246 2625 dero
1262 2595 1439 2625 revocatur
1458 2604 1571 2633 amor,
1594 2604 1648 2625 sc·-

957 2656 1055 2688 roque
1063 2644 1236 2686 juventas
1253 2641 1393 2677 Dicitur
1405 2642 1513 2678 etiam
1524 2645 1649 2678 Juven-

959 2700 1014 2729 las
1031 2695 1107 2729 Dea
1122 2694 1333 2739 juventutis;
1356 2685 1468 2731 hanc
1460 2696 1568 2742 igitur
1582 2708 1647 2729 vo-

958 2760 1034 2782 cem
1045 2747 1176 2793 ,magis
1192 2748 1387 2794 poeticam,
1400 2762 1481 2784 curn
1497 2749 1647 2784 Heinsio

957 2799 1166 2835 servandam
1183 2813 1321 2836 censeo.
1338 2803 1404 2835 Ed.
1425 2820 1470 2827 —
1494 2801 1651 2836 Additur

953 2866 1056 2897 puer,
1083 2866 1169 2890 nam
1197 2854 1315 2891 media
1343 2862 1394 2894 est
1418 2855 1545 2890 Bacchi
1570 2861 1651 2891 aetas
