1832 3100
274 237 357 293 242

637 237 687 280 P.
729 237 967 282 OVIDII
1008 237 1308 282 NASONIS

268 332 344 380 An
366 330 498 379 lateat
519 329 669 379 silvis?
692 331 824 380 timor
843 332 954 390 hoc,
979 319 1127 398 pudor*
1146 332 1331 399 impedit
1350 332 1474 381 illud.

1617 348 1680 382 205

270 409 391 457 Dum
413 408 611 467 dubitat,
636 408 781 457 videre
806 428 952 467 canes;
972 410 1227 477 primusque
1250 410 1516 478 Melampus,

270 487 619 553 Ichnobatesque
643 504 772 549 sagax
789 522 800 543 ‚
826 485 990 534 latratu
1010 487 1137 549 signa
1155 488 1311 535 dedere
1324 522 1336 544 ,

274 565 467 614 Gnosius
487 564 773 621 Ichnobates,
798 564 1012 629 Spartana
1037 576 1165 626 gente
1187 564 1448 631 Melampus.

270 642 378 690 Inde
400 653 536 690 ruunt
557 640 630 690 alii
654 640 805 707 rapida
825 641 1020 690 velocius
1043 661 1147 690 aura
1161 680 1172 701 ,

266 719 569 785 Pamphagus,
592 730 635 766 et
650 719 849 766 Dorceus
863 755 874 776 ,
892 718 933 766 et
954 719 1193 776 Oribasus3
1212 719 1403 767 Arcades
1423 739 1595 769 omnes:
1613 745 1678 769 210

268 801 683 866 Nebrophonosque
707 799 874 858 valens,
899 812 941 848 et
967 812 1066 848 trux
1089 820 1187 848 cum
1210 801 1382 867 Laelape
1406 801 1583 850 Theron
1599 839 1610 860 ,

268 884 329 930 Et
348 881 536 948 pedibus
558 881 781 940 Pterelos,
805 894 848 930 et
871 882 1053 929 naribus
1077 881 1199 930 utilis
1223 882 1366 945 Agre,

268 962 535 1029 Hylaeusque
553 962 645 1010 fero
670 982 812 1029 nuper
833 981 1066 1030 percussus
1089 964 1144 1011 ab
1169 983 1301 1030 apro,

265 1045 420 1109 Deque
441 1043 549 1109 lupo
573 1056 783 1110 concepta
806 1046 930 1110 Nape
947 1082 958 1102 ,
983 1045 1260 1111 pecudesque
1285 1058 1470 1112 sequuta

266 1124 509 1181 Poemenis,
534 1136 577 1172 et
600 1124 714 1172 natis
739 1124 944 1172 comitata
968 1126 1162 1192 Harpyia
1187 1126 1386 1184 duobus,

1613 1143 1678 1175 215

266 1207 326 1252 Et
349 1205 585 1254 substricta
611 1224 765 1268 gerens
790 1206 1023 1271 Sicyonius
1047 1206 1121 1253 ilia
1144 1207 1321 1264 Ladon,

262 1340 353 1380 regia
367 1339 465 1370 tecla.
481 1336 568 1370 Haec
581 1335 683 1370 lectio
697 1335 783 1369 mihi
801 1348 843 1369 eo
854 1348 938 1380 prae-

261 1388 407 1422 stantior
435 1386 574 1421 videtur
590 1414 598 1427 ,
630 1387 724 1431 quod
757 1387 938 1421 elisionem

261 1441 355 1476 vitet.
381 1443 446 1475 Ed.
475 1457 520 1467 -·
542 1443 687 1475 pudoris
713 1454 814 1475 causa
844 1442 939 1476 nulla

262 1501 337 1529 erat
351 1508 358 1536 ;
389 1493 463 1538 quis
488 1494 584 1528 enim
619 1493 715 1527 domi
746 1494 939 1538 agnovisset

260 1547 547 1581 transformatum
564 1545 748 1579 dominum
768 1545 783 1579 ?

306 1598 380 1633 206.
403 1600 521 1633 Videre
535 1610 647 1632 canes.
671 1596 937 1642 Quinquaginta

262 1648 381 1683 aluisse
399 1661 500 1683 canes
518 1648 663 1682 Actaeon
679 1647 840 1690 traditur,
854 1660 937 1692 qua-

260 1714 342 1735 rum
358 1701 504 1735 nomina
515 1700 602 1736 adeo
617 1708 727 1746 poetae
743 1700 843 1745 prisci
860 1713 931 1734 me—

262 1753 380 1787 moriae
391 1751 590 1787 mandanda
600 1759 822 1786 censuerunt.
833 1751 938 1786 Com-

263 1806 433 1851 prehensa
449 1805 555 1840 etiam
574 1812 674 1840 erant
691 1805 792 1850 prisci
813 1806 938 1850 cujus-

261 1857 344 1891 dam
371 1863 482 1902 poetae
513 1857 614 1902 graeci
639 1857 793 1891 versibus
807 1883 815 1896 ‚
851 1870 939 1902 quos

260 1910 476 1946 bibliothecae
494 1923 564 1945 suae
586 1910 734 1945 inseruit
754 1910 914 1955 Apollod.
927 1936 936 1954 ‚

261 1964 321 1999 ubi
337 1971 455 1999 tamen
477 1976 550 1998 non
572 1964 637 1998 nisi
654 1963 808 2008 reliquiae
835 1976 937 2008 quae-

262 2014 344 2048 darn
357 2041 366 2058 ,
394 2014 596 2059 eaedemque
620 2014 746 2048 misere
766 2021 938 2060 corruptae

260 2073 402 2100 servatae
413 2074 504 2101 sunt.
521 2066 652 2112 Hygin.
666 2066 753 2099 duos
768 2066 939 2112 catalogos

262 2117 366 2152 habet
385 2144 394 2161 ,
427 2131 578 2163 quorum
604 2118 700 2163 prior
728 2119 771 2164 39
793 2118 938 2152 nomina

261 2169 418 2203 continet
429 2195 438 2213 ,
465 2165 616 2214 quorum
632 2169 796 2214 pleraque
813 2169 938 2204 eadem

260 2216 342 2256 sunt
354 2248 364 2267 ,
382 2234 459 2266 quae
477 2221 652 2256 Ovidiana
664 2247 673 2265 ,
691 2222 798 2256 etiam
811 2221 937 2256 eodem

262 2285 370 2318 prope
397 2272 521 2307 ordine
546 2279 785 2308 recensentur.
810 2273 940 2307 Poste-—

258 2325 332 2359 rior
343 2325 385 2369 46
401 2325 546 2359 nomina
557 2331 743 2359 enumerat
761 2325 802 2358 ab
817 2324 869 2359 his
884 2325 938 2359 di-

261 2389 368 2411 versa.
395 2376 580 2423 AEschylus
604 2389 678 2410 non
703 2375 768 2410 nisi
789 2383 938 2421 quatuor

261 2430 505 2464 nominaverat
517 2442 525 2463 :
542 2428 678 2472 Pollux,
689 2427 738 2471 V,
750 2429 800 2473 47.
811 2428 940 2463 Noster

262 2482 304 2516 36
323 2482 470 2516 nomina
494 2481 671 2526 excerpsit.
696 2481 794 2514 Bene
819 2487 938 2514 autem

262 2535 342 2569 fecit
353 2561 362 2578 ,
379 2534 473 2579 quod
483 2562 492 2575 ,
507 2533 684 2568 tenuitatis
700 2532 849 2567 vitandae
862 2545 938 2567 cau-

262 2598 298 2624 sa
309 2611 319 2629 ,
338 2586 540 2621 nominibus
548 2585 693 2620 subinde
707 2585 873 2630 adspersit
882 2585 939 2619 ali-

264 2638 347 2682 quid
358 2638 400 2672 de
412 2637 531 2673 indole
547 2645 581 2673 et
595 2638 705 2683 patria
720 2637 938 2683 singulorum

265 2702 417 2730 canum;
443 2690 486 2724 de
504 2702 571 2734 qua
587 2703 625 2724 re
641 2689 668 2724 si
686 2689 761 2733 quis
780 2696 937 2723 accurate

260 2740 412 2787 judicare
423 2741 525 2784 velit,
546 2741 646 2776 adeat
662 2742 714 2777 rei
730 2742 937 2787 cynegeticae

1004 1343 1171 1372 auctores.
1193 1337 1444 1372 Venaticorum
1460 1350 1586 1372 canum
1603 1339 1675 1373 vir-

1003 1395 1095 1423 tutes
1111 1388 1281 1435 principes
1295 1396 1375 1423 sunt
1389 1391 1550 1436 sagacitas
1563 1399 1598 1427 et
1614 1405 1677 1426 ve-

1002 1440 1436 1476 locitas.Praestantissimos
1446 1442 1582 1477 alebant
1593 1441 1676 1478 Cre-

1004 1501 1037 1528 ta
1050 1520 1059 1538 ,
1079 1494 1226 1529 Arcadia
1238 1520 1247 1537 ,
1266 1494 1425 1530 Laconia.

1046 1548 1121 1581 208.
1140 1547 1296 1586 Gnosius,
1312 1545 1502 1590 Cretensis,
1513 1559 1531 1580 a
1543 1546 1674 1587 Gnoso,

1002 1597 1088 1632 urbe
1108 1597 1280 1633 Cretensi.
1297 1598 1480 1643 Ejusmodi
1497 1606 1614 1634 autem
1625 1613 1676 1634 re-

1002 1651 1186 1696 petitiones
1210 1651 1399 1701 'nominum
1424 1664 1505 1686 cum
1535 1651 1676 1686 addita—

1002 1712 1124 1739 mento
1140 1705 1255 1749 aliq'uo
1271 1705 1343 1749 jam
1366 1704 1457 1750 apud
1475 1705 1676 1739 Homerum

1001 1765 1199 1792 occurrunt.
1213 1776 1258 1783 —
1269 1760 1409 1802 Rapida
1419 1770 1514 1792 aura.
1539 1756 1674 1792 Gallim.

1001 1809 1037 1844 h.
1052 1809 1156 1844 Dian.
1172 1822 1260 1844 vers.
1277 1811 1321 1857 94
1336 1822 1344 1843 :
1361 1810 1509 1848 sozmves
1525 1810 1653 1858 αὖράων.

1046 1875 1120 1896 211.
1151 1863 1292 1902 Valens,
1321 1861 1448 1896 scilicet
1471 1860 1609 1895 robore.
1631 1878 1675 1885 --·

1001 1915 1141 1959 Hyloeus
1150 1919 1214 1947 etc.
1226 1913 1374 1947 Heinsio
1385 1920 1485 1958 poeta
1494 1912 1676 1947 videbatur

1002 1963 1046 1998 ad
1061 1966 1203 2011 Hyleum
1225 1963 1267 1998 ab
1287 1977 1371 2009 apro
1391 1962 1587 2011 Calydonio
1609 1963 1673 1998 in-

1001 2016 1186 2050 tersectum
1207 2015 1403 2061 respexisse.

1045 2069 1117 2112 214.
1134 2070 1249 2112 Deque
1271 2070 1350 2112 lupo
1366 2075 1430 2103 etc.
1456 2067 1563 2103 Arist.
1582 2067 1673 2102 Hist.

1002 2119 1122 2154 Anim.
1139 2119 1196 2154 lib.
1214 2119 1306 2154 VIII
1325 2145 1335 2164 ‚
1357 2133 1431 2166 cap.
1459 2129 1580 2154 xxvnl
1599 2131 1608 2153 ε
1631 2112 1674 2156 ἐν

1001 2176 1120 2221 Κυρήνῃ
1135 2173 1296 2216 ’μίσγονται
1313 2176 1342 2208 οἱ
1360 2175 1441 2208 λύκοι
1457 2180 1525 2211 ταῖς
1538 2177 1617 2207 κυσί.
1630 2188 1674 2197 ·--

1001 2227 1172 2260 Poemenis.
1198 2223 1319 2258 Codex
1340 2224 1469 2270 Regius
1493 2224 1526 2258 A
1543 2250 1553 2267 ,
1581 2226 1673 2258 His-

1001 2279 1116 2310 ment‘s.
1143 2275 1321 2312 Caeterum
1337 2289 1463 2322 magna
1475 2276 1620 2310 varietas
1635 2275 1672 2309 in

1000 2327 1054 2367 his
1063 2327 1458 2363 nominibus-scribendis
1464 2327 1674 2372 manuscrip—

1000 2380 1043 2414 tis
1054 2387 1104 2414 est
1114 2405 1123 2423 ,
1135 2386 1175 2413 ut
1183 2379 1278 2413 solet.
1289 2381 1451 2413 Paemem's
1459 2405 1467 2418 ‚
1480 2377 1680 2412 pastoralis.-

1000 2448 1044 2456 ·—
1059 2432 1230 2476 Harpyia,
1249 2442 1352 2474 rapax
1363 2455 1372 2472 ,
1390 2436 1425 2463 et
1436 2429 1674 2476 Harpyiarum

1001 2483 1119 2517 similis
1137 2495 1213 2527 quae
1229 2490 1311 2517 sunt
1329 2483 1564 2528 rapacissimae.
1588 2484 1653 2516 Ed.

1044 2534 1118 2568 215.
1138 2536 1274 2575 Gerens,
1286 2534 1426 2570 habens.
1441 2535 1490 2578 11,
1503 2537 1578 2581 751,
1589 2534 1676 2567 Sub-

1000 2590 1118 2620 slricla
1133 2599 1231 2620 crura
1238 2599 1355 2630 gerens
1365 2614 1373 2628 ,
1402 2585 1444 2620 de
1459 2597 1581 2630 mergo
1599 2597 1672 2618 ave.

1003 2638 1171 2683 Quinctil.
1185 2638 1268 2672 Inst.
1281 2637 1380 2673 Orat.
1392 2637 1484 2672 VIII
1495 2663 1504 2680 ,
1521 2647 1566 2670 111
1577 2661 1587 2679 ‚
1606 2647 1646 2668 ιο
1662 2647 1671 2668 :

1000 2691 1182 2724 Decentior
1193 2702 1306 2734 equus,
1319 2690 1416 2732 cujus
1425 2689 1588 2721 adstricta
1593 2688 1675 2720 sunl

999 2743 1079 2783 ilia,
1100 2743 1258 2776 sedidem
1274 2743 1424 2775 velocior.
1441 2756 1484 2767 ·--
1494 2738 1670 2784 St'cyom‘us
