1832 3100
257 218 269 223 ’
339 221 1048 267 METAMORPHOSEON
1079 225 1208 269 LIB.
1243 227 1366 271 VII.

1486 230 1575 291 529

142 313 337 363 Somnus
357 314 480 363 abit:
502 313 664 372 damno
686 312 875 377 vigilans
899 333 994 363 mea
1017 316 1136 375 visa;
1164 337 1416 387 querorque

143 397 199 445 In
219 396 403 464 Superis
427 395 527 463 opis
545 394 777 444 esse-nihil
798 415 807 443 :
829 407 875 445 at
891 396 938 444 in
963 397 1133 447 aedibus
1157 400 1316 464 ingens

145 480 356 528 Murmur
375 489 496 535 erat3
520 497 741 545 vocesque
765 477 998 528 hominum
1021 481 1227 531 exaudire
1246 472 1433 534 *videbar
1449 524 1461 545 ‚
1510 502 1578 548 645

144 563 246 611 Jam
270 559 381 610 mihi
405 560 611 610 desuetas
632 581 642 609 ε
667 560 774 609 dum
799 562 1003 629 suspicor
1032 562 1112 612 has
1138 583 1317 632 quoque
1342 569 1510 629 somni;

145 647 260 695 Ecce
282 644 405 694 venit
426 643 644 693 Telamon
666 662 914 711 properus;
938 643 1203 712 foribusque
1225 647 1410 699 reclusis
1425 689 1438 710 ‚

149 749 172 771 «
200 726 377 795 Speque
399 725 575 794 fideque
589 764 602 785 ‚
625 738 773 793 pater,
800 726 940 786 dixit,
963 727 1131 793 majora
1154 728 1328 778 videbis
1348 751 1358 780 :

147 834 172 856 »
198 812 435 876 Egredere.
463 835 486 855 »
508 811 752 876 Egredior3
778 811 1020 880 qualesque
1044 813 1091 862 in
1110 813 1302 879 imagine
1325 818 1473 865 somni

143 895 280 944 Visus
304 913 422 944 eram
441 893 604 943 vidisse
627 894 771 952 viros;
798 914 851 944 ex
876 894 1034 943 ordine
1058 895 1165 944 tales

1514 914 1582 948 650

143 977 361 1046 Adspicio
379 1014 392 1037 ‚
417 995 701 1043 agnoscoque
724 996 734 1024 :
755 976 921 1026 adeunt
940 996 950 1036 ;
978 997 1216 1046 regemque
1238 979 1446 1030 salutant.

143 1062 266 1110 Vota
286 1060 390 1110 Jovi
417 1059 569 1119 solvo,
593 1059 867 1127 populisque
892 1063 1147 1112 recentibus
1170 1063 1330 1113 urbem

145 1144 325 1194 Partior
341 1182 353 1203 ‚
378 1155 423 1193 et
445 1163 609 1193 vacuos
630 1143 792 1211 priscis
816 1143 1069 1194 cultoribus
1093 1164 1223 1208 agros
1242 1165 1251 1204 ;

147 1226 544 1295 Myrmidonasque
567 1244 704 1284 voco,
729 1245 812 1276 nec
833 1227 1002 1291 origine
1026 1227 1206 1277 nomina
1228 1227 1401 1278 fraudo.

149 1311 352 1378 Corpora
374 1309 525 1359 vidisti
546 1329 556 1357 z
577 1328 725 1358 mores
739 1347 751 1368 ‚
777 1329 893 1376 quos
915 1321 1017 1359 ante
1042 1309 1286 1374 gerebant,

1517 1327 1585 1361 655

147 1394 279 1442 Nunc
293 1411 472 1460 quoque
483 1391 674 1449 habent;
695 1409 880 1459 parcum
896 1411 1037 1455 genus
1053 1404 1120 1441 est
1136 1393 1399 1460 patiensque
1413 1393 1631 1458 laborum,

149 1475 427 1544 Quaesitique
452 1487 607 1535 tenax,
633 1486 679 1525 et
703 1475 781 1542 qui
801 1475 986 1542 quaesita
1003 1488 1243 1525 reservent.

148 1560 211 1609 Hi
233 1571 278 1610 te
301 1559 358 1609 ad
380 1557 521 1616 bella,
544 1577 674 1626 pares
699 1557 827 1607 annis
851 1557 1124 1625 animisque,
1151 1572 1419 1626 sequentur;

149 1642 307 1706 Quum
327 1641 545 1708 primum,
570 1630 654 1707 qui
674 1652 717 1688 te
738 1639 929 1690 feliciter
951 1640 1126 1699 attulit,
1154 1643 1304 1690 Eurus
1318 1680 1331 1701 ,

147 1725 298 1773 Eurus
319 1723 438 1773 enim
461 1722 696 1783 attulerat,
719 1722 854 1773 fuerit
877 1735 1077 1772 mutatus
1101 1723 1149 1772 in
1171 1725 1378 1773 Austros.
1408 1748 1431 1768 »

190 1866 267 1912 643.
291 1867 430 1902 Damno
445 1893 455 1907 ,
484 1873 688 1903 contemno.
705 1885 750 1892 —-
765 1868 834 1901 De-

147 1924 280 1960 suetas,
292 1931 422 1964 nempe
434 1918 632 1954 multorum
645 1918 834 1954 hominum

148 1985 251 2008 voces
263 1979 299 2007 et
306 1971 468 2006 fremitus
478 1971 599 2007 audire
616 1971 833 2008 desueverat.

147 2043 193 2051 —
206 2025 300 2059 Dum
314 2026 469 2069 suspicor
480 2025 545 2058 has
557 2037 684 2070 quoque
697 2027 832 2068 somni,-

149 2080 242 2114 Ecce
250 2080 344 2113 venit
352 2084 418 2113 etc.
427 2077 530 2124 Regii
543 2078 655 2113 nostri
668 2077 831 2123 Codices,

147 2132 227 2166 dum
237 2132 391 2174 suspicor
397 2131 463 2165 has
472 2143 599 2176 quoque
605 2134 718 2165 somni
726 2133 833 2175 Esse‚·

151 2186 247 2219 venit
254 2189 320 2218 etc.
333 2182 416 2219 Non
427 2182 519 2217 mala
530 2190 624 2218 certe
637 2182 750 2218 lectio.
767 2185 834 2218 Ed.

193 2235 270 2284 649.
285 2236 328 2270 In
339 2237 488 2279 imagine
501 2239 620 2271 somni.
644 2235 834 2270 Burman-

150 2296 218 2322 nus
234 2286 355 2322 mallet
369 2290 406 2321 ιἰι
427 2289 574 2331 imagine
594 2290 724 2328 noctis,
754 2288 835 2333 quia

149 2339 324 2386 precessit
347 2343 466 2375 somni.
487 2339 589 2386 Regii
611 2340 721 2375 nostri
744 2340 778 2374 A
799 2346 836 2375 et

150 2391 183 2428 B
194 2390 328 2427 habent
340 2395 466 2432 somni,
486 2391 522 2427 id
539 2399 591 2427 est
607 2419 617 2436 ,
633 2391 834 2436 somnium,

150 2451 192 2480 ut
211 2445 306 2482 VIII
319 2472 330 2490 ,
356 2446 445 2491 824:
465 2446 557 2482 infra
582 2453 702 2482 tamen
715 2472 726 2490 ‚
752 2446 805 2481 lx
822 2472 832 2490 ,

152 2498 218 2541 423
230 2523 241 2541 ,
262 2501 374 2543 imago
389 2503 500 2533 noctis
515 2511 527 2543 ‚¹
555 2506 591 2534 et
612 2499 734 2533 Amor.
751 2498 807 2533 111
822 2524 833 2543 ,

154 2551 174 2584 5
185 2575 196 2594 ,
212 2555 375 2586 nocturna
387 2554 511 2596 imago.

196 2601 273 2646 654.
287 2603 531 2650 Myrmidonas.
559 2602 652 2638 Vide
676 2602 720 2638 ad
746 2617 836 2639 vers.

154 2653 231 2697 453.
240 2653 387 2699 Strabo,
402 2661 548 2691 notante
561 2655 673 2701 Regio
685 2682 695 2699 ,
712 2669 770 2690 eos
786 2656 837 2690 in-

155 2706 200 2742 de
209 2707 278 2743 hoc
291 2719 424 2742 nomen
443 2709 611 2754 accepisse
627 2708 701 2743 vuit
714 2734 723 2752 ‚
741 2709 836 2753 quod

154 2760 384 2797 formicarum
402 2773 502 2796 more
521 2768 653 2796 terram
667 2762 705 2796 in
722 2769 838 2807 petras
880 2769 883 2771 '

281 2828 388 2872 III.

1515 1740 1587 1776 660

901 1867 1188 1914 apportaverint,
1204 1873 1246 1902 ut
1263 1868 1335 1914 agri
1353 1867 1492 1903 colendi
1509 1882 1588 1904 ma-

898 1920 1024 1956 teriam
1042 1919 1225 1955 habereut.
1250 1937 1295 1946 —-
1316 1922 1512 1956 Fraudalur
1525 1935 1588 1957 no-

899 1986 974 2008 men
994 1976 1140 2018 origine,
1173 1986 1285 2019 quum
1310 1974 1364 2008 rei
1391 1975 1588 2020 imponitur

899 2038 1055 2071 nomen,
1087 2025 1182 2071 quod
1198 2039 1274 2061 non
1300 2026 1453 2062 declarat
1469 2028 1586 2075 origi—

898 2092 985 2114 nem
997 2105 1007 2123 ,
1029 2091 1104 2114 non
1121 2079 1338 2115 conveniens
1355 2080 1494 2127 origini.

943 2132 1020 2168 656.
1036 2133 1180 2167 Parcum
1196 2145 1301 2177 genus
1321 2137 1375 2167 est
1395 2146 1436 2167 ex
1459 2133 1587 2169 nostris

900 2183 1019 2230 Regiis
1033 2183 1149 2230 recepi
1163 2197 1171 2226 ;
1185 2186 1219 2220 τὲ
1234 2189 1289 2218 est
1296 2197 1416 2219 errore
1429 2186 1587 2231 profecto

900 2236 1066 2271 omiserat
1080 2237 1215 2281 Gimgr:
1225 2243 1379 2271 metrum
1389 2237 1567 2271 laborabat
1576 2250 1585 2279 ;

900 2288 958 2324 alii
972 2288 1103 2323 habent
1108 2301 1314 2334 parcumque
1326 2302 1442 2334 genus.
1463 2288 1529 2323 Ed.
1543 2305 1588 2315 --

903 2341 998 2377 Cum
1015 2342 1074 2378 his
1090 2343 1295 2378 conseratur
1323 2343 1493 2377 Horatius
1508 2369 1517 2386 ,
1544 2343 1560 2378 I
1575 2369 1586 2387 ,

900 2394 1017 2430 Serm.
1034 2405 1048 2428 1
1061 2421 1071 2439 ‚
1090 2395 1132 2430 33
1147 2407 1223 2440 sqq.
1239 2413 1284 2421 —-
1303 2397 1448 2438 Quoesiti
1459 2399 1564 2428 tenax
1575 2420 1584 2435 ,

899 2454 936 2482 et
949 2450 1162 2493 quiquoesita
1177 2452 1344 2482 reservent
1365 2446 1493 2482 eodem
1521 2459 1586 2481 re-

900 2499 993 2535 deun
1000 2508 1066 2534 t.—
1072 2502 1221 2544 Quaesila
1230 2504 1395 2533 reservent
1405 2526 1413 2535 .
1434 2499 1564 2534 scilicet
1575 2525 1584 2543 ,

900 2553 1160 2601 Myrmidones.
1170 2551 1292 2587 Codex
1302 2553 1433 2599 Regius
1443 2553 1487 2596 Α,
1499 2554 1593 2598 quod

899 2609 1040 2651 quoesila
1049 2610 1207 2649 reservem
1224 2604 1346 2639 Codex
1354 2606 1397 2649 Β,
1406 2608 1497 2651 quod
1504 2619 1587 2650 qua·-

900 2663 969 2693 sita
984 2664 1131 2693 reservat
1146 2671 1155 2692 :
1170 2658 1323 2703 intellige
1337 2684 1346 2701 ,
1363 2671 1470 2702 genus
1480 2685 1489 2693 .
1509 2670 1587 2702 quae

900 2710 1005 2745 lectio
1017 2717 1052 2745 et
1065 2710 1201 2756 vulgata
1214 2710 1304 2744 bene
1317 2724 1352 2745 se
1367 2710 1507 2745 habent.
1521 2711 1587 2744 Ed.

946 2763 1022 2811 659.
1035 2763 1358 2799 Eurusmutaturin
1371 2762 1543 2805 lib.V111,
1557 2776 1586 2795 2.

1345 2829 1402 2883 34
