1832 3100
375 249 1077 297 METAMORPHOSEON
1109 252 1241 297 LIB.
1276 255 1375 298 III.
1502 255 1588 316 273

165 343 379 412 Cepimus
398 363 410 392 ε
429 355 476 393 et
494 343 677 393 tradunt
697 344 904 393 manibus
924 356 1029 412 post
1050 355 1173 408 terga
1195 345 1363 409 ligatis,
1473 395 1481 404 ,
1526 336 1592 409 5.]’5

162 422 294 472 Sacra
315 421 401 471 Dei
423 420 649 488 quondam
671 422 900 489 Tyrrhena
922 434 1051 486 gente
1076 435 1326 490 sequutum.

228 499 438 567 Adspicit
459 499 580 549 hunc
603 499 745 549 oculis
770 500 996 549 Pentheus
1010 538 1022 560 ‚
1050 519 1164 568 quos
1185 500 1250 549 ira
1273 501 1524 550 tremendos

163 578 344 627 Fecerat
363 597 374 626 :
393 589 457 637 et,
483 597 739 645 quanquam
761 597 904 644 poenae
927 578 1000 627 vix
1026 591 1227 646 tempora
1247 578 1421 637 differt,

168 677 193 700 «
219 657 264 706 Ο
285 656 483 723 periture
501 692 513 714 ,
537 667 707 722 tuaque·
727 655 824 704 aliis
847 655 1112 705 documenta
1134 656 1289 704 dature
1379 659 1383 666 ”

166 754 192 777 »
219 733 372 783 Morte
385 771 398 793 ,
419 734 482 782 ait
495 771 508 793 ,
525 733 605 782 ede
625 745 751 787 tuum
769 753 932 783 nomen
945 771 958 792 ‚
980 753 1235 801 nomenque
1258 745 1513 801 parentum,
1537 746 1602 783 580

175 831 201 853 »
225 811 287 858 Et
307 803 521 877 patriam;
545 810 773 877 morisque
794 811 898 859 novi
922 830 1001 859 cur
1022 830 1144 860 sacra
1164 811 1430 877 frequentes.
1458 833 1482 855 »

164 887 247 938 Ille
264 900 387 938 metu
409 907 574 937 vacuus
594 908 604 936 ε
631 911 653 931 «
674 889 851 937 Nomen
874 889 1004 947 mihi,
1032 888 1167 946 dixit,
1190 889 1396 946 Acoetes3

169 989 195 1011 »
219 967 391 1027 Patria,
413 965 608 1016 Maeonia
626 978 695 1016 est
714 986 724 1015 ι
744 965 904 1015 humili
930 966 982 1015 de
1004 965 1136 1034 plebe
1158 977 1376 1033 parentes.

168 1099 275 1133 Sacra
282 1098 428 1133 Deietc.
441 1098 551 1132 Hunc
561 1109 702 1142 quoque
714 1109 856 1132 versum

168 1149 340 1185 Heinsius
349 1157 387 1185 et
396 1150 626 1184 Burmannus
635 1149 795 1194 spurium
805 1148 857 1193 ju-

169 1201 298 1237 dicant.
317 1202 439 1238 Recte.
465 1202 578 1236 Poeta
600 1201 697 1235 enim
711 1200 784 1245 ipse
801 1199 858 1234 hic

169 1252 348 1299 loquitur3
366 1253 395 1288 is
411 1265 497 1287 vero
508 1251 689 1287 Bacchum
702 1264 776 1285 non
793 1263 860 1297 po-

171 1314 263 1343 terat
277 1307 326 1343 ita
341 1307 541 1342 nominare.
555 1324 600 1332 —
618 1305 739 1341 Nostri
756 1304 859 1351 Regii

171 1359 341 1395 eumdem
355 1371 499 1394 versum
511 1370 592 1401 *non
610 1357 841 1392 admiserunt.

171 1410 230 1446 De
252 1412 432 1458 Tyrrhenis·
442 1409 524 1445 vide
539 1409 583 1444 ad
601 1421 743 1444 versum
761 1408 836 1443 583.

218 1464 294 1508 577.
309 1463 475 1507 Adspicit
485 1463 585 1496 hunc.
599 1460 757 1496 Bacchus
774 1472 859 1494 mu-

173 1521 244 1551 tata
259 1516 374 1550 forma
397 1513 585 1550 adducitur
599 1513 736 1548 vinetus
749 1538 759 1556 ,
787 1512 859 1546 mi·-

172 1567 344 1614 mutique
373 1565 538 1602 Pentheo
566 1572 603 1600 et
627 1565 737 1600 vitam
757 1576 859 1599 suam

173 1626 317 1655 enarrat
344 1625 381 1654 et
405 1616 569 1653 miranda
597 1616 727 1652 Bacchi
758 1617 859 1651 sacta.

135 1700 140 1706 .
174 1671 312 1708 Confer
322 1670 610 1719 Homerihymn.
621 1669 749 1705 Bacch.
761 1684 794 1716 p.
805 1670 860 1705 83.

172 1723 511 1772 Em.Hyginifabul.
524 1723 600 1767 134;
610 1722 774 1768 Apollod.
788 1723 858 1767 III,

171 1788 218 1822 v,
233 1777 266 1812 3.
290 1776 385 1822 Quae
401 1775 657 1822 Aglaosthenes
671 1775 707 1810 in
724 1774 861 1810 Naxicis

171 1827 388 1872 tradiderat,
417 1827 588 1873 excerpsit
605 1826 739 1873 Hygin.
758 1826 799 1861 P.
816 1826 862 1860 A.

173 1881 192 1916 1
206 1906 217 1925 ,
243 1894 295 1928 ¹7·
323 1879 460 1916 Confer
477 1887 514 1916 et
536 1880 662 1915 Senec.
682 1877 768 1914 OEd.
796 1880 863 1925 449

173 1945 250 1978 sqq.
281 1939 319 1967 et
331 1959 342 1977 ‚
374 1931 436 1978 qui
466 1931 584 1978 paucis
610 1942 690 1981 rem
716 1929 830 1975 attigit
851 1956 861 1974 ,

175 1987 339 2033 Propert.
355 1986 413 2022 111
424 2011 435 2030 ,
453 1997 520 2021 xv.
538 1988 591 2021 25.
609 1984 749 2023 Omnes
765 1983 804 2017 in
819 1995 863 2017 eo

174 2038 403 2074 consentiunt
414 2063 424 2082 ,
439 2039 628 2084 Tyrrhenos
636 2042 760 2071 nautas
767 2047 864 2080 rape-

175 2103 217 2126 re
231 2090 380 2126 voluisse
395 2089 577 2125 Bacchum
589 2114 600 2133 ‚
611 2100 740 2133 eosque
753 2099 863 2123 cunc-

178 2151 258 2189 tos,
287 2150 418 2191 praeter
443 2142 718 2189 gubernatorem
741 2141 840 2186 pium
854 2166 864 2184 ,

176 2197 215 2232 in
225 2195 410 2242 delphinos
419 2207 492 2230 esse
502 2201 669 2238 mutatos,
680 2205 792 2238 quum
800 2205 866 2227 an·-

176 2256 235 2284 tea
252 2254 402 2294 repente
417 2247 521 2282 variae
543 2246 641 2281 navis
663 2252 779 2291 partes
799 2244 866 2278 he-

176 2301 263 2334 dera
271 2308 308 2333 et
320 2298 495 2344 pampinis
503 2304 620 2332 essent
630 2296 864 2333 circumdatae.

178 2352 318 2398 Nempe
329 2351 373 2386 ad
389 2350 673 2386 commendanda
687 2363 782 2386 sacra
799 2350 862 2385 hu-

177 2408 234 2452 jus
249 2405 341 2451 Dei,
365 2405 409 2440 ab
423 2404 570 2440 homine
584 2411 620 2440 et
635 2404 730 2441 inter
746 2404 865 2440 homi-

179 2471 244 2495 nes
254 2458 330 2494 nati
341 2483 352 2502 ,
368 2457 537 2504 fingenda
550 2450 652 2492 efflant
666 2457 778 2492 multa
793 2439 865 2491 mit

179 2510 298 2546 racula
314 2516 350 2544 et
372 2509 530 2555 exempla
546 2508 735 2544 hominum
755 2509 799 2544 ab
822 2521 865 2544 eo

180 2564 400 2612 punitorum.
427 2563 514 2598 Post
540 2562 721 2598 Homeric.
742 2562 866 2610 hymn.

181 2617 324 2666 plurimi
337 2623 374 2652 et
390 2617 427 2651 in
442 2628 486 2652 eo
502 2615 703 2662 conspirant
715 2642 724 2659 ‚
742 2617 867 2650 Naxon

180 2684 267 2707 eum
292 2669 456 2715 navigare
471 2668 633 2703 .voluisse
650 2694 661 2712 ,
688 2668 759 2703 sive
786 2668 867 2712 quia

183 2724 333 2761 Naxieus
354 2723 503 2768 scriptor
519 2721 654 2767 primus
676 2720 743 2756 sab.
766 2720 868 2754 inve-

185 2782 287 2812 nerat
305 2781 577 2811 exornaveratve
592 2800 601 2818 ,
626 2773 695 2808 sive
713 2771 794 2818 quia
810 2771 868 2806 illa

314 2842 418 2886 III.

922 1096 1034 1131 insula
1043 1096 1164 1142 Orgiis
1174 1096 1330 1131 celebris.
1341 1095 1540 1131 Commode
1549 1109 1608 1130 au-

923 1156 996 1184 tem
1013 1150 1143 1184 Noster
1158 1148 1233 1184 haec
1249 1149 1454 1189 admiscuit,
1480 1149 1608 1194 partim

923 1201 1005 1246 quia
1031 1200 1333 1246 metamorphosin
1361 1200 1493 1235 habent
1504 1228 1513 1242 ‚
1541 1214 1611 1246 qua

923 1252 1056 1298 reliqua
1066 1252 1171 1297 hujus
1180 1250 1302 1288 sab'ulae
1313 1266 1390 1298 pars
1402 1260 1496 1288 caret
1505 1279 1514 1297 ,
1528 1266 1613 1299 par-

922 1305 988 1340 tim
1005 1305 1087 1350 quia
1103 1305 1264 1340 Penthea
1283 1305 1408 1340 docere
1424 1313 1609 1351 poterant,

925 1369 1033 1402 quam
1056 1363 1181 1402 potens
1201 1357 1259 1392 ille
1277 1357 1375 1393 Deus
1395 1365 1494 1394 esset.
1518 1358 1613 1394 Nar-

925 1409 1016 1443 ratio
1032 1408 1106 1444 haec
1121 1408 1285 1454 praeclara
1303 1416 1354 1444 est
1370 1416 1405 1444 et
1422 1417 1558 1446 morata
1573 1411 1612 1445 in

924 1460 1046 1507 primis
1061 1487 1071 1505 ,
1098 1460 1239 1506 longior
1263 1468 1382 1496 tamen
1402 1487 1412 1506 ,
1439 1475 1547 1507 quam
1572 1469 1614 1498 ut

924 1515 1047 1548 furens
1075 1513 1258 1549 Pentheus
1279 1515 1379 1549 omni
1403 1527 1504 1551 aures
1520 1529 1614 1562 pra-

923 1565 1037 1601 buisse
1059 1564 1156 1605 credi
1178 1566 1295 1611 possit.
1316 1567 1399 1602 Hoc
1414 1567 1522 1603 sensit
1539 1565 1613 1614 ipse

924 1625 1028 1663 poeta
1042 1632 1050 1660 ;
1068 1618 1187 1663 itaque
1198 1631 1301 1655 versu
1315 1619 1381 1667 692
1399 1619 1495 1665 quasi
1507 1632 1613 1655 emu-

925 1670 1098 1706 sationem
1121 1670 1185 1706 sibi
1202 1679 1302 1718 parat
1319 1699 1328 1716 ‚
1353 1673 1415 1708 sed
1438 1686 1512 1708 non
1532 1670 1614 1709 satis

925 1723 1175 1769 probabiliter;
1203 1725 1263 1770 qui
1284 1725 1382 1760 enim
1398 1732 1534 1762 attente
1551 1726 1613 1761 diu

926 1775 1078 1810 alterum
1094 1776 1214 1820 audit,
1235 1789 1279 1812 eo
1301 1777 1376 1823 ipso
1393 1779 1558 1822 consilio,
1576 1783 1619 1813 ul

926 1831 979 1863 ira
994 1831 1083 1863 vires
1106 1841 1200 1863 mora
1215 1832 1388 1864 absumere
1403 1835 1538 1874 posset,
1557 1831 1584 1866 is
1601 1857 1612 1875 ,

927 1893 967 1915 re
983 1880 1123 1926 cognita
1135 1907 1145 1924 ,
1171 1893 1246 1915 non
1264 1881 1384 1916 dirum
1405 1882 1615 1928 supplicium

928 1932 1098 1967 decernit.
1115 1932 1293 1968 Caeterum
1309 1933 1451 1969 Lucian.
1467 1934 1505 1969 in
1522 1934 1615 1970 Dial.

928 1985 1065 2019 Mai-in.
1089 1984 1198 2019 tradit
1213 2011 1224 2029 ‚
1260 1985 1379 2031 praelio
1406 1986 1514 2022 victos
1540 2001 1615 2023 esse

929 2037 1137 2086 Tyrrhenos
1148 2050 1168 2073 a
1182 2038 1332 2074 Baccho.
1341 2056 1385 2066 -·
1400 2041 1613 2082 Tremendos,

927 2089 1010 2135 igne
1034 2089 1226 2132 micantes3
1251 2089 1341 2136 ignis
1363 2091 1461 2127 enim
1482 2097 1618 2129 tremere

930 2141 1067 2176 dicitur»
1079 2159 1124 2168 -··
1140 2140 1230 2177 cod.
1250 2143 1337 2190 Reg.
1355 2143 1385 2179 B
1397 2170 1407 2188 ,
1425 2148 1617 2190 w‘xpoenoe;

928 2193 1026 2238 parvi
1047 2194 1168 2230 refert.
1184 2213 1229 2220 —
1246 2196 1358 2233 Edere
1370 2224 1379 2238 ‚
1408 2204 1449 2232 ut
1468 2198 1486 2233 1
1502 2225 1511 2239 ,
1545 2198 1618 2241 761.

928 2266 973 2274 —
992 2249 1103 2289 ‚Tuum
1127 2261 1247 2283 nomen
1263 2255 1329 2285 etc.
1351 2250 1439 2286 Haec
1459 2251 1526 2286 tria
1542 2252 1616 2286 sere

929 2300 1013 2334 olim
1033 2301 1143 2345 quaeri
1158 2301 1318 2337 solebant
1333 2316 1374 2338 ex
1389 2303 1542 2340 advenis.

974 2354 1217 2398 582.Acaeles,
1235 2347 1377 2396 Ᾰκσίτης.
1398 2356 1520 2393 Codex
1537 2358 1618 2393 Re—

930 2405 1005 2452 gius
1024 2406 1056 2440 A
1067 2432 1077 2451 ,
1096 2408 1253 2443 Acestes.
1264 2426 1309 2435 —
1321 2407 1401 2444 Hoc
1413 2422 1546 2444 nomen
1561 2410 1618 2444 alii

929 2458 1212 2503 interpretantur
1235 2460 1374 2505 vigilem
1390 2487 1399 2503 ‚
1439 2460 1522 2506 quia
1544 2474 1618 2507 gu·-

929 2510 1158 2545 bernatorem
1187 2512 1284 2546 navis
1308 2511 1448 2560 vigilem
1477 2525 1618 2559 semper

931 2575 1003 2597 esse
1018 2570 1196 2608 oporteat;
1213 2563 1268 2597 alii
1281 2571 1404 2598 contra
1416 2590 1426 2609 ,
1445 2571 1518 2599 tam
1533 2579 1616 2612 pau·

930 2625 1052 2660 perem
1066 2640 1074 2658 ,
1096 2622 1134 2650 ut
1151 2614 1256 2649 cubili
1278 2623 1394 2651 careat
1410 2629 1418 2651 :
1436 2617 1531 2663 prius
1546 2631 1615 2654 ve·-

930 2679 1011 2701 rum
1025 2693 1033 2708 ‚
1060 2667 1211 2701 alterum
1227 2667 1399 2714 ineptum.
1420 2670 1523 2705 Idem
1540 2683 1615 2706 no-

930 2731 1015 2753 men
1036 2719 1264 2767 gubernatori
1283 2721 1390 2756 etiam
1408 2723 1501 2768 apud
1526 2725 1613 2770 Hy·⁴

932 2771 1055 2816 ginum
1074 2786 1083 2814 ;
1109 2772 1169 2809 sed
1198 2773 1234 2808 in
1263 2773 1425 2810 Homero
1461 2777 1614 2812 Medffles

1378 2844 1427 2886 18
