1832 3100
294 217 372 260 132

669 217 721 259 P.
759 216 990 261 OVIDII
1022 215 1324 260 NASONIS

283 311 412 358 Nunc
435 310 530 357 Dea
554 308 738 372 linigera
761 307 923 356 colitur
943 308 1223 358 celeberrima
1245 310 1388 358 turba.

285 390 403 438 Huic
426 390 641 456 Epaphus
664 390 811 452 magni
837 390 1012 453 genitus
1034 389 1272 439 desemine
1297 390 1472 439 tandem

289 470 495 519 Creditur
516 489 608 519 esse
629 472 658 518 J
661 471 755 518 ovis
772 489 781 528 ;
801 489 966 537 perque
990 471 1123 519 urbes
1143 471 1294 535 juncta
1316 472 1487 538 parenti

285 552 470 619 Templa
492 563 612 613 tenet
631 571 640 599 :
662 551 748 600 fuit
770 551 874 600 huic
898 552 1054 600 animis
1078 552 1256 619 aequalis
1282 565 1325 601 et
1343 554 1468 622 annis

328 702 398 747 747.
413 701 546 739 Colitur,
562 699 599 733 in
608 699 774 746 AEgypto,
786 711 854 743 qua
866 711 963 733 nunc

283 751 445 785 ducimur
458 764 478 784 a
493 757 595 796 poeta
609 776 617 793 ,
643 757 677 784 et
694 749 788 784 unde
805 762 885 783 mox
899 762 963 794 per

284 803 498 848 AEthiopiam
515 802 550 836 in
572 801 705 847 regiam
729 801 818 836 Solis
846 800 961 846 profi-

281 856 460 890 ciscemur.
487 855 588 889 Ritus
604 853 700 888 istius
725 854 836 888 cultus
856 853 961 888 habet

284 907 438 942 Lactant.
465 907 547 940 Inst.
577 905 656 939 Div.
673 917 687 938 1
700 930 709 948 ‚
739 919 790 939 21.
823 904 962 938 Colitur

283 959 346 993 sub
364 957 508 992 nomine
528 956 636 991 Isidis.
650 975 695 981 —
716 957 792 989 Dea
810 957 960 990 celeber-

284 1014 369 1045 rima
379 1038 386 1050 ‚
399 1011 469 1045 sola
479 1010 575 1044 enim
585 1009 648 1044 Isis
656 1021 737 1043 cum
749 1008 889 1043 Osiride
900 1007 962 1053 per

285 1070 395 1097 totam
420 1062 614 1107 AEgyptum
645 1059 773 1105 templa
804 1059 962 1094 habebat.

286 1112 420 1148 Herod.
437 1113 472 1148 11
485 1139 493 1153 ,
513 1113 563 1155 42.
575 1111 719 1156 Scripsit
730 1110 904 1145 Plutarch.
918 1110 961 1144 de

284 1167 336 1201 bis
354 1164 587 1201 celeberrimis
604 1163 746 1210 AEgypt.
756 1162 832 1197 Diis
848 1174 962 1207 pecu—

282 1219 404 1253 liarem
419 1217 583 1251 libellum.
593 1234 636 1241 ·-
648 1217 807 1259 linigera
818 1227 835 1248 a
845 1216 942 1248 turba
950 1240 959 1254 ,

284 1273 325 1306 ab
347 1270 477 1313 [siat-is,
496 1268 730 1304 sacerdotibus
742 1266 839 1302 Isidis
850 1293 859 1310 ‚
877 1278 962 1311 quos

281 1323 442 1358 Juvenal.
465 1322 516 1356 VI
530 1347 539 1363 ,
558 1321 600 1355 33
613 1345 622 1362 ,
644 1322 816 1366 liniger-um
832 1331 961 1363 gregem

282 1375 366 1409 dixit
377 1402 385 1415 ,
405 1374 485 1418 quia
501 1385 573 1407 non
586 1371 651 1406 nisi
662 1371 761 1405 lineis
770 1370 961 1405 vestimen-

282 1427 325 1462 tis
348 1425 463 1460 induti
489 1431 599 1458 erant.
626 1421 799 1457 Herodot.
826 1421 862 1456 II
874 1448 883 1464 ‚
908 1422 960 1466 37.

284 1479 413 1513 Causas
439 1477 513 1521 ejus
538 1475 589 1509 rei
615 1474 733 1520 plures
750 1474 850 1507 affert
868 1472 960 1507 Plu-

281 1530 389 1565 tarch.
416 1529 448 1563 d.
476 1528 496 1562 l.
525 1535 610 1562 tom.
641 1525 715 1560 VII
729 1551 738 1568 ‚
767 1538 841 1570 pag.
868 1526 932 1571 390
948 1551 957 1567 ,

281 1582 362 1617 edit.
373 1580 487 1615 Reisk.
500 1594 508 1620 3
525 1578 586 1613 sed
596 1589 715 1611 veram
724 1576 864 1610 videtur
875 1575 960 1609 omi-

279 1634 359 1667 sisse
377 1644 385 1666 :
404 1631 466 1666 Isis
482 1630 578 1664 enim
603 1627 697 1662 haud
716 1627 820 1661 dubie
838 1627 960 1671 regina

278 1684 356 1726 fuit,
375 1694 451 1727 quae
462 1679 634 1727 AEgyptiis
645 1682 711 1712 lz't'u'
722 1690 824 1712 usum
841 1684 959 1711 osten·

281 1732 440 1767 dit:vide
456 1731 606 1776 Goguet.
617 1742 692 1764 vom
707 1730 895 1772 Ursprunge
905 1729 965 1762 der

285 1787 432 1821 Gesetze
441 1790 505 1818 etc.
516 1790 540 1817 t.
556 1782 573 1816 I
587 1807 597 1825 ‚
620 1794 691 1828 129.
708 1782 830 1825 Itaque
844 1786 879 1814 et
889 1779 961 1824 ipsa

282 1837 380 1872 lineis
390 1834 606 1871 vestimentis
616 1833 740 1867 induta
751 1839 843 1875 erat,
855 1839 890 1866 et
898 1834 961 1866 dea

282 1891 424 1932 linigera
441 1885 620 1920 dicebatur
636 1896 645 1918 ι
662 1884 791 1919 Noster
802 1883 819 1917 I
829 1908 838 1926 ,
858 1883 960 1917 Pont.

284 1941 299 1975 I
315 1966 325 1984 ,
346 1941 384 1973 51
402 1952 411 1974 ι
427 1939 593 1982 Linigeroe
611 1937 716 1970 Isidis
737 1947 866 1970 numen.

329 1991 402 2036 748.
418 1991 590 2035 Epaphus.
609 1987 666 2022 Ab
682 1986 848 2034 AEschylo
864 1987 961 2021 Pro-

283 2042 393 2077 meth.
404 2054 491 2076 vers.
501 2041 566 2087 3¹9
578 2066 587 2083 ,
606 2046 750 2073 vocatur
762 2065 771 2082 ‚
787 2043 849 2078 δῖος
862 2041 961 2088 πόρτις

283 2093 429 2140 (vitulus
443 2119 452 2136 ,
470 2092 491 2127 i.
513 2105 542 2125 e.
561 2091 666 2133 filius)
687 2093 765 2135 βοός.
792 2090 962 2124 Eusebius

282 2154 402 2180 tamen
419 2144 457 2178 in
476 2141 655 2177 Chronico
672 2142 713 2176 ad
731 2155 760 2176 a.
778 2144 838 2186 481
852 2167 862 2185 ,
879 2155 962 2176 auc-

283 2205 338 2232 tor
359 2203 433 2239 est,
471 2207 511 2229 ex
536 2193 717 2238 Telegono
734 2218 744 2236 ‚
781 2194 837 2227 cui
866 2194 961 2238 juxta

285 2248 446 2295 Apollod.
465 2253 585 2292 postea
599 2245 718 2291 nupsit
736 2245 798 2279 Isis
812 2271 821 2288 ,
854 2246 960 2290 geni-

282 2310 359 2337 tum
369 2299 441 2336 esse
457 2300 554 2335 hunc
563 2299 767 2345 Epaphum:
780 2298 858 2332 vide
870 2300 960 2333 Bur-

283 2367 403 2389 mann.
415 2352 458 2387 ad
468 2352 502 2386 h.
511 2352 532 2386 l.
545 2349 650 2397 Apud
659 2350 811 2397 AEschyl.
819 2350 960 2395 Jupiter

281 2418 355 2439 non
366 2403 567 2439 concumbit
583 2415 664 2437 cum
677 2403 716 2436 Io
727 2427 735 2442 ,
754 2401 814 2436 sed
828 2401 869 2435 ad
887 2402 959 2437 Ni-

282 2460 356 2493 lum
365 2457 497 2504 placide
511 2468 621 2490 manu
630 2455 771 2500 palpans
782 2454 966 2500 gravidam·

282 2523 360 2545 eam
376 2508 492 2544 reddit
504 2534 514 2552 ,
536 2511 653 2554 ἔπαᾳῴν
669 2507 794 2555 &rufifl
809 2510 891 2555 χειρὶ
907 2511 961 2541 καὶ

279 2568 378 2606 &ivon
385 2564 483 2606 μόνον.
494 2559 582 2594 Inde
592 2560 764 2603 Epaphus.
776 2559 810 2593 Is
816 2557 957 2602 Graecis,

280 2613 377 2647 idem
394 2624 499 2657 quam
523 2610 695 2657 AEgyptiis
715 2611 816 2654 Apis.
833 2611 960 2645 Hero-

282 2667 355 2701 dot.
384 2667 420 2701 II
435 2692 444 2709 ,
479 2665 562 2705 153;
583 2664 638 2697 III
653 2689 662 2706 ,
681 2676 733 2708 27.

325 2719 389 2763 750
405 2723 469 2751 etc.
486 2718 566 2749 Fuit
580 2716 657 2748 haic
676 2720 738 2748 etc.
762 2715 933 2747 Phaethon
946 2740 954 2749 .

1633 568 1697 614 750

1027 698 1116 733 Solis
1127 706 1162 733 et
1173 698 1362 745 Clymenes
1371 699 1474 743 filius,
1490 711 1601 745 quum
1610 698 1698 734 divi-

1026 763 1114 784 num
1130 750 1161 784 ei
1179 763 1287 796 genus
1301 750 1446 785 dubium
1456 751 1589 786 fecisset
1603 753 1699 796 Epa-

1020 804 1110 847 phus
1120 829 1128 843 ‚
1150 809 1261 836 matre
1276 802 1442 837 suadente
1456 828 1465 846 ,
1484 801 1527 836 ad
1542 801 1630 837 Solis
1647 815 1699 836 re—

1027 854 1120 899 giam
1144 853 1392 899 proficiscitur,
1416 860 1454 888 ut
1473 860 1570 888 certo
1593 855 1675 889 sciat
1688 880 1700 899 ⁸

1025 918 1061 939 se
1085 906 1126 939 ab
1151 918 1193 939 eo
1218 912 1439 951 prognatum.
1472 905 1524 940 lbi
1549 905 1700 951 pignoris

1026 956 1102 991 loco
1113 957 1176 991 sibi
1191 970 1210 990 a
1224 963 1320 1002 patre
1335 957 1422 1002 petit
1432 969 1543 991 unum
1557 957 1595 991 in
1606 957 1699 991 diem

1028 1008 1309 1043 moderationem
1330 1021 1451 1043 currus
1469 1009 1607 1054 solaris,
1634 1022 1701 1045 nec

1026 1060 1096 1093 ullo
1115 1067 1215 1104 pacto
1238 1060 1408 1095 deterreri
1431 1068 1544 1106 potest
1568 1061 1610 1096 ab
1634 1061 1701 1097 hoc

1026 1111 1212 1156 proposit0.
1225 1111 1294 1146 Sed
1305 1111 1359 1145 vix
1370 1112 1541 1158 ingressus
1552 1120 1604 1148 est
1616 1113 1696 1154 iter,

1027 1175 1137 1207 quum
1160 1163 1240 1207 equi
1264 1164 1517 1208 exspatiantur,
1540 1163 1698 1209 Solisque

1026 1220 1111 1249 aestu
1127 1221 1236 1249 terras
1252 1221 1396 1249 vastant.
1417 1215 1557 1260 Jupiter
1571 1215 1677 1261 igitur
1687 1243 1696 1257 ‚

1025 1278 1070 1300 ne
1085 1265 1208 1300 caelum
1224 1277 1363 1310 quoque
1375 1264 1526 1301 flammis
1540 1267 1700 1313 corripia-

1026 1324 1105 1361 tur,
1138 1315 1284 1352 fulmin‘e
1310 1317 1414 1352 misso
1437 1325 1472 1352 et
1495 1318 1699 1353 incendium

1027 1370 1211 1416 exstinguit
1227 1395 1236 1413 ‚
1274 1377 1309 1404 et
1343 1369 1602 1404 Phaethontem
1630 1370 1698 1405 vita

1026 1422 1161 1467 privat,
1180 1433 1285 1466 quem
1304 1420 1477 1457 Eridanus
1492 1421 1623 1467 excipit.
1642 1421 1700 1457 Ad

1025 1473 1249 1519 sepulchrum
1266 1474 1342 1518 ejus
1355 1486 1491 1509 sorores
1505 1474 1543 1508 in
1561 1475 1700 1510 arbores

1025 1532 1228 1568 mutantur,
1247 1524 1342 1559 unde
1354 1525 1480 1560 electra
1492 1524 1619 1560 fluunt.
1636 1526 1701 1563 Eo-

1025 1577 1107 1611 dem
1130 1577 1203 1610 sere
1227 1576 1334 1610 modo
1354 1576 1529 1611 Hesiodus
1548 1577 1699 1612 fabulam

1025 1629 1062 1662 in
1073 1628 1161 1662 libro
1172 1627 1354 1673 deperdito
1362 1626 1474 1673 (unde
1482 1641 1560 1662 earn
1570 1629 1700 1676 Hygin.

1025 1680 1091 1714 sab.
1110 1680 1172 1722 154
1186 1677 1369 1724 excerpsit)
1385 1686 1587 1714 narraverat
1601 1693 1609 1721 ;
1629 1692 1702 1714 ne-

1025 1744 1093 1777 que
1110 1757 1120 1775 ‚
1148 1738 1189 1765 ut
1204 1744 1245 1765 ex
1262 1730 1420 1774 Eustath.
1438 1731 1481 1765 ad
1499 1732 1608 1766 Hom.
1629 1731 1701 1767 od.

1026 1798 1058 1829 p.
1092 1784 1175 1831 1589
1199 1790 1340 1828 apparet
1358 1809 1367 1826 ‚
1395 1783 1433 1816 in
1459 1783 1660 1829 parentibus
1682 1796 1702 1817 a

1025 1835 1155 1870 Nostro
1181 1833 1375 1868 dissensisse
1391 1833 1552 1878 videtur,
1582 1844 1701 1879 quan-

1026 1898 1130 1931 quam
1147 1897 1230 1919 eum
1247 1885 1380 1932 Hygin.
1402 1885 1519 1920 nescio
1541 1897 1611 1930 quo
1634 1898 1700 1919 er-

1026 1950 1105 1972 rore
1118 1937 1300 1983 deceptus,
1319 1936 1424 1971 tradit
1434 1962 1443 1980 ,
1459 1936 1675 1984 Clymenum
1689 1965 1696 1981 ‚

1026 1989 1117 2025 Solis
1139 1989 1270 2032 filium,
1298 1995 1433 2034 patrem
1455 1988 1556 2023 fuisse
1577 1988 1699 2024 Phae-

1027 2040 1159 2076 thontis
1176 2067 1186 2085 ,
1229 2041 1475 2086 Meropenque
1505 2040 1699 2088 nympham

1026 2100 1186 2127 matrem.
1203 2092 1289 2126 Mox
1305 2105 1323 2126 a
1340 2092 1476 2138 tragicis
1492 2091 1615 2126 eadem
1629 2105 1699 2127 cer·

1025 2145 1124 2179 tatim
1135 2151 1186 2178 est
1195 2151 1350 2188 tractata,
1362 2151 1401 2178 ut
1411 2142 1524 2178 Schol.
1536 2144 1644 2178 Hom.
1655 2144 1698 2178 ad

1027 2195 1098 2230 Od.
1114 2202 1138 2230 P
1149 2222 1158 2239 ,
1184 2197 1250 2230 208
1266 2195 1446 2237 observat;
1469 2195 1528 2230 sed
1544 2208 1618 2229 non
1633 2196 1699 2231 nisi

1025 2260 1066 2281 ex
1080 2247 1199 2292 Eurip.
1214 2247 1358 2282 Phaetb.
1372 2260 1478 2292 pauca
1498 2248 1621 2293 fragm.
1637 2260 1699 2281 re·-

1023 2306 1115 2334 stant
1128 2325 1137 2342 ‚
1155 2311 1231 2343 quae
1242 2299 1279 2332 in
1294 2299 1359 2332 Ed.
1372 2299 1462 2344 Lips.
1478 2306 1501 2332 t.
1517 2299 1554 2334 11
1566 2325 1575 2342 ‚
1587 2312 1620 2344 p.
1634 2299 1695 2342 452

1023 2351 1197 2396 leguntur.
1224 2350 1276 2384 Ex
1298 2350 1513 2393 auctoribus,
1544 2350 1606 2395 vqui
1631 2363 1696 2384 ex—

1021 2410 1114 2437 stant
1130 2429 1140 2446 ‚
1160 2415 1237 2437 eam
1258 2402 1474 2447 repetierunt
1492 2401 1634 2436 Aristot.
1652 2401 1695 2436 de

1023 2455 1259 2497 Mirabilibus,
1278 2467 1305 2488 c.
1324 2455 1364 2488 82
1378 2468 1386 2494 ;
1401 2453 1514 2498 Apoll.
1526 2453 1595 2487 Rh.
1611 2453 1695 2498 Arg.

1024 2508 1090 2551 IV,
1115 2510 1175 2554 597
1201 2519 1275 2551 sqq.
1300 2506 1436 2540 Lucret.
1454 2507 1500 2548 V,
1519 2506 1694 2553 397—4053

1022 2558 1146 2592 Manil.
1162 2559 1179 2592 I
1192 2584 1201 2602 ,
1223 2558 1284 2602 733
1308 2570 1382 2602 sqq.
1402 2557 1534 2604 Hygia.
1548 2557 1615 2591 sab.
1636 2558 1694 2591 15²

1023 2623 1041 2644 a
1060 2611 1191 2644 caeteris
1208 2609 1436 2651 dissentiens;
1463 2609 1604 2643 Lucian.
1622 2607 1695 2642 As·-

1023 2662 1101 2695 trol.
1122 2668 1146 2696 t.
1165 2662 1198 2695 V
1213 2688 1222 2704 ,
1245 2675 1277 2707 p.
1301 2662 1364 2695 223
1377 2687 1387 2703 ,
1412 2668 1448 2695 et
1470 2659 1637 2705 copiosius
1658 2658 1693 2692 in

1023 2712 1112 2747 Dial.
1131 2712 1237 2747 Deor.
1256 2715 1296 2746 25
1309 2738 1319 2755 ‚
1342 2713 1399 2746 ubi
1418 2712 1556 2756 Jupiter
1577 2709 1691 2755 Apol·-
