1832 3100
349 263 1055 310 METAMORPHOSEON
1096 267 1228 310 LIB.
1270 268 1396 312 VII.

147 359 269 408 Scire
289 379 300 408 :
317 358 483 426 pedum
506 356 676 406 calidus
695 357 879 421 vestigia
907 358 1055 425 pulvis
1079 359 1273 409 habebat
1290 381 1300 420 3

1493 269 1580 329 539

1515 376 1580 422 775

146 438 249 504 Ipse
271 435 414 486 oculis
435 448 615 504 ereptus
637 448 730 485 erat
749 457 759 484 :
780 455 874 485 non
902 437 1027 485 ocior
1050 435 1130 484 illo

148 517 289 566 Hasta
303 553 315 574 ‚
336 533 416 565 nec
439 534 631 564 excussae
655 526 862 563 contorto
884 514 1063 564 verbere
1088 514 1270 578 glandes
1284 553 1296 575 ,

148 596 241 644 Nec
267 593 539 660 Gortyniaco
560 583 758 642 ‘calamus
783 591 891 641 levis
917 593 1009 641 exit
1030 592 1086 641 ab
1113 612 1231 641 arcu.

151 670 293 722 Collis
317 687 432 739 apex
453 671 587 722 medii
609 670 822 736 subjectis
845 670 1046 720 imminet
1066 671 1180 719 arvis
1199 690 1210 718 ε

147 749 307 800 Tollor
330 770 383 799 eo
397 788 409 809 ‚
436 750 655 817 capioque
680 749 785 797 novi
810 748 1061 816 spectacula
1082 767 1239 797 cursus
1261 768 1271 796 ε

1519 767 1584 811 78υ

148 829 256 894 Quo
280 828 421 877 modo
439 828 680 896 deprendi,
701 827 840 876 modo
867 847 912 876 se
939 827 1184 876 subducere
1208 826 1383 894 abipso

147 906 343 956 Vulnere
364 907 459 955 visa
482 906 574 955 fera
597 918 665 956 est
686 926 696 955 ε
717 925 799 955 nec
818 905 959 954 limite
985 904 1143 954 callida
1168 917 1290 955 recto
1304 944 1316 964 ‚

148 986 205 1034 In
228 984 473 1051 spatiumve
496 983 638 1047 fugin
662 983 740 1032 sed
765 983 931 1050 decipit
955 1003 1033 1032 ora
1057 984 1310 1051 sequentis,

147 1063 210 1110 Et
230 1061 348 1110 redit
371 1061 418 1108 in
444 1079 601 1128 gyrum
616 1098 628 1119 ‚
652 1080 710 1109 ne
735 1061 794 1109 sit
817 1080 925 1110 suus
952 1057 1147 1128 impetus
1170 1061 1306 1110 hosti.

151 1140 366 1189 Imminet
382 1139 455 1189 hic
469 1177 482 1198 ‚
502 1139 795 1207 sequiturque
820 1159 972 1206 parem
993 1159 1003 1187 :
1024 1139 1271 1206 similisque
1289 1138 1457 1189 tenenti
1522 1153 1587 1199 785

149 1221 255 1268 Non
279 1231 424 1277 tenet,
449 1230 495 1267 et
515 1236 679 1267 vacuos
703 1230 876 1267 exercet
894 1218 942 1266 in
966 1237 1066 1267 aera
1086 1237 1276 1266 morsus.

150 1297 224 1346 Ad
243 1296 378 1363 jaculi
399 1296 603 1346 vertebar
627 1315 758 1362 opem
778 1316 788 1344 z
811 1297 937 1362 quod
955 1296 1135 1344 dextera
1155 1295 1291 1346 librat

151 1375 276 1433 Dum
295 1393 418 1432 mea,
442 1374 549 1422 dum
573 1372 740 1436 digitos
762 1373 949 1422 amentis
972 1373 1124 1423 indere
1149 1386 1274 1423 tento
1290 1412 1302 1432 ‚

150 1452 344 1502 Lumina
363 1451 520 1501 deflexi
535 1488 547 1510 ‚
573 1462 863 1518 revocataque
883 1471 1040 1500 rursus
1065 1452 1224 1501 eodem

153 1529 456 1587 Rettuleram;
480 1527 629 1577 medio
646 1566 659 1587 ‚
683 1529 873 1578 mirum!
901 1529 992 1578 duo
1017 1549 1238 1579 marmora
1259 1548 1415 1597 campo

1524 1556 1589 1591 790

153 1608 370 1676 Adspicio
391 1627 401 1656 :
421 1607 573 1671 fugere
597 1607 683 1656 boc
701 1645 714 1666 ‚
736 1606 852 1656 illud
874 1607 1032 1659 latrare
1057 1620 1252 1675 putareS.

197 1756 272 1801 775.
290 1755 447 1794 Calidas,
457 1753 494 1789 in
506 1766 577 1799 quo
586 1753 696 1789 calida
707 1753 835 1798 adhuc,

150 1806 307 1843 reoentia
318 1833 328 1851 ‚
344 1806 487 1852 vestigia
501 1806 644 1853 pedum.
659 1824 704 1833 -
723 1808 838 1841 Glan-

88 1885 90 1888 -
149 1862 212 1896 des
233 1859 418 1906 plumbeoe.
442 1858 654 1902 Cretenses,
683 1872 838 1904 quorum

151 1914 235 1949 urbs
254 1916 422 1961 Gortyne,
445 1913 652 1948 nobilissimi
668 1921 770 1949 erant
784 1915 839 1959 ja-

151 1967 323 2003 culatores
333 1992 343 2011 ‚
360 1967 730 2013 praestantissimaque
741 1968 840 2003 sacie-

150 2019 240 2055 bant
255 2032 355 2055 arcus
369 2027 407 2055 et
419 2019 569 2066 sagittas.
597 2019 751 2064 Confer,
779 2020 816 2055 II
828 2046 838 2064 ‚

155 2084 239 2117 727³
264 2071 369 2116 XIV,
395 2073 531 2108 825.—
547 2074 691 2114 Verba,
720 2072 838 2107 lorum

152 2122 454 2164 sunda—Exit,
472 2124 597 2159 avolat.

199 2176 274 2222 780.
295 2177 473 2211 Tollantur
485 2189 564 2212 aves
581 2176 618 2211 in
635 2189 715 2211 aera
726 2201 736 2219 ,
755 2174 840 2211 hinc

154 2234 191 2263 et
216 2227 276 2274 qui
298 2227 519 2264 adscendunt
541 2229 579 2263 in
605 2235 777 2263 montem.
795 2246 841 2254 —

158 2281 265 2325 Capio
285 2283 480 2325 spectacula
495 2307 504 2321 ‚
531 2287 649 2326 specto
663 2306 672 2323 ,
694 2287 734 2315 ut
760 2280 838 2324 111,

154 2334 231 2377 246.
243 2352 288 2360 -
298 2335 399 2373 Novi,
426 2333 583 2371 inauditi.
601 2333 771 2380 Sequitur
786 2333 839 2368 lo—

154 2399 215 2421 cus
238 2399 314 2421 non
337 2386 455 2422 minus
476 2386 839 2433 ingeniosqscriptus,

154 2439 312 2484 quaml,
330 2439 394 2474 533
409 2452 483 2485 sqq.
501 2451 608 2484 quem
622 2439 842 2474 conseras.—

153 2491 295 2535 Dectpil
308 2491 476 2536 exquisite
490 2517 500 2535 ‚
518 2491 651 2537 effugit.
668 2509 714 2518 ·—·
731 2493 783 2527 Ne
795 2494 844 2525 sil

154 2555 238 2579 suus
252 2551 316 2580 etc.
327 2570 337 2588 ,
354 2557 400 2579 ne
417 2545 469 2580 uti
486 2545 592 2591 possit
608 2545 758 2591 impetu,
770 2557 842 2590 quo

155 2598 244 2633 solet
261 2598 296 2633 in
315 2598 467 2644 praedam
485 2599 581 2634 ferri.
607 2620 613 2627 —

203 2651 276 2694 785.
293 2652 414 2685 Parem
424 2677 432 2690 ‚
452 2663 582 2696 nempe
595 2663 709 2686 cursu.
721 2652 843 2686 Verba

156 2705 316 2738 imminet.
325 2729 333 2736 .
342 2730 349 2736 .
362 2707 451 2737 lene!
457 2703 736 2738 condonabimus
744 2704 846 2749 inge-

157 2755 219 2790 nio
233 2754 355 2790 Ovidii
368 2782 377 2799 ‚
400 2755 494 2801 quod
512 2756 618 2791 nimis
633 2756 845 2791 immoratur

158 2809 333 2853 ejusmodi
354 2810 469 2846 rebus.
499 2809 572 2846 Sed
596 2810 688 2848 bene
715 2823 845 2847 vacuus

901 1767 1032 1789 morsus
1049 1754 1163 1801 (olim
1175 1780 1185 1797 ‚
1211 1761 1248 1789 et
1267 1753 1304 1788 in
1321 1753 1440 1799 Regiis
1462 1753 1589 1788 nostris

902 1807 1021 1846 minus
1037 1807 1128 1842 bene
1144 1819 1251 1841 vanos
1262 1805 1278 1852 )
1291 1832 1300 1850 ,
1319 1805 1405 1840 dum
1420 1805 1541 1851 vulpes
1553 1818 1590 1839 se

902 1859 1065 1894 subducit
1080 1859 1274 1902 morsibus,
1294 1865 1333 1893 ut
1346 1858 1440 1893 canis
1457 1857 1506 1892 nil
1523 1857 1591 1892 nisi

905 1924 984 1946 aera
991 1911 1163 1946 mordeat.
1174 1910 1342 1956 Exempla
1349 1910 1474 1946 similia
1485 1909 1591 1945 hahet

907 1964 1033 1999 Heins-
1049 1965 1186 1998 Morsus
1201 1976 1353 1998 exercere
1370 1962 1592 2008 exquisitius,

907 2028 1014 2061 quam
1029 2015 1205 2050 mordere.
1222 2014 1333 2050 Paulo
1350 2015 1461 2058 aliter,
1475 2014 1589 2058 VIII,

903 2068 969 2103 826
986 2095 996 2112 ,
1023 2070 1170 2103 Exercet
1197 2070 1274 2102 cibo
1304 2070 1454 2102 delusum
1480 2071 1595 2111 gutlur

903 2124 1010 2156 inani.
1037 2138 1082 2148 ·-
1101 2122 1280 2155 Amentum
1292 2147 1301 2161 ‚
1327 2119 1566 2154 loramentum
1579 2145 1590 2163 ,

905 2172 1001 2218 quod
1019 2172 1214 2208 addebatur
1237 2172 1353 2218 jaculo
1369 2170 1566 2206 emittendo
1579 2197 1590 2215 ,

906 2239 1087 2272 manuque
1110 2226 1330 2261 retinebatur
1353 2225 1412 2259 illo
1439 2224 1592 2260 emisso:

906 2279 997 2324 XII,
1015 2279 1075 2314 321
1091 2305 1100 2322 ‚
1117 2282 1260 2313 inserere
1269 2282 1403 2312 amento
1413 2279 1594 2322 digitos.—

906 2334 1024 2367 Indere
1042 2344 1107 2377 pro
1124 2333 1246 2366 addere
1260 2344 1279 2365 e
1296 2336 1497 2377 pervetusto
1511 2328 1593 2363 Co—

906 2384 983 2420 dice
1009 2385 1142 2430 primus
1168 2383 1304 2418 notavit
1331 2390 1367 2418 et
1391 2381 1595 2428 approbavit

907 2437 1148 2483 Mariangelus
1169 2436 1364 2471 Accursius.
1393 2435 1539 2470 Habent
1558 2441 1595 2470 et

907 2491 1025 2538 plures
1035 2491 1090 2526 alii
1102 2491 1210 2526 MSS.
1225 2490 1320 2525 unde
1338 2489 1489 2535 praetulit
1502 2488 1596 2523 Bur-

907 2557 1062 2579 mannus
1072 2556 1183 2589 quum
1196 2542 1334 2578 Heinsii
1354 2542 1503 2576 alterum
1519 2554 1594 2575 non

908 2603 1102 2643 sperneret.
1120 2596 1221 2642 Regii
1238 2595 1367 2638 nostri,
1385 2596 1518 2629 addere.

954 2663 1029 2698 790·
1052 2651 1226 2684 Bevocata
1241 2651 1433 2684 rettuleram
1455 2662 1474 2683 e
1498 2648 1596 2692 copia

910 2703 1045 2749 poetica
1059 2729 1068 2747 ,
1086 2715 1197 2748 quum
1207 2702 1418 2737 alterutrum
1427 2700 1508 2736 satis
1519 2700 1598 2734 suis-

910 2765 972 2792 set.
983 2776 1028 2784 —-
1044 2758 1129 2792 Post
1144 2759 1348 2797 retuderam,
1368 2754 1495 2790 nostris
1518 2753 1595 2787 Co-

911 2810 1043 2846 ditibus
1060 2810 1227 2846 inseritur
1248 2814 1301 2852 el,
1330 2821 1408 2854 quae
1426 2806 1594 2852 particula
