1832 3100
354 200 1040 261 METAMORPHOSEON
1073 217 1203 262 LIB.
1243 218 1343 262 111.

1465 219 1552 280 237

135 330 159 352 n
186 308 474 376 Propositum
498 318 747 374 repetamus
771 326 885 374 opus
906 326 917 356 ε
935 326 1054 356 nunc
1077 308 1276 358 Phoebus
1299 322 1486 379 utraque

134 407 159 429 »
185 385 336 434 Distat
360 384 479 434 idem
502 395 639 442 terra,
664 383 881 451 finditque
903 384 1144 452 vaporibus
1168 405 1280 435 arva.

134 483 159 506 »
185 462 338 511 Sistite
358 481 474 529 opus
497 480 711 528 praesens,
734 461 992 529 nodosaque
1017 461 1158 511 tollite
1181 461 1286 512 lina.
1311 486 1335 508 »

130 544 263 593 Jussa
283 543 367 592 viri
387 543 555 593 faciunt
568 582 580 603 ‚
605 544 995 611 intermittuntque
1018 543 1228 593 laborem.

193 625 334 675 Vallis
358 638 473 685 erat,
495 626 655 694 piceis,
683 638 727 675 et
749 638 878 676 acuta
899 626 1033 676 densa
1055 646 1296 694 cupressu;
1498 645 1560 679 155

128 708 319 758 Nomine
346 708 620 776 Gargaphie,
647 708 880 757 succinctae
904 727 1010 757 cura
1029 708 1215 768 Dianae3

130 791 270 859 Cujus
291 792 340 840 in
363 804 560 842 extremo
585 804 652 841 est
674 804 852 840 antrum
871 791 1092 842 nemorale
1115 806 1317 853 recessu,

127 875 237 924 Arte
261 872 513 924 laboratum
536 874 660 924 nulla
683 895 692 923 :
714 874 994 924 simulaverat
1019 888 1157 926 artem

126 956 314 1021 Ingenio
334 969 495 1007 natura
517 976 600 1006 suo
619 977 629 1016 ;
651 976 755 1006 nam
776 957 951 1025 pumice
974 958 1074 1006 vivo
1089 996 1101 1017 ,

127 1041 191 1089 Et
212 1039 386 1091 levibus
410 1041 561 1110 tophis
583 1042 781 1091 nativum
805 1041 990 1091 duxerat
1013 1061 1175 1091 arcum.

130 1162 167 1191 et
181 1167 272 1202 sepe
285 1182 295 1201 ,
314 1163 495 1202 preeunte
512 1156 696 1200 Lucretio;
723 1156 812 1191 Ho-

129 1220 251 1244 merus
259 1235 270 1254 ,
279 1209 392 1255 ἆῠτμῆ.
400 1228 444 1235 -
450 1210 627 1254 Fi'ndilque
638 1217 701 1245 etc.
712 1208 812 1255 Virg.

133 1260 265 1307 Georg.
282 1261 338 1306 11,
356 1262 423 1298 353
440 1273 449 1296 ε
470 1264 533 1297 ubi
541 1263 658 1297 hiulca
672 1263 815 1308 sitifin-

131 1315 186 1348 dit
192 1315 291 1348 cans
303 1313 431 1359 esttser
441 1326 532 1350 arva.
547 1313 662 1348 Tibul.
675 1314 692 1350 Ι
705 1340 715 1358 ,
737 1324 793 1348 vn
802 1340 812 1358 ,

132 1378 172 1400 21
189 1369 344 1400 :mutes
356 1379 454 1412 quum
456 1367 568 1412 findit
581 1366 688 1400 Sirius
704 1378 815 1410 agros.

131 1418 323 1453 —Nodosa
330 1444 339 1458 ‚
353 1430 426 1453 non
436 1413 647 1452 knolenree'ch
655 1443 665 1462 ‚
675 1424 715 1452 ut
722 1417 814 1452 Rod.

131 1469 237 1504 vertit
250 1495 261 1514 ,
285 1468 348 1505 sed
364 1482 453 1505 nexa
469 1469 528 1505 :11
542 1497 551 1514 ‚
578 1471 644 1517 499
656 1496 666 1514 ,
685 1471 815 1504 nexiles

124 1524 240 1568 plage
255 1535 266 1558 ‚⁵
283 1522 354 1558 vid.
368 1523 412 1559 ad
429 1523 466 1559 11
478 1549 488 1567 ,
511 1523 586 1559 560.

179 1578 252 1612 15⁵.
262 1578 437 1622 cupressu.
447 1575 615 1612 Cantabr.
623 1576 813 1623 Argentor.

131 1635 168 1664 et
179 1628 251 1664 duo
259 1629 316 1664 alii
325 1656 336 1675 ‚
350 1643 504 1674 cupresso
513 1658 522 1671 ‚
535 1637 727 1676 utrumque
742 1631 814 1666 usi-

131 1687 254 1718 tatum.
268 1701 313 1710 —
326 1684 415 1718 Cara
429 1682 591 1719 dedimus
603 1694 685 1719 cum
703 1683 813 1720 MSS.

131 1735 340 1781 quibusdam
351 1763 362 1781 ,
385 1749 468 1773 cum
495 1736 718 1772 Editionibus
747 1737 814 1772 Al-

130 1786 233 1833 dina,
250 1787 401 1837 Gryphii
411 1816 421 1833 ,
439 1789 652 1826 Bersmanni
667 1797 703 1825 et
719 1789 792 1825 aliis
802 1817 812 1834 ‚

131 1851 196 1886 pro
207 1852 309 1877 sacra
323 1841 418 1887 quod
430 1840 530 1877 fluxit
545 1855 588 1876 ex
599 1842 814 1888 interpreta-

131 1893 239 1930 tione.
261 1893 490 1930 Burmannus
510 1893 632 1930 suadet
654 1908 736 1930 cara
758 1894 813 1929 vel

129 1949 249 1989 grata,
277 1945 351 1981 sine
379 1959 491 1982 causa.
513 1965 558 1972 —
579 1946 682 1992 Regii
704 1947 815 1981 nostri

132 1997 264 2035 habent
279 2012 391 2036 sacra.
406 1999 473 2036 Ed.
495 2018 540 2028 -—
557 2002 647 2036 Cura
662 1998 732 2035 Dei
750 2012 815 2034 vo-

133 2058 233 2086 mtur
250 2059 311 2087 aut
325 2051 420 2088 locus
431 2078 441 2096 ,
460 2065 530 2098 quo
547 2052 646 2087 Deus
662 2052 816 2088 delecta-

135 2109 195 2138 tur
205 2129 215 2148 ‚
235 2111 296 2141 aut
306 2104 414 2140 homo
425 2131 436 2149 ,
449 2118 556 2151 quem
570 2112 700 2140 tuetur.
716 2105 814 2152 Virg.

136 2155 278 2192 AEneid.
288 2158 322 2202 1,
336 2158 414 2204 476,
426 2157 594 2194 Anchises
603 2172 684 2193 cura
693 2159 818 2196 Deum:

137 2208 233 2244 Infra
254 2210 288 2246 X
302 2237 312 2254 ,
344 2212 409 2259 ⁵²9
431 2224 440 2246 ε
462 2224 529 2247 non
541 2211 621 2256 jam
639 2212 816 2260 Cythereia

134 2266 234 2296 curat
244 2264 373 2299 Litora.
390 2262 486 2310 Ergo
503 2263 592 2301 nihil
604 2262 663 2300 hic
678 2271 816 2300 mutan-

134 2311 232 2349 dum.
259 2313 376 2353 Causa
388 2323 509 2353 autem
526 2316 631 2363 huius
644 2331 730 2354 curae
745 2317 813 2352 du-

134 2364 233 2412 plex,
257 2367 340 2416 quia
362 2369 458 2406 locus
478 2378 515 2406 et
540 2370 761 2406 absconditus
779 2377 816 2406 et

134 2416 311 2467 iucundus
319 2450 328 2463 ,
341 2422 435 2469 quod
446 2431 638 2469 utrumque
646 2422 760 2458 Deam
771 2421 815 2457 ad

135 2471 325 2509 lavandum
333 2474 500 2511 invitabat
511 2502 520 2520 ,
536 2472 600 2511 eta
611 2475 741 2511 Nostro
750 2488 815 2511 no-

138 2531 243 2560 tatur.
257 2526 303 2562 Et
313 2526 487 2564 habebant
496 2528 583 2564 Deae
599 2541 679 2564 suos
691 2529 816 2564 sontes.

137 2579 332 2621 Succinctoe,
342 2581 518 2616 venatrici.
527 2580 653 2616 Venan
658 2588 708 2616 tes
719 2582 816 2616 enim

137 2631 291 2678 miccingi
305 2631 464 2667 solebant
481 2642 489 2664 :
505 2631 584 2667 vide
601 2631 643 2667 ad
665 2632 721 2677 11,
741 2634 815 2676 412.

138 2699 183 2710 --
208 2686 403 2729 Gargaphie
420 2712 431 2726 ‚
467 2684 561 2719 vallis
593 2697 701 2731 prope
735 2683 818 2720 Pla-

139 2741 220 2776 θεῖε
235 2749 317 2773 cum
333 2738 431 2774 sonte
453 2736 665 2784 cognomini.
690 2737 817 2773 Hero-—

1495 1059 1559 1093 160

879 1155 1002 1201 dotus,
1025 1156 1085 1192 lib.
1107 1157 1182 1199 IX,
1206 1157 1248 1191 25
1267 1162 1302 1192 et
1318 1158 1384 1201 48;
1410 1157 1560 1193 Pausan.

878 1210 992 1246 Boeot.
1012 1223 1044 1256 p.
1069 1211 1142 1257 718.
1162 1210 1350 1258 Hyginus,
1377 1211 1443 1246 sab.
1474 1212 1531 1248 181
1549 1240 1559 1256 ,

878 1269 979 1297 vocat
989 1264 1111 1297 vallem
1118 1266 1376 1308 opaclss1'mam‚·
1386 1263 1470 1299 hinc
1476 1265 1563 1300 Nos-

880 1320 935 1349 ter
945 1340 955 1358 ,
967 1317 1076 1359 pice-⁷15
1090 1317 1198 1350 densa
1212 1319 1248 1349 et
1260 1328 1418 1360 cupressu
1427 1343 1436 1358 ,
1465 1315 1564 1351 den—

880 1368 924 1403 sis
945 1368 1050 1414 piceis
1072 1375 1107 1403 et
1129 1369 1346 1414 cupressibus
1371 1368 1491 1404 obsita.
1520 1387 1564 1396 --

880 1420 996 1454 Acuta
1010 1432 1183 1464 cupressu,
1198 1421 1340 1455 asorma
1351 1447 1360 1465 ,
1376 1427 1415 1454 ut
1431 1421 1448 1456 I
1458 1446 1468 1464 ‚
1486 1420 1565 1469 699.

927 1473 1000 1516 157.
1015 1473 1176 1506 Recessa.
1202 1470 1347 1507 Confer.
1368 1473 1423 1507 XI
1438 1499 1448 1516 ,
1472 1472 1537 1507 235
1551 1500 1562 1516 ,

878 1524 1150 1568 sqq-Beccssus,
1169 1523 1245 1559 loca
1255 1531 1409 1568 remota,
1428 1537 1565 1560 nemo-

879 1575 950 1610 rale
960 1601 970 1619 ,
989 1576 1196 1611 nemoribus
1212 1577 1378 1612 cinctum.
1393 1595 1438 1605 ·-
1452 1579 1564 1613 Simu-

878 1630 1017 1663 laverat.
1034 1628 1118 1664 Duo
1136 1628 1288 1664 Medicei
1304 1636 1340 1664 et
1357 1643 1447 1665 unus
1464 1629 1565 1666 Leid.

878 1683 1101 1722 similaverat,
1125 1695 1230 1727 quam
1244 1682 1450 1728 scripturam
1466 1682 1563 1718 aer-i-

879 1741 934 1770 ter
949 1734 1108 1771 defendit
1118 1735 1240 1770 Barth.
1253 1735 1296 1771 ad
1311 1734 1494 1771 Claudian.
1503 1736 1539 1771 II
1550 1762 1562 1779 ,

879 1786 963 1822 Rus.
979 1788 1018 1822 81
1034 1803 1042 1831 ;
1067 1787 1130 1823 sed
1145 1787 1303 1823 Gronov.
1320 1787 1456 1823 diatrib.
1473 1788 1565 1823 Stat.

879 1853 951 1887 cap.
970 1852 1010 1877 v1
1023 1868 1033 1887 ,
1062 1841 1164 1877 docet
1181 1854 1321 1887 semper
1335 1840 1563 1876 scribendum

878 1896 1036 1928 simulare
1045 1900 1080 1928 et
1090 1896 1289 1928 assimulare
1297 1920 1305 1934 ,
1324 1893 1425 1939 eique
1436 1892 1565 1927 adsen-

880 1946 967 1980 titur
991 1946 1231 1981 Burmannus.
1251 1963 1296 1973 -·
1316 1946 1559 1987 ffinulaoemt,

878 1998 1013 2033 imitata
1027 1999 1151 2035 suerat.
1164 1998 1249 2033 Erat
1260 2011 1379 2033 merus
1391 1997 1486 2033 lusus
1496 2010 1563 2032 na-

880 2058 978 2087 turae.
1004 2051 1172 2088 Simulum
1197 2051 1290 2098 apud
1317 2050 1432 2086 Cicer.
1451 2051 1495 2086 N.
1513 2050 1562 2086 D.

881 2103 917 2140 Π
932 2131 942 2148 ,
959 2103 1002 2140 35
1017 2131 1027 2149 ,
1052 2117 1130 2150 quae
1145 2103 1189 2139 ad
1210 2104 1408 2149 exemplum
1426 2111 1563 2139 naturae

881 2171 1038 2205 expressa
1051 2165 1144 2193 sunt.
1157 2159 1382 2202 —Ingene‘um
1393 2157 1484 2192 bene
1497 2156 1562 2192 tri-

879 2210 999 2246 buitur
1017 2210 1161 2246 Naturae
1176 2209 1324 2245 ludenti.
1345 2228 1390 2235 —
1406 2211 1535 2244 pumex
1547 2236 1557 2251 ,

880 2263 964 2310 lapis
986 2277 1089 2299 cavus
1113 2271 1150 2299 et
1172 2263 1354 2310 pendens,
1382 2263 1442 2309 qui
1463 2263 1562 2298 facile

879 2318 1038 2353 imitatur
1059 2317 1211 2352 sormam
1235 2324 1421 2352 antrorum
1447 2323 1481 2351 et
1504 2329 1563 2351 ar-

880 2383 997 2406 cuum.
1022 2389 1067 2397 —
1097 2372 1217 2411 Vivus,
1242 2382 1284 2404 eo
1307 2369 1381 2414 ipso
1401 2368 1477 2403 loco
1495 2380 1563 2402 na-

880 2429 945 2457 tus.
962 2441 1006 2449 ——
1026 2424 1161 2467 Tophus
1176 2422 1290 2456 oritur
1307 2435 1347 2455 ex
1363 2420 1460 2465 aquis
1479 2432 1563 2456 cum

879 2473 971 2509 calce
987 2474 1100 2509 mixtis
1112 2481 1147 2509 et
1158 2473 1419 2508 destillantibus.
1439 2471 1563 2506 Simu-

880 2527 928 2562 lat
953 2535 1070 2562 autem
1094 2527 1150 2562 hic
1178 2527 1262 2572 lapis
1278 2526 1382 2560 miras
1397 2537 1559 2571 saepenu-

881 2592 980 2614 mero
994 2579 1122 2626 figuras
1135 2607 1144 2623 ,
1165 2586 1205 2614 ut
1220 2578 1274 2613 vel
1292 2577 1563 2612 Baumanniana

880 2633 1044 2678 spelunca
1073 2644 1249 2678 quemque
1277 2629 1403 2665 docere
1435 2636 1562 2675 potest.

882 2685 977 2719 Tum
988 2688 1139 2728 pumices
1155 2690 1190 2718 et
1208 2685 1304 2727 tophi
1315 2683 1462 2717 omnino
1479 2689 1563 2717 sunt

880 2750 957 2775 saxa
968 2763 977 2783 ,
997 2736 1122 2783 quihus
1132 2736 1291 2772 Dearum
1302 2735 1562 2783 Nympharum·
