1832 3100
382 223 1108 271 METAMORPHOSEON
1142 228 1272 273 LIB.
1309 231 1347 273 I.
1523 231 1580 293 87

150 319 479 388 Fatidicamque
501 320 719 378 Themin,
744 340 842 388 quae
864 340 984 370 nune
1009 321 1154 370 oracla
1177 324 1368 373 tenebat.

148 401 255 448 Non
279 398 358 448 illo
377 397 535 447 melior
558 395 817 465 quisquam,
843 417 925 448 nec
949 398 1168 448 amantior
1191 401 1307 467 aequi

149 477 234 525 Vir
255 476 462 534 fuit‚'aut
485 474 560 524 illa
581 477 854 526 metuentior
875 476 967 526 ulla
994 478 1207 528 Deorum.

149 554 330 621 Jupiter
347 565 400 603 ut
421 553 606 621 liquidis
631 559 834 617 stagnare
857 553 1098 621 paludibus
1123 556 1277 605 orbem
1294 594 1306 614 ‚

149 632 213 680 Et
233 650 465 699 superesse
481 630 604 680 videt
627 631 680 680 de
705 643 775 680 tot
797 627 932 681 modo
954 631 1156 681 millibus
1179 652 1318 682 unum
1338 671 1350 692 ‚

1517 649 1584 683 325

149 710 211 758 Et
231 727 465 778 superesse
481 709 601 758 videt
624 709 678 758 de
703 721 772 758 tot
794 710 930 758 modo
955 709 1157 758 millibus
1181 729 1340 769 unam,

147 786 377 836 Innocuos
400 776 582 844 ambos,
607 786 803 835 cultores
822 787 1021 836 numinis
1046 787 1232 836 ambos·
1223 826 1234 845 ‚

149 862 316 913 Nubila
339 862 530 929 disjecit,
555 864 808 931 nimbisque
832 863 1061 931 Aquilone
1083 864 1268 913 remotis
1287 902 1300 924 ,

149 941 212 990 Et
233 938 340 990 caelo
363 952 502 990 terras
526 941 749 1000 ostendit,
774 953 819 990 et
840 941 1002 992 aethera
1020 942 1163 990 terris.

149 1024 244 1073 Nec
266 1023 400 1072 maris
422 1024 488 1072 ira
510 1036 681 1082 manet;
707 1024 951 1091 positoque
977 1023 1227 1091 tri-cuspide
1250 1023 1340 1073 telo

152 1204 154 1206 .
195 1173 271 1208 321.
300 1175 449 1208 Themin.
471 1172 630 1208 AEtheris
651 1179 686 1207 et
708 1172 837 1207 Tellu-

151 1222 200 1259 ris
209 1223 278 1259 filia
291 1249 302 1267 ,
318 1224 461 1269 justitiae
472 1236 598 1270 praeses
610 1249 619 1267 ,
634 1230 711 1258 tum
722 1226 839 1258 oracla

151 1277 302 1317 tenebat,
321 1288 487 1322 responsa
501 1274 604 1310 dabat
618 1275 817 1321 petentibus
826 1301 836 1319 ,

153 1329 300 1365 oraculis
327 1336 475 1376 praeerat
492 1355 502 1373 ,
537 1329 633 1365 unde
654 1330 811 1373 fatidica
822 1355 831 1371 ‚

153 1387 326 1434 xpus-‘lpus
338 1410 347 1428 ,
374 1383 512 1419 dicitur.
530 1382 691 1429 Apollod.
715 1382 773 1417 lib.
797 1383 835 1426 1,

153 1449 188 1483 p.
202 1436 241 1471 13
253 1463 264 1480 ‚
276 1438 526 1484 χρησμῳθούσης
538 1438 603 1471 τότε
613 1438 755 1479 Θέμιδος.
767 1434 839 1468 Lu-

152 1500 230 1524 can.
239 1489 286 1533 V,
297 1489 358 1523 81:
373 1491 482 1532 Quum
491 1500 594 1532 mgna
608 1489 743 1522 Themis
753 1514 760 1527 ‚
780 1490 837 1521 tri—

145 1542 322 1586 padum
333 1545 467 1576 teneret.
481 1559 527 1566 —
538 1542 638 1575 Nunc
650 1566 660 1584 ‚
678 1547 838 1585 tempooe

152 1591 388 1631 Deucalionis.
413 1592 630 1638 Loquuutur
656 1599 768 1638 poetae
794 1591 837 1626 de

151 1643 258 1680 rebus
268 1644 474 1691 praeteritis,
491 1651 530 1679 ut
541 1644 586 1679 de
599 1644 838 1689 praesentibus.

152 1696 452 1733 Bunm.1>rima
482 1696 626 1732 oraculo
664 1695 839 1742 Delphico

152 1750 449 1812 preeratTellus,
460 1749 755 1797 posteaThemis,
765 1757 840 1784 tan-

153 1795 397 1851 duuApollo:
407 1805 558 1841 Pausan.
570 1804 679 1840 Phoc
697 1818 731 1850 p.
750 1806 839 1852 809³

153 1858 271 1894 schol.
285 1857 446 1904 Euripid.
463 1858 506 1893 ad
526 1858 645 1894 Orest.
659 1870 747 1894 vers.
767 1858 839 1893 153.

197 1910 274 1945 322.
290 1912 369 1947 Non
383 1912 445 1945 illo
456 1913 581 1945 melior.
597 1910 708 1945 Recte
722 1923 841 1945 mores

153 1975 282 1998 eorum
302 1963 439 2004 notati;
466 1963 503 1998 hi
524 1963 622 1998 enim
640 1963 726 2009 ipsis>
739 1976 840 1998 causa

154 2022 259 2051 erant
268 2015 399 2051 salutis.
413 2015 557 2052 Justitia
567 2023 605 2051 et
615 2022 732 2050 metus
742 2015 842 2050 Deo-

155 2080 238 2102 rum
250 2080 376 2103 omnes
387 2067 535 2102 virtutes
547 2067 842 2112 complectuntur.

158 2118 254 2165 Qua
277 2119 321 2154 de
342 2119 488 2166 singulis
507 2119 564 2155 hie
582 2119 841 2166 praedicantur,

156 2186 200 2208 ea
207 2172 252 2208 de
261 2172 431 2208 ambobus
440 2171 679 2218 intelligenda.
689 2171 744 2207 Cf.
753 2185 841 2208 vers.

156 2226 235 2272 3²7·
247 2226 281 2261 A
291 2225 449 2261 Luciano
461 2224 505 2260 de
517 2225 595 2260 Dea
607 2225 711 2273 Syria
722 2251 731 2269 ,
747 2225 843 2260 Deu-

154 2277 269 2313 calion
287 2277 451 2314 laudatur
467 2278 513 2312 ob
529 2280 682 2314 εὖόθυλίαν
697 2284 732 2312 et
750 2280 843 2314 u'm'-

157 2333 251 2365 ὅπα-ι.
258 2347 305 2356 --
312 2330 467 2364 Metuens
474 2330 633 2364 Deorum.
644 2329 844 2376 Descriptio

156 2379 312 2417 hominis
329 2381 504 2428 religiosi:
528 2380 608 2416 vide
631 2381 759 2416 Heius.
784 2381 843 2426 qu'i

158 2433 297 2479 copiose
322 2432 415 2468 hane
439 2432 658 2469 locutionem
684 2433 843 2469 illustrat.

158 2484 258 2520 Infra
269 2485 326 2529 V,
348 2497 413 2520 ιοο
425 2510 434 2529 ,
447 2488 671 2531 equit-ullor,
689 2487 846 2520 timidus-

157 2550 221 2583 que
243 2538 403 2573 Deorum.
434 2536 509 2573 Liv.
538 2538 647 2575 XXII
662 2565 673 2583 ,
704 2539 725 2573 3
738 2565 747 2583 ,
777 2553 844 2574 nou

165 2591 264 2624 modo
275 2591 412 2624 patrum
422 2590 621 2635 malcslaltk,
637 2593 702 2626 sed
707 2605 749 2626 ne
758 2593 847 2626 Deo·

163 2650 238 2679 tvm
267 2643 397 2688 quidem
424 2647 513 2677 satis
540 2648 698 2678 meluens.
732 2645 848 2678 Metus

160 2708 252 2742 nepe
277 2695 322 2730 de
346 2695 541 2741 religione:
564 2695 631 2732 vid.
660 2695 777 2732 Cerda
802 2695 846 2731 ad

165 2748 265 2796 Virg.
284 2748 369 2784 AEn.
387 2749 460 2784 Vll
473 2774 484 2793 ,
499 2748 554 2785 60.

905 2639 1009 2675 -niose
1025 2641 1076 2674 Et
1089 2643 1202 2676 celo...

1522 1040 1588 1074 330

948 1174 1024 1208 323.
1040 1175 1252 1208 Metuenlior.
1266 1173 1372 1220 Vulg.
1385 1177 1591 1209 reverentior.

947 1226 1022 1269 324.
1046 1226 1211 1270 Stagnum
1229 1253 1237 1266 ‚
1269 1233 1432 1272 stagnum
1453 1252 1462 1270 ,
1493 1238 1590 1261 mare

902 1291 988 1313 esse.
1015 1278 1127 1314 Totus
1154 1285 1331 1314 terrarum
1357 1279 1450 1314 orbis
1478 1285 1592 1314 tectus

903 1337 978 1365 erat
987 1332 1172 1375 paludibus
1186 1358 1193 1371 ‚
1210 1331 1309 1378 aquis
1321 1357 1330 1375 ‚
1350 1339 1384 1366 et
1402 1331 1450 1366 sic
1467 1338 1591 1377 stagno

902 1389 963 1417 aut
979 1382 1069 1417 mari
1086 1382 1208 1418 similis
1231 1390 1306 1418 erat
1323 1396 1332 1418 z
1354 1389 1511 1429 stagnum
1527 1397 1592 1430 pro

902 1435 992 1469 mari
1009 1447 1154 1470 novasse
1172 1435 1340 1481 Virgilius
1363 1437 1509 1484 Heynio
1530 1437 1592 1471 vi·-

902 1484 1007 1520 detur
1025 1485 1068 1520 ad
1093 1486 1237 1521 AEneid.
1253 1487 1271 1521 I
1284 1513 1294 1531 ,
1323 1489 1384 1522 125
1397 1513 1407 1532 ,
1436 1496 1477 1522 ex
1501 1493 1590 1534 λίμνη

903 1538 994 1584 apud
1013 1539 1164 1573 Homer.

948 1592 1024 1626 325.
1035 1594 1264 1636 ,Elsupert-sse
1273 1599 1337 1627 etc.
1352 1592 1434 1628 Hoc
1444 1593 1569 1629 melius
1582 1621 1592 1639 ‚

903 1656 1012 1689 quam
1025 1643 1052 1678 si
1068 1656 1141 1677 uno
1156 1650 1295 1678 tantum
1311 1657 1416 1679 versu
1433 1645 1573 1680 dixisset
1583 1672 1592 1689 ,

903 1695 992 1731 duos
1010 1702 1148 1730 tantum
1167 1696 1388 1741 superfuisse.
1416 1698 1470 1732 Ita
1493 1698 1591 1732 enim

903 1747 1017 1784 clades
1045 1747 1186 1793 utrique
1219 1748 1315 1782 sexui
1343 1748 1437 1783 illata
1469 1750 1594 1785 fortius

903 1801 1066 1836 sentitur.
1103 1800 1234 1836 Similis
1275 1801 1438 1847 repetitio
1469 1803 1562 1838 VIII
1583 1829 1593 1846 ‚

903 1854 970 1888 628
985 1866 1059 1899 sqq.
1074 1854 1200 1888 Horat.
1216 1854 1233 1888 I
1247 1879 1256 1897 ‚
1270 1853 1343 1888 Sat.
1358 1864 1398 1887 v1
1412 1879 1421 1896 ‚
1441 1855 1483 1898 45
1497 1867 1570 1900 sqq.
1584 1869 1593 1897 ς

905 1907 973 1952 Ap.
987 1905 1150 1951 Apollod.
1162 1912 1198 1940 et
1215 1905 1316 1951 pauci
1333 1905 1389 1940 alii
1404 1914 1593 1942 servantur

905 1958 941 1992 in
971 1957 1161 1992 montibus.

949 2010 1026 2055 327.
1054 2011 1224 2044 Innocuus
1241 2008 1263 2043 i.
1283 2022 1316 2054 q.
1344 2015 1448 2044 antea
1473 2023 1595 2045 amans

905 2066 1000 2107 equi,
1014 2062 1190 2107 justus.-
1199 2062 1341 2097 Ambos.
1353 2061 1479 2096 Burm.
1497 2063 1596 2098 malit

905 2113 958 2148 bis
970 2140 980 2157 ,
998 2115 1115 2154 ambo,
1133 2126 1178 2149 ne
1199 2125 1324 2148 omnes
1340 2126 1442 2148 voces
1457 2113 1491 2148 h.
1506 2127 1594 2149 vers.

906 2167 944 2202 in
958 2180 978 2202 s
993 2167 1166 2203 desinant.
1190 2168 1237 2203 Et
1261 2167 1425 2203 dixerunt
1445 2170 1594 2204 Veteres

907 2220 944 2255 in
962 2227 1107 2255 accusat.
1124 2223 1239 2261 ambo,
1259 2222 1334 2255 duo.

951 2274 1026 2309 328.
1038 2274 1201 2320 Dis-jecit.
1215 2275 1321 2310 Unus
1333 2274 1431 2310 Leid.
1439 2276 1592 2316 deducit,

907 2340 1016 2373 quare
1042 2327 1167 2362 Bur-m.
1190 2328 1324 2363 mavult
1336 2354 1345 2371 ,
1371 2330 1522 2368 diducit,
1556 2335 1597 2363 ut

908 2394 989 2428 opp.
1003 2388 1045 2430 τῷ
1059 2384 1218 2417 conducit
1230 2395 1317 2416 vers.
1336 2384 1375 2427 57
1382 2395 1410 2415 a.
1427 2399 1472 2407 —-
1487 2382 1598 2426 Aqui-

908 2436 985 2469 lone
998 2437 1144 2469 remotis.
1158 2434 1214 2468 Ab
1232 2433 1409 2478 Aquilone
1423 2433 1594 2479 depulsis;

909 2493 961 2521 est
978 2486 1075 2521 enim
1093 2486 1223 2531 Aquilo
1237 2492 1366 2520 ventus
1382 2485 1501 2519 nubila
1516 2485 1595 2520 dis-

909 2537 1039 2583 sipans,
1051 2551 1089 2572 ac
1099 2537 1327 2572 serenitatem
1337 2536 1519 2572 mducens
1529 2539 1596 2572 Ed.

955 2588 1031 2636 3²9·
1060 2589 1111 2623 Et
1129 2591 1212 2624 caelo
1233 2593 1349 2624 terras.
1376 2589 1497 2624 Mox·
1487 2602 1596 2636 mge-

1217 2644 1359 2676 ..terris-

957 2693 1035 2727 330
1056 2695 1236 2740 Positoque
1251 2700 1316 2730 etc.
1341 2694 1442 2729 Hinc
1457 2706 1599 2740 quoque

915 2747 985 2783 Dei
1004 2747 1208 2784 interventu
1227 2762 1284 2784 res
1300 2749 1434 2795 geritur
1450 2755 1486 2784 et
1502 2759 1601 2794 aquae
