1832 3100
354 189 1078 238 METAMORPHOSEON
1114 193 1248 237 LIB.
1282 193 1409 237 VII.
1513 196 1600 239 515

170 286 356 355 Expetit
374 294 385 335 'z
405 295 648 348 occurrunt
671 282 761 342 illi,
783 283 1089 351 Telamonque
1103 323 1115 342 ‚
1141 287 1375 353 minorque

173 365 321 429 Quam
342 362 560 412 Telamon
574 399 587 419 ,
615 360 796 420 Peleus,
820 373 865 410 et
888 361 1039 429 proles
1063 363 1191 411 tertia
1213 364 1406 413 Phocus.

173 444 275 510 Ipse
300 434 479 508 quoque
503 439 755 503 egreditur,
786 439 939 489 tardus
964 440 1175 504 gravitate
1196 442 1348 501 senili,

175 520 363 578 AEacus3
389 530 435 567 et
459 537 554 587 quae
577 518 635 567 sit
654 517 863 567 veniendi
889 536 1017 567 causa
1040 519 1241 584 requirit.

172 596 443 646 Admonitus
466 595 601 663 patrii
621 595 769 645 luctus
788 596 1008 663 suspirat,
1036 607 1080 644 et
1105 595 1171 643 illi

1540 614 1606 659 480

173 674 306 723 Dicta
327 674 462 727 refert
482 685 628 723 rector
651 673 924 741 populorum
949 673 1051 722 talia
1076 686 1254 722 centum
1276 694 1287 722 ε

177 774 201 794 «
228 752 400 801 Arma
387 771 510 818 juves
536 771 616 800 oro
640 771 723 818 pro
747 763 882 815 gnato
906 764 1076 809 sumta3
1099 752 1270 818 piaeque

179 852 203 873 »
230 830 338 878 Pars
358 830 418 878 sis
442 829 641 878 militiae:
665 829 838 877 tumulo
864 828 1020 878 solatia
1040 849 1194 896 posco.
1221 852 1244 872 »

177 907 296 956 Huic
318 893 599 974 Asopiades,
626 930 647 950 «
671 907 827 956 Petis
816 907 964 966 irrita,
989 907 1126 966 dixit,
1146 919 1191 956 et
1210 907 1314 956 urbi

181 1007 204 1027 »
233 985 369 1033 Haud
393 985 592 1034 facienda
609 1004 742 1033 meae:
763 1004 908 1052 neque
930 985 1046 1033 enim
1070 985 1352 1050 conjunctior
1375 983 1467 1033 ulla

1544 997 1611 1043 485

182 1084 206 1104 >›
233 1062 495 1130 Cecropidis
517 1063 599 1111 hac
624 1074 691 1111 est
716 1062 848 1111 tellus
871 1083 880 1110 :
902 1082 951 1111 ea
974 1063 1139 1111 foedera
1162 1062 1311 1111 nobis.
1337 1085 1359 1105 »

179 1140 340 1189 Tristis
361 1141 454 1189 abit
474 1160 484 1198 ;
514 1162 537 1183 <1
566 1140 849 1206 Stabuntque
874 1139 958 1187 tibi
983 1151 1059 1188 tua
1082 1139 1247 1188 foedera
1270 1159 1456 1203 magno,
1483 1161 1505 1181 »

180 1218 336 1267 Dixit:
364 1230 408 1267 et
428 1217 584 1267 utilius
606 1217 776 1267 bellum
798 1229 928 1284 putat
949 1236 1043 1266 esse
1068 1218 1256 1275 minari,

181 1298 331 1362 Quam
352 1316 527 1361 gerere,
551 1308 684 1363 atque
709 1315 810 1344 suas
835 1295 900 1344 ibi
923 1283 1274 1381 praeconsuniele
1293 1296 1420 1344 vireS.

247 1374 414 1424 Classis
435 1375 491 1423 ab
519 1374 743 1440 OEnopiis
767 1356 1009 1422 etiamnum
1031 1374 1185 1440 Lyctia
1206 1374 1345 1422 mulis

1549 1387 1616 1432 490

179 1452 380 1520 Spectari
402 1464 605 1519 poterat3
631 1471 768 1518 quum
793 1450 926 1518 pleno
949 1450 1123 1499 concita
1144 1450 1242 1499 velo

179 1529 330 1579 Attica
351 1528 516 1596 puppis
541 1527 687 1587 adest,
713 1528 761 1576 in
783 1540 1031 1595 portusque
1056 1528 1194 1576 intrat
1215 1527 1381 1575 amicos
1395 1564 1406 1584 ,

225 1667 301 1714 476.
316 1668 468 1712 Expetit.
478 1665 586 1701 Multi
599 1667 613 1710 (
623 1672 659 1700 et
668 1665 769 1711 Regii
782 1677 867 1700 nos-

182 1719 273 1763 tri),
300 1722 437 1764 eze-ipa.
463 1719 632 1754 Heinsius
655 1719 751 1753 varia
772 1730 866 1753 con—

180 1772 331 1817 jecturat
339 1785 347 1807 :
353 1775 508 1817 percupit
516 1798 525 1813 ‚
539 1775 658 1816 exigit,
675 1774 753 1806 Rex
761 1775 863 1815 cupit,

176 1827 374 1870 pleb-rauel.
388 1827 539 1869 Expedit,
556 1825 663 1870 cupit.
675 1843 720 1849 —-
732 1825 866 1858 Occur-

181 1881 261 1911 runt
273 1876 363 1919 etii,
381 1875 441 1921 qui
456 1875 600 1910 honoris
611 1888 712 1910 causa
727 1874 866 1908 obviam

185 1935 272 1963 eunt
297 1928 464 1963 venienti.
489 1947 534 1954 -
557 1929 705 1962 Phocum
729 1926 867 1972 ignorat

187 1982 356 2017 Isocrates
364 1981 399 2016 in
411 1981 572 2026 Evagora
579 1981 873 2024 IV.—Egredilur

185 2034 224 2069 in
238 2034 384 2069 litus.—
400 2034 580 2073 Gravitas,
604 2031 761 2066 debilitas
783 2043 869 2066 cor—

185 2087 282 2133 poris
291 2113 302 2130 ,
318 2099 398 2132 quae
410 2085 525 2121 tardat
539 2085 724 2120 incessum.

232 2140 307 2184 480.
323 2139 531 2174 Admonitus
536 2140 647 2182 patrii
658 2139 786 2176 luctus,
810 2148 873 2181 pa-

187 2199 299 2229 ternoe
308 2191 492 2234 rnoestitiae,
502 2202 607 2236 quam
617 2188 737 2224 Minos
745 2188 787 2223 de
799 2187 872 2223 filio

189 2244 233 2279 ab
251 2243 525 2279 Atheniensibus
536 2242 723 2277 interfecto
737 2253 872 2275 conce-

189 2304 300 2343 perat.
326 2298 393 2331 Ed.
411 2315 456 2322 —-
478 2295 534 2330 De
556 2298 748 2330 admonitus
761 2320 769 2335 ,
794 2293 872 2328 vide

191 2349 236 2385 ad
249 2350 321 2393 lx,
335 2349 465 2393 324—
474 2349 608 2383 Hector.
618 2346 739 2382 Minos
748 2372 757 2390 ,
774 2346 873 2390 cujus

188 2401 340 2448 imperio
355 2401 471 2447 paruit
484 2399 653 2435 Creta.—-
666 2401 804 2435 Centum
808 2411 875 2442 po-

185 2457 349 2498 palorum.
372 2453 464 2488 Nota
481 2459 533 2487 est
553 2451 660 2487 Creta
683 2454 876 2495 ἑκατέμκολις

193 2518 236 2540 ex
246 2506 408 2542 Homero
419 2531 428 2547 ,
440 2504 479 2540 ll.
491 2505 535 2548 Β,
548 2505 631 2552 649;
644 2503 713 2538 vid.
726 2503 853 2538 Strabo
863 2528 872 2546 ,

192 2557 251 2592 lib.
261 2557 295 2592 X
307 2583 317 2601 ,
329 2558 444 2603 p.735.
453 2559 630 2602 —Populi
636 2569 700 2602 pro
712 2557 874 2599 urbibus;

194 2609 318 2645 incolae
335 2610 431 2645 enim
448 2610 542 2645 urbis
554 2612 714 2654 populum
732 2609 875 2643 faciunt.

195 2681 240 2690 —
255 2665 322 2697 Pro
341 2668 447 2707 gnato
458 2689 466 2704 ,
498 2674 562 2707 pro
592 2660 789 2696 ulciscenda
816 2660 877 2694 filii

196 2722 323 2752 morte.
340 2717 407 2750 Ed.
424 2733 468 2741 —
490 2716 631 2749 Tumulo
659 2721 722 2750 etc.
748 2726 877 2759 nempe

931 1664 1060 1699 occisos
1070 1663 1188 1699 hostes
1199 1664 1340 1699 inferias
1356 1664 1429 1699 vult
1444 1664 1516 1699 filio
1532 1666 1618 1701 mit-

932 1724 1007 1753 tere
1021 1743 1031 1760 ,
1052 1717 1147 1760 XII,
1167 1731 1197 1750 2.

976 1770 1052 1812 484.
1069 1769 1265 1811 Asopiades
1276 1795 1283 1808 ‚
1308 1768 1415 1814 Asopi
1433 1781 1474 1804 ex
1488 1770 1616 1815 AEgina

932 1822 1191 1866 nepos—Ea.
1209 1827 1280 1855 tam
1297 1828 1415 1856 sancta
1430 1833 1438 1855 :
1458 1821 1532 1858 Cic.
1550 1823 1615 1858 Or.

934 1874 970 1908 II
981 1899 990 1915 ,
1008 1875 1071 1916 4ο,
1089 1874 1261 1917 quodcum
1276 1875 1378 1918 legem
1394 1876 1523 1915 lulisti,
1545 1883 1618 1910 tam

933 1925 1176 1971 perniciosam.

978 1978 1053 2022 487.
1077 1978 1205 2021 Magno
1225 1980 1374 2012 stabunt.
1391 1977 1483 2013 Vide
1499 1979 1542 2014 ad
1562 1980 1594 2014 X
1610 2008 1619 2024 ,

934 2029 1344 2073 547.—-—Praeconsumere‚
1366 2037 1447 2065 ante
1462 2031 1593 2067 bellum
1607 2061 1616 2078 ,

935 2080 1030 2125 quod
1038 2081 1261 2124 moliebatur,
1275 2081 1437 2117 minuere
1448 2083 1571 2128 :v111,
1588 2099 1621 2130 7,

931 2138 1130 2178 pratealare
1138 2137 1227 2168 vires
1240 2147 1250 2167 :
1266 2134 1384 2169 Livius
1395 2161 1404 2179 ,
1422 2135 1509 2171 XXI
1526 2162 1535 2179 ,
1557 2151 1618 2185 29,

933 2191 1120 2224 antelibare
1135 2192 1232 2223 vires.

983 2242 1059 2289 490.
1078 2243 1202 2288 Lyctia
1215 2255 1234 2276 a
1246 2241 1357 2288 Lycto
1367 2267 1376 2285 ,
1395 2242 1481 2276 urbe
1494 2240 1632 2278 Cretae.-

935 2311 980 2322 -·
995 2295 1098 2337 Ve105
1111 2294 1340 2328 Burmannus
1352 2308 1370 2329 e
1388 2295 1499 2329 tribus
1512 2295 1622 2331 MSS.

939 2345 1037 2379 malit
1050 2350 1149 2380 vento
1161 2373 1169 2386 ‚
1196 2345 1291 2391 quod
1307 2346 1416 2391 magis
1433 2353 1476 2394 τῷ
1489 2350 1624 2381 concisa

939 2397 1135 2432 conveniat.
1158 2397 1303 2432 Frustra
1330 2411 1338 2434 ς
1362 2398 1447 2432 AEn.
1467 2399 1506 2442 1,
1532 2401 1621 2443 400:

940 2452 1015 2485 Aut
1029 2456 1162 2494 portum
1189 2455 1292 2491 tenet,
1324 2455 1386 2486 aut
1406 2454 1508 2495 pleno
1534 2455 1626 2487 subit

940 2508 1031 2538 ostia
1047 2507 1143 2548 velo‚·
1163 2503 1246 2538 ibid.
1256 2503 1311 2554 ¹V,
1331 2506 1390 2540 281
1405 2530 1413 2547 ,
1432 2507 1518 2539 velis
1533 2508 1626 2540 subit

941 2560 1030 2591 oslia
1037 2559 1158 2600 plemk.
1171 2557 1321 2591 Portum
1334 2557 1497 2592 intraturi
1511 2558 1625 2593 solent

943 2609 1087 2654 quidem
1111 2609 1185 2643 vela
1210 2609 1439 2654 contrahere,
1467 2610 1527 2646 sed
1544 2610 1622 2644 vide

943 2660 986 2694 ad
1006 2661 1058 2694 Vl
1073 2687 1082 2703 ,
1106 2662 1177 2704 445.
1199 2680 1242 2686 -
1262 2664 1304 2695 In
1322 2667 1500 2707 portusque
1522 2664 1630 2695 inlml

944 2717 1083 2749 amicos.
1106 2713 1254 2751 Codices
1274 2716 1385 2751 nostri
1409 2715 1509 2762 Regii
1535 2715 1627 2749 sim-
