1832 3100
336 152 1034 234 METAMORPHOSEON
1072 186 1205 231 LIB.
1247 189 1338 233 v1.

1447 188 1535 252 447

112 273 306 324 Rettulit
324 275 537 335 exitium5
560 274 707 341 Satyri
730 275 1029 325 reminiscitur
1051 278 1161 328 alter
1174 317 1187 338 ‚

111 352 262 416 Quem
282 352 538 402 Tritoniaca
561 353 731 411 Latous
755 353 972 412 arundine
996 355 1163 410 victum

110 428 289 479 Adfecit
307 440 453 498 poena.
480 452 504 474 «
527 429 654 494 Quid
675 450 744 480 me
763 431 880 481 <mihi
905 432 1134 488 detrahis?
1156 435 1331 502 inquit:
1474 456 1540 491 335

115 528 140 550 »
166 506 243 558 Ah
265 507 390 574 piget
403 509 418 568 !¹
441 509 498 559 ah
521 528 616 557 non
637 521 729 568 est,
755 508 993 570 clamabat,
1020 511 1131 560 tibia
1154 515 1291 562 tanti!
1318 538 1341 558 »

113 583 332 635 Clamanti
353 586 469 636 cutis
493 598 561 636 est
585 606 783 637 summos
809 588 989 656 derepta
1011 609 1093 657 per
1112 604 1234 641 artus
1253 613 1262 650 ;

109 665 202 715 Nec
224 663 472 731 *quidquam
494 665 582 714 nisi
606 665 768 715 vulnus
794 679 913 716 erat:
934 686 1066 716 cruor
1087 660 1285 736 undique
1307 685 1455 721 manat
1476 694 1486 722 ε

108 748 372 815 Detectique
392 761 547 816 patent
569 750 719 808 nervi3
743 750 1014 818 trepidaeque
1035 752 1129 801 sine
1151 752 1241 803 ulla

109 829 229 880 Pelle
250 831 416 880 micant
437 851 558 881 venae
578 852 588 881 :
612 831 813 881 salientia
834 832 999 883 viscera
1022 835 1168 900 possis
1182 872 1194 894 ‚

108 975 152 1012 ad
170 975 378 1013 Callimachi
399 976 577 1026 hymnum
605 978 647 1014 ad
682 979 791 1015 Dian.

110 1031 184 1074 245.
205 1030 357 1079 Marsyae
379 1039 498 1075 autem
521 1032 635 1067 sabula
649 1059 659 1077 ,
685 1046 791 1079 quam

108 1082 239 1118 Noster
257 1084 396 1120 brevius
406 1085 500 1131 justo
510 1093 648 1130 narrat,
664 1087 792 1134 legitur

109 1135 216 1170 etiam
233 1135 325 1181 apud
343 1137 571 1172 Herodotum
585 1165 594 1182 ,
612 1139 684 1173 VII
697 1165 705 1181 ,
722 1140 763 1174 26
779 1153 787 1180 ;

110 1187 389 1234 Apollodorum,
412 1190 450 1234 I,
466 1201 520 1235 IV,
532 1204 570 1232 ἠ
589 1190 792 1227 Diodorum

110 1239 179 1275 Sic.
198 1241 255 1277 Ill
271 1267 282 1285 ‚
312 1254 345 1288 p.
376 1254 461 1290 ¹923
486 1242 674 1291 Hyginum
692 1269 702 1288 ,
726 1244 793 1280 sab.

114 1294 197 1338 1553
227 1295 490 1342 Palaephatum‚
518 1310 592 1343 cap.
607 1299 667 1347 4⁸?
697 1298 792 1340 Ful-

109 1353 205 1392 gent.
229 1347 309 1392 111,
326 1361 350 1396 9
364 1375 375 1392 ,
398 1348 459 1394 qui
473 1349 618 1397 mystice
641 1349 794 1385 fabulam

109 1398 374 1446 interpretatur.
403 1400 516 1437 Gloss.
543 1401 623 1437 MS.
652 1402 690 1436 in
710 1402 795 1438 Ful-

110 1459 205 1497 gent.
225 1451 380 1499 Confer.
410 1454 563 1499 Noster,
596 1455 688 1490 Fast.
715 1456 791 1500 vl,

108 1503 175 1551 696
183 1516 259 1550 sqq.
269 1504 352 1541 ibid.
363 1507 440 1550 551.
456 1505 592 1551 Iniuste
604 1519 688 1556 eum
698 1506 794 1550 dam-v

107 1563 234 1593 natum
251 1556 335 1602 dicit
361 1557 557 1604 Lucianus,
581 1559 617 1594 in
642 1558 792 1606 Dialogo

106 1607 132 1642 J
135 1608 263 1644 unonis
275 1615 310 1644 et
321 1609 478 1646 Latonoe.
489 1629 535 1636 —
545 1612 687 1658 Lycia...
704 1615 791 1646 viro-

106 1674 179 1696 rum
196 1662 428 1705 referendum
444 1662 488 1698 ad
503 1667 707 1699 exilae'um.—·-
718 1665 791 1699 Sa-

105 1719 199 1761 tyrus
225 1721 277 1759 est
312 1715 387 1762 ipse
415 1717 585 1765 Marsyas.
615 1717 763 1765 Hygino
779 1744 789 1762 ,

105 1767 267 1815 Marsyas
285 1774 425 1813 pastor,
455 1783 542 1805 unus
566 1784 610 1805 ex
634 1772 791 1817 Satyrum

105 1819 201 1856 unde
217 1833 302 1862 eum
318 1821 452 1867 pictum
476 1835 559 1859 cum
580 1822 690 1857 cauda
706 1835 792 1868 por-

104 1873 182 1908 cina
197 1880 319 1908 auctor
341 1882 393 1911 est
408 1874 624 1920 Fulgentius.
643 1876 789 1909 Silenum

106 1937 189 1960 eum
205 1932 307 1961 vocat
324 1925 531 1967 Herodotus
542 1925 636 1963 dicto
651 1926 791 1962 loco.—

106 1978 265 2018 Arunda,
293 1977 401 2021 tibia,
435 1991 513 2024 quin
539 1985 618 2014 tum
650 1992 691 2014 ex
717 1979 789 2015 aliis

106 2030 211 2074 rebus
222 2056 232 2074 ,
248 2029 322 2071 loto
334 2056 344 2075 ,
357 2030 449 2066 buxo
463 2037 529 2067 etc.
541 2038 618 2066 tum
633 2044 675 2066 ex
685 2045 789 2067 arun·

106 2081 198 2123 dinis
222 2095 374 2128 genere,
398 2082 481 2118 inde
512 2083 606 2121 dicto
636 2086 789 2133 αὖλητικῷ

106 2133 365 2181 (Theophrast.
380 2135 472 2176 Hist.
491 2135 606 2176 Plant.
624 2136 691 2180 lv,
709 2137 786 2180 12),

105 2186 182 2223 lieri
192 2187 338 2224 solebat.
351 2187 443 2224 Eam
451 2188 546 2224 inter
553 2184 695 2231 Grae'cos
713 2191 789 2224 Tri-

105 2242 200 2275 tonia
213 2240 284 2276 sive
299 2240 464 2277 Minerva
479 2242 646 2287 reperisse
664 2241 790 2281 crede-

105 2291 207 2327 batur
222 2318 231 2336 ,
257 2298 294 2329 et
315 2292 459 2339 quidem
484 2306 526 2332 ex
551 2293 783 2333 hinnulorum

105 2343 246 2380 ossibus.
277 2344 394 2390 Bion,
419 2345 472 2386 Id.
495 2346 576 2389 III,
606 2360 646 2392 7;
671 2345 786 2383 Calli-

104 2395 248 2432 machus
266 2423 276 2441 ‚
315 2396 452 2445 hymno
483 2399 526 2434 ad
558 2398 664 2434 Dian.
697 2402 783 2445 2443

106 2447 224 2484 Schol.
243 2449 389 2494 Pindari
416 2450 460 2494 ad
482 2451 586 2499 Pyth.
609 2452 681 2487 Od.
703 2463 758 2488 ΧΠ
779 2466 786 2488 :

106 2513 214 2546 quam
237 2501 282 2536 ob
306 2502 569 2541 deformitatem
596 2506 712 2542 vultus
745 2520 786 2542 ex

105 2552 191 2588 flatu
207 2553 471 2596 intumescentis
487 2569 507 2592 a
521 2557 599 2593 Dea
614 2559 785 2604 abjectam

105 2605 238 2651 excepit
257 2607 425 2654 Marsyas.
443 2608 477 2644 ls
494 2622 603 2655 quum
627 2624 704 2646 earn
720 2612 785 2647 in·-

107 2657 191 2693 ssare
206 2658 381 2695 didicisset
397 2662 410 2704 (
423 2661 550 2696 Noster
563 2689 572 2706 ,
600 2663 691 2698 Fast.
709 2664 761 2699 Vl
774 2691 782 2708 ,

109 2713 172 2756 703
190 2714 290 2759 sqq.)
309 2740 319 2758 ,
351 2714 507 2760 primum
535 2717 680 2752 certavit
702 2730 784 2752 cum

1475 852 1542 899 390

857 980 971 1016 Musis
987 1006 996 1023 ,
1014 993 1096 1015 mox
1112 994 1193 1016 cum
1209 981 1283 1028 ipso
1301 982 1466 1029 Apolline
1488 999 1547 1021 co-

855 1046 934 1067 ram
955 1033 1067 1069 Musis
1084 1033 1265 1079 judicibus.
1282 1035 1339 1070 Ab
1351 1036 1453 1072 initio
1464 1038 1546 1073 vicit

857 1085 1029 1133 Marsyas,
1041 1085 1101 1121 sed
1113 1099 1223 1132 quum
1236 1087 1364 1134 Apollo
1373 1089 1542 1125 citharam

862 1146 1037 1183 versaret,
1069 1138 1136 1173 hoc
1152 1146 1223 1183 est,
1247 1140 1439 1186 interprete
1463 1142 1545 1180 Sal-

860 1190 970 1225 masio
983 1216 993 1233 ,
1020 1190 1063 1224 ad
1082 1191 1191 1226 Solin.
1218 1205 1251 1237 p.
1278 1206 1341 1240 119
1353 1219 1363 1237 ,
1390 1193 1543 1236 adalind

860 1242 1110 1278 modulationis
1141 1256 1252 1288 genus
1281 1245 1452 1281 citharam
1479 1260 1544 1282 ac—

859 1295 1102 1331 commodaret
1114 1321 1124 1340 ,
1140 1295 1322 1344 Marsyam
1338 1311 1392 1333 ars
1400 1311 1462 1333 sua
1474 1299 1544 1334 de—

857 1348 979 1384 stituit.

902 1400 978 1434 385.
995 1400 1089 1444 Quid
1097 1413 1148 1435 me
1159 1403 1245 1435 mihi
1250 1403 1401 1440 detrahis
1412 1406 1432 1440 ,Ρ
1443 1403 1542 1450 Quid

860 1458 980 1487 cutem
1006 1465 1125 1488 meam
1155 1453 1243 1488 mihi
1269 1453 1422 1491 detrahis
1439 1456 1455 1491 ?
1486 1457 1545 1492 Sic

858 1504 962 1540 irruit
979 1505 1015 1539 in
1035 1505 1189 1546 mediam
1215 1518 1315 1548 rem;
1341 1507 1402 1542 sed
1427 1508 1542 1544 lusum

858 1555 1004 1591 adhibet
1021 1556 1289 1592 intolerabilem.
1305 1558 1476 1595 Similiter
1495 1562 1542 1605 V,

859 1608 923 1652 546
934 1635 944 1652 ,
967 1611 1040 1643 sibi
1059 1611 1207 1644 ablatus.
1221 1628 1267 1637 —
1282 1612 1359 1645 Non
1385 1617 1439 1646 est
1455 1616 1542 1648 tibia

860 1660 968 1696 tanti!
1000 1673 1074 1695 non
1102 1669 1199 1706 erat,
1225 1675 1288 1697 cur
1312 1663 1396 1698 tibia
1415 1678 1542 1701 canere

857 1713 1050 1758 discerem,
1081 1727 1191 1759 quum
1209 1715 1297 1750 mihi
1320 1729 1422 1751 causa
1449 1718 1543 1754 exitii

854 1766 907 1801 sit.
937 1766 1030 1801 Vide
1059 1766 1207 1801 Valken.
1233 1767 1278 1802 ad
1300 1767 1510 1814 Euripidem
1532 1797 1542 1814 ,

856 1819 999 1865 Hippot.
1019 1821 1094 1863 441.

900 1873 974 1917 387.
999 1873 1113 1906 Culem
1130 1873 1162 1907 ei
1183 1872 1333 1910 detraxit
1349 1875 1403 1910 vel
1427 1876 1469 1911 ad
1488 1878 1543 1922 pi-

855 1930 966 1967 num,
986 1924 1040 1958 vel
1062 1924 1104 1958 ad
1125 1925 1306 1970 platanum
1321 1926 1424 1973 (quae
1434 1928 1541 1964 Plinii

855 1974 970 2010 adhuc
985 1981 1086 2011 aetate
1105 1977 1366 2014 ostendebatur.
1381 1979 1516 2017 Plinius
1526 2008 1535 2024 ,

855 2023 945 2063 XVI
956 2054 966 2072 ,
983 2029 1046 2072 44)
1074 2028 1190 2075 ligato.
1207 2030 1260 2065 Ea
1271 2034 1360 2066 cutis
1374 2045 1541 2078 suspensa

854 2087 906 2116 est
917 2080 959 2115 ab
971 2081 1134 2127 Apolline
1151 2081 1312 2119 Celaenis.
1321 2084 1541 2130 Herodotus,

854 2133 887 2168 d.
909 2133 931 2169 l.
952 2148 961 2177 3
989 2134 1174 2180 Lucanus,
1198 2136 1319 2172 Phars.
1345 2137 1420 2183 ΙΙΙ,
1450 2140 1539 2181 2063

854 2186 1014 2223 AElianus
1029 2214 1038 2232 ,
1067 2188 1159 2224 XIII
1179 2215 1189 2234 ,
1217 2203 1270 2224 21.
1288 2190 1395 2236 Apud
1418 2191 1540 2239 Hygi-

853 2254 960 2287 num,
978 2242 1206 2279 membratim
1223 2243 1440 2291 discerpitur.
1465 2246 1539 2280 Se—

852 2293 974 2343 quitur
988 2294 1175 2341 descriptio
1185 2297 1285 2333 soedae
1294 2298 1391 2333 istius
1406 2311 1539 2344 opera—

852 2347 974 2392 tionis,
1001 2361 1078 2393 quae
1094 2349 1265 2385 Romanis
1289 2352 1431 2387 sortasse
1454 2351 1536 2396 pla-

853 2401 927 2436 cuit
940 2427 950 2445 ,
963 2414 1116 2447 quorum
1131 2403 1223 2438 oculi
1233 2404 1394 2450 sanguini
1405 2405 1539 2440 adsueti

853 2461 954 2488 erant
966 2481 975 2499 ,
993 2455 1052 2490 sed
1074 2456 1201 2491 nostris
1218 2457 1272 2491 vix
1291 2457 1505 2501 probabitur.

897 2507 974 2555 390.
999 2509 1175 2543 Salienlt'a.
1198 2508 1346 2545 Cantab.
1368 2513 1533 2553 sidentia,

852 2559 947 2603 quod
962 2560 1086 2606 placet
1116 2561 1265 2596 Heinsio
1277 2588 1286 2606 ,
1314 2563 1535 2608 improbante

851 2613 1071 2649 Burmanno.
1090 2614 1191 2660 Regii
1211 2615 1340 2657 nostri,
1362 2619 1531 2653 salientia.

851 2683 894 2691 -—
904 2666 1012 2700 Salire
1028 2674 1062 2701 et
1079 2670 1203 2702 micare
1219 2675 1254 2703 et
1268 2671 1432 2712 trepidare
1448 2683 1535 2705 ver-

850 2719 895 2752 ba
909 2745 918 2762 ,
946 2733 1056 2764 quum
1070 2720 1112 2756 de
1128 2729 1227 2758 motu
1243 2723 1356 2759 cordis
1367 2731 1403 2759 et
1418 2738 1532 2759 vena-
