1832 3100
363 255 1058 305 METAMORPHOSEON
1089 258 1219 302 LIB.
1255 258 1344 304 IV.

1484 259 1565 306 321

150 352 455 418 Obstrepuere
477 348 602 398 sonis
620 368 631 406 ;
656 359 701 397 et
722 348 895 408 adunco
922 349 1032 397 tibia
1055 364 1219 408 cornu,

152 423 432 494 Tinnulaque
452 445 535 476 aera
562 436 725 474 sonant
743 445 753 473 :
773 424 980 474 redolent
999 426 1297 492 myrrhaeque,
1319 428 1526 495 crocique
1546 448 1559 486 ·,

150 508 329 572 Resque
350 503 437 553 fide
458 503 621 569 major!
644 522 814 570 coepere
838 503 1051 553 virescere
1074 502 1169 552 telae
1187 541 1200 562 ‚

149 584 292 651 Inque
313 582 485 632 hederae
506 581 662 631 faciem
684 581 884 649 pendens
908 580 1189 631 frondescere
1212 582 1359 631 vestis.
1512 598 1577 646 395

150 665 260 714 Pars
280 665 377 715 abit
397 666 446 714 i'n
468 665 580 713 vites
602 685 613 713 :
634 676 678 714 et
700 684 797 732 quae
821 664 955 713 modo
978 663 1051 712 fila
1071 664 1254 713 suerunt
1268 703 1280 724 ‚

150 746 337 797 Palmite
359 759 590 796 mutantur
611 767 622 796 :
644 746 696 795 de
721 747 906 796 stamine
930 747 1170 814 pampinus
1193 747 1284 796 exit
1303 768 1314 795 :

151 829 355 897 Purpura
379 829 598 892 fulgorem
620 829 753 896 pictis
774 828 1085 878 adcommodat
1105 830 1215 878 uvis.

151 913 340 979 Jamque
363 912 458 960 dies
482 923 659 960 exactus
680 923 798 969 erat,
825 922 1091 978 tempusque
1114 912 1296 960 subibat
1311 950 1323 970 ,

154 994 294 1059 Quod
319 1006 368 1044 tu
391 1013 472 1043 nec
497 994 702 1043 tenebras
717 1031 729 1052 ‚
757 1013 838 1043 nec
862 994 1011 1061 possis
1036 994 1180 1046 dicere
1205 994 1347 1044 lucem
1369 1015 1379 1053 ;

1516 1011 1582 1056 4ωο

153 1077 244 1126 Sed
267 1096 368 1126 cum
389 1076 487 1126 luce
509 1088 654 1124 tamen
678 1076 826 1125 dubiae
847 1076 1038 1125 confinia
1059 1078 1219 1125 noctis.

154 1161 293 1208 Tecta
312 1171 493 1226 repente
517 1158 668 1224 quati,
690 1158 970 1225 pinguesque
994 1158 1146 1208 ardere
1168 1139 1380 1208 videntur!

154 1241 403 1308 Lampades
419 1278 431 1300 ‚
457 1252 502 1290 et
522 1240 669 1289 rutilis
693 1240 908 1289 collucere
933 1241 1114 1303 ignibus
1137 1241 1274 1300 aedes3

155 1324 372 1392 Falsaque
397 1343 607 1374 saevarum
628 1323 861 1374 simulacra
881 1323 1053 1374 ululare
1076 1324 1280 1374 ferarum.

158 1470 264 1506 oium.
288 1471 355 1505 Ed.
371 1488 416 1495 —-
432 1471 510 1505 Non
523 1471 745 1513 apameae,-
760 1482 839 1515 quae

159 1521 338 1557 Mineides
348 1529 468 1557 mente
479 1528 587 1567 captae
597 1521 660 1556 sibi
668 1521 748 1557 visae
757 1529 840 1557 sunt

159 1574 368 1610 audire-Ed.
378 1593 423 1603 —
439 1576 654 1618 Obstrepuere
664 1601 672 1614 ‚
693 1574 858 1620 strepitu-

158 1639 223 1661 suo
234 1626 423 1671 turbarunt
432 1633 505 1661 tam
515 1638 602 1672 opus
614 1651 624 1669 ‚
641 1638 748 1671 quam
763 1640 840 1662 ser-

159 1691 285 1714 mones
305 1678 505 1714 mulierum.
529 1697 574 1706 --
590 1679 647 1714 De
669 1682 754 1714 tibia
774 1679 841 1715 hac

157 1729 238 1766 vide
256 1729 300 1766 ad
317 1731 374 1767 ΙΙΙ
387 1757 398 1775 ,
414 1731 490 1766 533.

201 1783 278 1831 393.
295 1784 470 1818 Redolent.
491 1782 659 1819 Heinsius
670 1790 768 1829 putat
775 1785 843 1818 ha-

157 1839 242 1872 lant.
258 1837 378 1873 Nostri
391 1836 492 1883 Regii
505 1863 515 1881 ,
532 1842 567 1872 et
578 1840 677 1872 olent.
694 1857 738 1864 —-
750 1839 843 1885 Myr-

158 1890 231 1924 rhae
241 1915 251 1930 ‚
273 1901 424 1935 quarum
433 1889 622 1935 unguentis
634 1889 762 1924 Bacchi
777 1889 843 1924 cri-

161 1954 226 1977 nes
241 1940 397 1976 delibuti.
417 1939 508 1975 Vide
526 1941 583 1976 lib.
601 1941 657 1976 Ill
672 1967 682 1984 ,
701 1943 776 1976 555.

205 1995 281 2041 394
299 1995 433 2038 Coepere
448 1996 609 2028 virescere
627 1996 710 2028 leloe.
725 1993 844 2028 AElia-

163 2059 230 2082 nus
242 2073 253 2091 ,
271 2048 355 2082 Var.
375 2046 466 2096 ῌίςῖ.
483 2047 500 2082 I
515 2072 525 2090 ,
547 2060 560 2081 ι
581 2059 589 2081 ;
604 2049 688 2095 ἄφνω
703 2053 802 2083 >carrel
813 2063 844 2083 τε

163 2105 218 2136 καὶ
228 2100 358 2144 ἄμπελοι
376 2102 443 2138 τοὺς
460 2103 559 2138 ἱστοὺς
573 2106 746 2148 περιεῒρπον.
761 2098 820 2134 Sic
832 2125 843 2143 ‚

164 2151 308 2185 Venere
318 2149 528 2185 adventante
542 2162 550 2184 :
562 2150 732 2184 Mauortia
745 2153 846 2195 signa

163 2203 342 2236 rubescunt
347 2202 503 2236 Floribus
512 2205 547 2235 el
555 2203 677 2235 subitis
691 2205 846 2236 animan—

163 2259 221 2289 tur
225 2253 410 2299 frondibus
432 2254 561 2295 haslae‚·
590 2251 772 2288 Claudian.
790 2254 823 2288 X
832 2280 844 2299 ‚

167 2308 241 2352 187.
263 2323 308 2331 —
330 2306 485 2346 Faciem,
511 2305 673 2341 formam.
689 2324 733 2332 —·
748 2307 846 2340 Pen—

163 2361 248 2394 deus
264 2372 275 2393 :
291 2357 371 2394 vide
389 2358 432 2394 ad
451 2361 525 2405 275.
541 2377 585 2386 ·-
603 2361 735 2403 Vestis,
764 2367 846 2395 tex-

165 2419 244 2447 tum
257 2437 268 2456 ,
285 2423 374 2456 opus
386 2410 514 2446 textile.

207 2464 285 2512 396.
307 2466 349 2499 Iu
375 2468 472 2501 vites.
493 2464 598 2501 Multi
611 2492 621 2510 ,
640 2469 676 2500 in
683 2466 843 2511 smndes,

165 2516 261 2563 quod
274 2517 399 2562 probat
413 2517 593 2555 Ciosanus.
605 2521 776 2558 -Nostri
788 2521 846 2556 ha-

166 2570 254 2605 bent
270 2572 307 2603 ιἰι
323 2573 419 2605 viles.

209 2623 285 2669 399.
293 2622 438 2666 Jamque
444 2624 518 2657 dies
523 2629 663 2659 exactus
672 2626 847 2672 etc.Egre-

168 2672 223 2719 gia
240 2672 431 2718 crepusculi
459 2671 655 2719 descriptio.
679 2675 845 2720 Brevius,

169 2724 242 2768 XI,
261 2725 326 2772 596
344 2751 353 2768 ,
378 2727 485 2760 dubioe
503 2729 697 2770 crepuscula
713 2731 847 2771 noctae,-

168 2776 260 2814 cons.
270 2784 305 2812 et
316 2776 387 2813 VII
399 2803 408 2821 ,
428 2779 512 2825 706,
528 2781 630 2816 dubia
640 2792 724 2824 reo-r,
738 2781 849 2817 utdu-

294 2845 400 2889 III.

905 1473 981 1506 ὀίω·
1002 1476 1038 1506 et
1057 1474 1159 1516 quasi
1167 1473 1349 1516 languidus
1372 1473 1445 1506 dic-s
1456 1497 1465 1511 ,
1496 1471 1586 1507 Plin.

906 1522 979 1564 VI,
1000 1523 1066 1569 Ep.
1086 1535 1132 1558 xx
1146 1549 1155 1566 ,
1184 1523 1216 1558 6.
1232 1524 1348 1557 Varro
1364 1522 1407 1557 de
1423 1523 1462 1557 L.
1477 1523 1516 1559 L.
1530 1523 1565 1555 V
1576 1551 1586 1568 ,

872 1608 880 1612 .
905 1588 938 1621 p.
951 1577 1011 1620 44:
1023 1576 1258 1620 crepusculum
1267 1577 1589 1620 signficatdubz'um.

905 1629 964 1664 Ab
973 1642 1013 1663 eo
1023 1641 1076 1662 res
1090 1630 1198 1663 dubioe
1215 1629 1360 1673 Creperoe
1375 1630 1491 1671 dictoe,·
1503 1631 1594 1674 quod

904 1682 1132 1725 crepusculum
1148 1683 1223 1715 dies
1245 1684 1426 1715 etiamnum
1443 1684 1491 1715 sit
1505 1707 1514 1720 ,
1543 1694 1589 1715 un

896 1732 976 1777 jam
999 1745 1068 1767 nox
1085 1759 1094 1773 ‚
1122 1734 1237 1766 mullis·
1250 1734 1407 1780 flubium.
1422 1751 1467 1759 -—-
1484 1731 1592 1778 Apud

906 1784 1134 1820 Antoninum
1147 1792 1182 1819 et
1199 1784 1326 1818 AElian.
1339 1784 1525 1831 Minyades
1535 1785 1591 1818 su-

906 1849 987 1871 rore
1004 1836 1174 1871 Bacchico
1189 1843 1358 1881 correptae
1371 1835 1568 1881 Hippasum
1578 1861 1589 1878 ,

908 1891 1101 1935 Leucippes
1119 1890 1248 1933 filium,
1268 1897 1437 1934 tanquam
1460 1889 1592 1923 hinnu-

908 1943 1005 1986 lum,
1024 1942 1214 1983 dilaniant;
1240 1949 1317 1976 tum
1337 1955 1372 1976 se
1401 1942 1438 1976 in
1461 1941 1560 1976 silvas
1577 1967 1588 1986 ‚

910 1995 964 2030 vel
980 1994 1023 2029 ad
1037 1995 1188 2040 reliquas
1202 1993 1355 2030 Bacchas
1371 1993 1590 2040 proripiunt,

910 2059 930 2081 a
941 2047 1066 2092 quibus
1075 2054 1219 2092 propter
1231 2046 1420 2082 admissum
1431 2046 1591 2092 repulsae,

910 2099 948 2134 in
964 2099 1073 2134 varias
1090 2099 1274 2134 volucrum
1293 2099 1423 2144 species
1439 2105 1592 2133 mutan—

910 2159 989 2195 tur,
1008 2151 1045 2185 in
1059 2151 1183 2196 quibus
1199 2151 1306 2186 etiam
1323 2151 1530 2197 vespertilio.
1558 2150 1592 2185 A

912 2203 1101 2239 Plutarcho
1113 2231 1122 2248 ,
1140 2210 1267 2250 praeter
1277 2203 1361 2238 illud
1378 2203 1567 2239 admissum
1583 2229 1593 2247 ,

910 2256 997 2291 nihil
1016 2256 1059 2291 de
1077 2257 1117 2291 iis
1134 2263 1365 2291 memoratur.
1376 2258 1535 2290 —Falsa
1543 2258 1591 2289 sl-

910 2312 1061 2344 mulacra
1073 2322 1083 2343 :
1097 2308 1176 2343 vide
1192 2308 1235 2343 ad
1252 2309 1308 2343 ΙΙΙ
1321 2334 1330 2351 ,
1345 2308 1421 2343 668.

954 2360 1031 2405 403.
1055 2363 1234 2396 Collucere.
1252 2359 1392 2394 Thuan.
1418 2366 1454 2393 et
1475 2357 1593 2393 Urbi—

910 2426 973 2448 nas
988 2438 998 2456 ,
1018 2415 1204 2456 collucent,·
1222 2412 1390 2447 Heinsius
1406 2410 1525 2444 mallet
1541 2412 1596 2444 lu-

910 2471 1033 2501 centes.
1046 2485 1090 2492 —
1107 2466 1177 2500 Hic
1191 2479 1310 2500 versus
1321 2478 1362 2499 ex
1376 2470 1496 2498 nostro
1512 2462 1593 2498 Co-
1654 2468 1655 2471 ’

912 2519 987 2554 dice
1006 2519 1038 2554 A
1053 2519 1119 2554 hoc
1136 2519 1243 2552 modo
1263 2519 1398 2563 legatur
1413 2530 1421 2551 ι
1436 2518 1592 2561 Lumpa-

912 2576 972 2608 des
981 2585 992 2614 ‚¹
1007 2578 1042 2607 e!
1049 2576 1169 2607 rutulis
1178 2575 1347 2606 collucent
1354 2573 1487 2615 '‘grn‘bus
1495 2572 1595 2605 oedes.

915 2625 1037 2661 Codex
1067 2626 1096 2660 Β
1125 2625 1230 2660 habet
1260 2626 1379 2660 nitidis
1405 2627 1571 2660 collucent
1584 2637 1595 2659 t

913 2677 1037 2722 prioris
1053 2677 1239 2711 lectionem
1257 2676 1468 2722 praetulerim
1483 2690 1491 2717 ς
1509 2687 1594 2709 nam

913 2731 1086 2769 collucere,
1097 2728 1284 2771 infinitivo,
1295 2732 1428 2773 ignibus
1438 2730 1593 2774 languet,

914 2788 950 2817 et
964 2781 1146 2820 elisionem
1161 2781 1294 2826 praebet
1309 2781 1493 2831 ingratam.
1512 2782 1577 2816 Ed.

1359 2864 1408 2892 21
