1832 3100
373 238 1081 286 METAMORPHOSEON
1120 241 1188 286 LI
1202 243 1251 286 B.
1289 242 1328 287 1.

1503 243 1562 307 49

129 336 264 400 Ignea
286 335 472 384 convexi
493 334 561 383 vis
585 345 631 384 et
654 335 747 384 sine
771 333 969 402 pondere
993 332 1089 382 caeli

130 411 350 471 Emicuit,
374 423 633 478 summaque
657 411 807 460 locum
831 411 919 460 sibi
943 410 1054 474 legit
1076 411 1123 458 in
1146 429 1241 460 arce
1262 429 1274 459 ε

129 489 368 546 Proximus
393 501 462 538 est
484 508 558 538 aer
579 486 647 537 illi
671 488 874 548 levitate,
899 487 1120 556 locoque:

131 568 328 617 Densior
349 567 422 616 his
444 566 600 625 tellus,
627 565 928 634 elementaque
951 565 1135 630 grandia
1158 566 1291 614 traxit
1312 586 1322 625 ;

133 646 196 695 Et
215 665 370 714 pressa
387 657 455 695 est
477 644 690 708 gravitate
715 645 786 693 sui
810 643 1121 693 :circumfluus
1145 643 1308 691 humor
1530 662 1574 695 30

133 723 309 773 Ultima
329 722 555 791 possedit,
581 721 865 789 solidumque
889 721 1087 771 coercuit
1109 721 1275 770 orbem.

200 802 275 852 Sic
299 802 379 851 ubi
403 801 687 869 dispositam,
715 800 918 868 quisquis
941 800 1028 849 suit
1049 800 1124 849 ille
1149 801 1371 861 Deorum,

179 934 233 970 26.
248 952 249 955 ¹
263 936 370 980 Ignea
385 937 607 969 conantem.
627 933 683 969 Cf.
703 934 822 969 Tibul.

136 986 214 1031 IV,
232 997 269 1031 1,
299 987 430 1036 19-233
456 985 640 1021 claudian.
658 986 702 1021 R.
722 986 762 1021 P.
782 986 799 1021 I
811 1012 821 1031 ‚

137 1039 204 1084 246
227 1051 325 1086 sqq.‚
343 1039 407 1074 ubi
429 1039 642 1085 Proserpina
666 1038 735 1073 hoc
759 1051 823 1073 ar·—

137 1099 349 1139 gumentum
362 1092 457 1126 texit.
477 1092 511 1126 Is
523 1094 756 1126 elementorum
767 1103 824 1125 se-

136 1148 218 1180 n‘em
242 1144 339 1180 hunc
362 1144 518 1190 primum
536 1145 680 1180 Naturae
705 1150 824 1178 actum

137 1202 249 1230 vocat.
257 1214 303 1221 —
311 1197 417 1240 Ignea
426 1197 498 1236 vis,
513 1193 743 1240 periphrasis
734 1193 823 1239 ignis

138 1247 256 1293 ipsius.
285 1249 365 1288 Vis,
385 1252 439 1289 βίη
454 1273 464 1290 ,
489 1245 580 1291 apud
597 1252 717 1292 poetas
732 1257 823 1291 saepe

138 1299 285 1335 inservit
299 1298 504 1345 periphrasi.
517 1299 613 1342 Ignis
629 1310 734 1344 porro
750 1300 831 1332 caelt

139 1358 194 1387 est
209 1350 339 1392 ather,
359 1350 421 1396 qui
434 1357 570 1386 constat
583 1349 686 1396 ignea
697 1357 824 1385 natura

142 1403 258 1450 (Virg.
285 1403 360 1438 Ecl.
376 1414 438 1447 VI,
462 1403 504 1437 33
522 1428 533 1447 ‚
559 1405 707 1448 liquidus
728 1405 827 1447 ignis.

142 1455 336 1492 Tibul.d.l.
349 1481 362 1500 ,
375 1458 494 1499 igneus
506 1455 629 1498 albet)
638 1482 647 1496 ,
666 1467 744 1500 quae
760 1467 827 1490 ea-

142 1509 227 1546 dem
237 1516 290 1546 est
298 1509 483 1544 levissima.
495 1527 540 1535 —
552 1509 750 1548 Conoexum,
763 1521 828 1554 pro

141 1573 340 1597 concavum
359 1575 370 1603 ς
413 1571 528 1606 ηυειπ
547 1572 651 1594 usum
684 1558 759 1594 Cic.
789 1560 828 1594 in

142 1613 283 1649 Arateis
293 1639 304 1657 ‚
319 1625 408 1648 vers.
418 1613 500 1657 314,
514 1612 649 1658 primus
659 1611 828 1647 invexisse

142 1665 284 1702 videtur
293 1666 414 1714 Heyn.
422 1664 568 1711 adVirg.
579 1664 663 1699 AEn.
674 1664 813 1708 1V,451
821 1690 829 1698 .

186 1733 241 1767 27.
266 1720 432 1758 Emicuit,
453 1724 600 1764 repente
617 1724 654 1752 et
669 1717 830 1752 celeriter

147 1771 308 1818 prosiluit
330 1797 341 1816 ,
378 1770 474 1817 quod
502 1769 652 1805 verbum
678 1769 830 1804 maxime

144 1823 312 1860 convenit
330 1823 462 1858 levitati
481 1822 629 1858 aetheris.
642 1841 687 1848 —
696 1823 831 1857 Summa

143 1889 220 1918 arx,
231 1876 396 1912 altissima
405 1875 532 1910 mundi
541 1876 829 1920 ora.·-2S'ibile517,

146 1935 317 1974 tanquam
341 1941 403 1963 sua
423 1934 549 1974 sponte
570 1928 710 1972 fecerit,
735 1927 831 1973 quod

145 1980 223 2027 lege
232 1987 371 2016 naturae
381 1979 498 2015 fiebat.
513 1979 630 2014 Etiam
641 1993 693 2025 ap.
707 1978 832 2014 Claud.

147 2032 182 2067 d.
196 2033 218 2068 l.
227 2032 392 2068 nonnulli
403 2034 632 2077 legitflamma
638 2035 764 2076 polum.
776 2030 834 2066 Cf.

148 2085 237 2130 XII,
253 2085 310 2129 43,
325 2084 387 2120 ubi
397 2084 523 2119 eadem
534 2085 639 2119 verba
655 2084 698 2119 de
714 2084 834 2119 Fama.

148 2138 311 2182 —Legih
326 2137 485 2172 Florent.
496 2143 531 2172 et
547 2144 617 2171 tres
635 2136 691 2172 alii
703 2162 713 2180 ,
722 2137 833 2181 fecit,

149 2202 224 2225 non
261 2189 483 2235 improbante
509 2190 730 2224 Burmanuo.
763 2189 836 2224 Sed

150 2256 184 2278 v.
201 2249 275 2278 not.

194 2308 250 2342 ²9·
273 2295 452 2330 Elemenla
475 2296 640 2339 grandia,
671 2293 838 2330 crassiora

150 2358 343 2393 corporum
367 2346 519 2383 stamina
553 2347 691 2382 attraxit
709 2373 719 2392 ‚
759 2359 837 2392 quae

150 2399 311 2446 pondere
323 2412 388 2435 suo
399 2399 566 2434 deorsum
576 2400 778 2446 vergebant.
794 2418 839 2428 —

151 2455 280 2489 Pressa
292 2460 345 2489 ent
357 2480 367 2498 ,
394 2461 434 2489 ut
448 2454 653 2489 subsideret.
670 2455 762 2490 Fast.
779 2456 814 2489 V
826 2483 836 2501 ,

157 2506 198 2541 13
216 2518 225 2541 :
243 2507 395 2540 Pondere
418 2510 507 2541 {erra
531 2519 593 2541 suo
617 2509 772 2542 subsedit
806 2513 843 2543 et

153 2571 287 2604 equom
302 2561 430 2601 Iraxt't‚·
449 2559 546 2604 quod
561 2567 720 2594 sumtum
739 2574 758 2595 e
775 2561 841 2596 Ti-

154 2609 228 2644 bul.
238 2607 272 2643 d.
282 2608 324 2644 l.:
341 2611 463 2653 Qualis
475 2613 512 2645 ia
527 2614 688 2647 humenso
701 2613 842 2647 desede-

153 2666 201 2696 rit
211 2674 288 2696 aere
303 2664 412 2696 tellus.

201 2713 257 2748 30.
273 2714 343 2748 Sui.
354 2712 504 2749 Cantab.
518 2721 553 2749 et
564 2714 687 2762 viginti
700 2716 757 2751 alii
768 2729 841 2751 sua.

159 2765 298 2812 Nempe
315 2765 455 2811 genitiv.
479 2779 580 2812 pron.
607 2768 773 2812 primitivi
790 2781 843 2814 pr.

283 2832 391 2878 III.

890 933 1055 979 ponitur,
1073 933 1133 969 ubi
1148 934 1175 969 is
1191 947 1287 970 casus
1306 948 1325 969 a
1338 937 1485 972 nomine
1503 938 1573 973 ad-

890 986 1001 1020 sectus
1033 993 1091 1020 aut
1120 986 1290 1023 facultatis
1320 988 1452 1034 pendet
1465 1016 1475 1034 ‚
1511 990 1575 1025 sed

890 1036 1018 1072 deinde
1036 1044 1072 1072 et
1092 1038 1166 1073 sine
1186 1039 1245 1073 tali
1266 1041 1424 1076 nomine.
1449 1042 1573 1087 Itaque

890 1101 980 1135 saepe
998 1089 1035 1123 in
1053 1102 1096 1124 eo
1111 1091 1248 1126 variant
1259 1092 1348 1126 libri.
1360 1111 1403 1119 ·—
1416 1095 1574 1129 Circum—-

879 1143 990 1185 fluas,
1017 1140 1221 1192 (περῷρυτος)
1246 1145 1378 1185 humor,
1398 1144 1574 1181 Oceanus.

933 1192 986 1225 31.
1016 1194 1147 1227 Ultima
1164 1197 1339 1238 possedit,
1364 1197 1575 1242 profundis-

890 1243 978 1278 sima
994 1246 1192 1291 occupavit,
1209 1247 1288 1291 quia
1301 1254 1404 1284 terrae
1416 1250 1578 1285 eminent

889 1308 995 1342 super
1030 1296 1166 1332 Oceani
1197 1299 1431 1344 superficiem.
1464 1302 1578 1337 Aliter

894 1348 1014 1383 Sever.
1029 1349 1127 1383 AEtn.
1148 1351 1223 1394 103,
1234 1364 1308 1385 sors
1319 1354 1404 1387 dala
1413 1356 1496 1387 caelo
1505 1356 1579 1388 Pu·-

892 1413 950 1434 ma
960 1426 969 1444 ,
987 1406 1103 1436 secuta
1115 1406 1236 1443 mans,
1254 1405 1583 1452 deseddque1'171fima

893 1454 1002 1486 lellus.
1025 1452 1175 1488 Lenzius
1191 1468 1275 1489 vero
1292 1469 1355 1501 per
1378 1460 1498 1492 ultima
1514 1459 1580 1494 int.

893 1505 1092 1550 marginem
1108 1506 1201 1541 orbis
1216 1514 1392 1544 terrarum
1402 1510 1514 1555 plani,
1524 1519 1580 1547 at-

894 1560 1180 1602 quece'rcumstuus
1189 1567 1288 1604 putat
1305 1574 1377 1596 esse
1395 1563 1580 1600 Homeric.

895 1609 1052 1658 ἀψέῤῥρος,
1065 1614 1099 1645 ia
1109 1624 1147 1644 se
1154 1615 1263 1655 {osum
1273 1616 1418 1658 rediens‚·
1428 1615 1488 1650 sed
1500 1617 1580 1652 vide

895 1661 939 1696 ad
952 1675 1039 1697 vers.
1060 1677 1109 1697 12.
1127 1682 1170 1690 ·-
1183 1666 1332 1701 Solidum
1344 1671 1452 1702 orbem
1463 1695 1471 1710 ,
1499 1676 1581 1703 ter·—

895 1727 971 1749 ram
979 1716 1238 1761 continentem,
1251 1732 1328 1764 quae
1338 1721 1482 1755 solidior
1491 1722 1581 1757 mul-

897 1775 933 1802 to
949 1769 1055 1814 aquis.
1072 1787 1118 1796 —
1140 1772 1310 1812 Coercut't,
1333 1774 1556 1820 amplectitur
1567 1802 1579 1820 ,

897 1821 1016 1855 ambit.
1037 1821 1133 1856 lnsra
1151 1823 1241 1867 XV,
1271 1827 1331 1859 251
1351 1838 1359 1860 z
1384 1828 1500 1865 Tellus
1515 1841 1583 1862 co·-

895 1877 986 1919 gilur
1005 1878 1107 1909 unda.
1135 1875 1315 1912 Caeterum
1342 1878 1410 1914 huc
1433 1882 1584 1926 respexit

898 1926 1056 1962 Lactant.
1069 1928 1153 1962 Inst.
1166 1928 1234 1962 div.
1248 1929 1298 1974 11,
1315 1932 1364 1972 lx,
1379 1946 1397 1965 2
1412 1932 1583 1968 :Terram

897 1982 1010 2014 voluit
1021 1982 1158 2015 humore
1169 1985 1356 2027 circumflui
1365 1989 1400 2018 el
1411 1990 1583 2021 contineri.

943 2033 1067 2067 32-88.
1083 2034 1141 2067 Sic
1148 2037 1413 2079 abisti-posnam
1424 2045 1489 2073 etc.
1507 2039 1582 2074 Re-

900 2084 976 2130 gius
999 2098 1091 2120 unus
1117 2087 1343 2131 compositum.
1370 2108 1415 2116 -
1432 2091 1514 2125 Jam
1538 2092 1582 2127 de

901 2138 1127 2174 exornatione
1145 2147 1180 2174 et
1199 2142 1453 2187 compositione
1476 2146 1584 2181 totius

901 2190 1027 2225 mundi
1039 2192 1192 2237 exponit.
1206 2193 1353 2228 Initium
1369 2196 1449 2231 sacit
1460 2210 1479 2231 a
1490 2205 1584 2233 terra

901 2249 937 2276 et
951 2255 1040 2287 aqua
1050 2256 1138 2278 vers.
1154 2244 1264 2289 34—51
1283 2256 1291 2278 2
1307 2248 1534 2294 progreditur
1546 2251 1584 2285 in

902 2307 1020 2329 aerem
1036 2308 1124 2330 vers.
1148 2297 1280 2332 52-66:
1296 2306 1374 2333 tum
1390 2300 1433 2335 de
1451 2302 1581 2338 aethere

902 2359 990 2382 vers.
1015 2348 1142 2394 67-71
1167 2362 1174 2383 :
1199 2357 1379 2394 postremo
1395 2352 1438 2386 de
1463 2353 1585 2388 incolis

902 2400 1078 2434 variarum
1088 2401 1214 2436 mundi
1227 2404 1377 2448 partium
1389 2431 1398 2447 ‚
1418 2406 1453 2439 in
1465 2407 1586 2451 primis
1634 2426 1637 2430 »

905 2451 948 2487 de
965 2452 1110 2487 homine
1125 2467 1212 2489 vers.
1231 2456 1352 2499 72-88.
1364 2459 1517 2493 -Sic....
1532 2472 1588 2494 re-

904 2507 1004 2549 degit.
1026 2504 1129 2540 Ordo
1150 2513 1184 2540 et
1200 2519 1321 2541 sensus
1346 2508 1474 2543 horum
1499 2524 1589 2546 ver-

905 2557 1034 2591 borum
1054 2557 1158 2592 debet
1176 2557 1270 2592 haud
1296 2559 1400 2595 dubie
1417 2575 1489 2598 esse
1506 2563 1586 2599 hic:

907 2623 1017 2656 quum
1029 2611 1127 2646 Deus
1140 2616 1323 2656 congeriem
1335 2614 1443 2661 illam,
1458 2618 1587 2653 rudem

907 2663 1160 2709 etindigestam
1174 2666 1305 2701 molem
1318 2694 1327 2711 ,
1345 2673 1523 2710 secuisset,
1540 2671 1589 2705 di-

907 2716 1039 2751 visisset
1050 2742 1059 2760 ,
1079 2723 1182 2762 atque
1198 2718 1236 2752 in
1253 2724 1415 2764 membra,
1442 2722 1588 2759 distinc-

908 2775 959 2804 tas
966 2775 1235 2816 partes,aquam‚
1245 2779 1389 2819 terram,
1400 2775 1590 2822 redegisset

1378 2842 1408 2896 4
