<?xml version="1.0" encoding="UTF-8"?>
<!DOCTYPE html PUBLIC "-//W3C//DTD XHTML 1.0 Transitional//EN"
    "http://www.w3.org/TR/xhtml1/DTD/xhtml1-transitional.dtd">
<html xmlns="http://www.w3.org/1999/xhtml" xml:lang="en" lang="en">
 <head>
  <title>
</title>
<meta http-equiv="Content-Type" content="text/html;charset=utf-8" />
  <meta name='ocr-system' content='tesseract 3.04.00' />
  <meta name='ocr-capabilities' content='ocr_page ocr_carea ocr_par ocr_line ocrx_word'/>
</head>
<body>
  <div class='ocr_page' id='page_1' title='image "./quaeextantomniao03oviduoft_0137.png"; bbox 0 0 1832 3100; ppageno 0'>
   <div class='ocr_carea' id='block_1_1' title="bbox 349 199 1315 308">
    <p class='ocr_par' dir='ltr' id='par_1_1' title="bbox 349 199 1315 308">
     <span class='ocr_line' id='line_1_1' title="bbox 349 199 1315 308; baseline -0.002 -30"><span class='ocrx_word' id='word_1_1' title='bbox 349 199 1059 308; x_wconf 63' lang='lat' dir='ltr'>mnTAMORPHOSnON</span> <span class='ocrx_word' id='word_1_2' title='bbox 1102 231 1235 276; x_wconf 86' lang='lat' dir='ltr'>LIB.</span> <span class='ocrx_word' id='word_1_3' title='bbox 1276 232 1315 276; x_wconf 93' lang='lat'>1.</span> 
     </span>
    </p>
   </div>
   <div class='ocr_carea' id='block_1_2' title="bbox 1476 230 1557 274">
    <p class='ocr_par' dir='ltr' id='par_1_2' title="bbox 1476 230 1557 274">
     <span class='ocr_line' id='line_1_2' title="bbox 1476 230 1557 274; baseline -0.012 0"><span class='ocrx_word' id='word_1_4' title='bbox 1476 230 1557 274; x_wconf 88' lang='lat'>105</span> 
     </span>
    </p>
   </div>
   <div class='ocr_carea' id='block_1_3' title="bbox 121 324 1266 546">
    <p class='ocr_par' dir='ltr' id='par_1_3' title="bbox 121 324 1266 546">
     <span class='ocr_line' id='line_1_3' title="bbox 121 324 1262 395; baseline -0.003 -18"><span class='ocrx_word' id='word_1_5' title='bbox 121 329 275 395; x_wconf 90' lang='lat' dir='ltr'>thue</span> <span class='ocrx_word' id='word_1_6' title='bbox 296 325 414 376; x_wconf 84' lang='lat' dir='ltr'>leves</span> <span class='ocrx_word' id='word_1_7' title='bbox 438 324 614 394; x_wconf 82' lang='lat' dir='ltr'>stipulae</span> <span class='ocrx_word' id='word_1_8' title='bbox 639 325 801 375; x_wconf 86' lang='lat' dir='ltr'>demtis</span> <span class='ocrx_word' id='word_1_9' title='bbox 824 325 1062 376; x_wconf 85' lang='lat' dir='ltr'><strong>adolentur</strong></span> <span class='ocrx_word' id='word_1_10' title='bbox 1085 325 1262 384; x_wconf 86' lang='lat' dir='ltr'>aristis;</span> 
     </span>
     <span class='ocr_line' id='line_1_4' title="bbox 125 402 1186 470; baseline -0.004 -16"><span class='ocrx_word' id='word_1_11' title='bbox 125 408 191 454; x_wconf 92' lang='lat' dir='ltr'>Ut</span> <span class='ocrx_word' id='word_1_12' title='bbox 211 404 386 454; x_wconf 76' lang='lat' dir='ltr'>facibus</span> <span class='ocrx_word' id='word_1_13' title='bbox 409 420 537 470; x_wconf 80' lang='lat' dir='ltr'>sepes</span> <span class='ocrx_word' id='word_1_14' title='bbox 562 402 742 462; x_wconf 83' lang='lat' dir='ltr'><strong>ardent,</strong></span> <span class='ocrx_word' id='word_1_15' title='bbox 770 422 880 470; x_wconf 86' lang='lat' dir='ltr'>quas</span> <span class='ocrx_word' id='word_1_16' title='bbox 902 402 1018 451; x_wconf 80' lang='lat' dir='ltr'>forte</span> <span class='ocrx_word' id='word_1_17' title='bbox 1041 402 1186 451; x_wconf 88' lang='lat' dir='ltr'>viator</span> 
     </span>
     <span class='ocr_line' id='line_1_5' title="bbox 124 479 1266 546; baseline -0.002 -17"><span class='ocrx_word' id='word_1_18' title='bbox 124 481 211 531; x_wconf 84' lang='lat' dir='ltr'>Vel</span> <span class='ocrx_word' id='word_1_19' title='bbox 232 481 367 531; x_wconf 85' lang='lat' dir='ltr'>nimis</span> <span class='ocrx_word' id='word_1_20' title='bbox 391 479 608 539; x_wconf 86' lang='lat' dir='ltr'>admovit,</span> <span class='ocrx_word' id='word_1_21' title='bbox 631 479 700 530; x_wconf 89' lang='lat' dir='ltr'>vel</span> <span class='ocrx_word' id='word_1_22' title='bbox 719 480 809 546; x_wconf 88' lang='lat' dir='ltr'>jam</span> <span class='ocrx_word' id='word_1_23' title='bbox 832 480 917 530; x_wconf 90' lang='lat' dir='ltr'>sub</span> <span class='ocrx_word' id='word_1_24' title='bbox 939 479 1038 529; x_wconf 88' lang='lat' dir='ltr'>luce</span> <span class='ocrx_word' id='word_1_25' title='bbox 1060 479 1266 546; x_wconf 88' lang='lat' dir='ltr'>reliquit:</span> 
     </span>
    </p>
   </div>
   <div class='ocr_carea' id='block_1_4' title="bbox 128 557 1202 626">
    <p class='ocr_par' dir='ltr' id='par_1_4' title="bbox 128 557 1202 626">
     <span class='ocr_line' id='line_1_6' title="bbox 128 557 1202 626; baseline -0.004 -17"><span class='ocrx_word' id='word_1_26' title='bbox 128 560 202 609; x_wconf 88' lang='lat' dir='ltr'>Sic</span> <span class='ocrx_word' id='word_1_27' title='bbox 221 560 345 615; x_wconf 86' lang='lat' dir='ltr'>Deus</span> <span class='ocrx_word' id='word_1_28' title='bbox 366 558 414 607; x_wconf 89' lang='lat' dir='ltr'>in</span> <span class='ocrx_word' id='word_1_29' title='bbox 435 557 630 607; x_wconf 90' lang='lat' dir='ltr'>flammas</span> <span class='ocrx_word' id='word_1_30' title='bbox 655 558 790 626; x_wconf 72' lang='lat' dir='ltr'>abiit·‚</span> <span class='ocrx_word' id='word_1_31' title='bbox 814 558 877 607; x_wconf 89' lang='lat' dir='ltr'>sic</span> <span class='ocrx_word' id='word_1_32' title='bbox 900 570 1078 626; x_wconf 84' lang='lat' dir='ltr'>pectore</span> <span class='ocrx_word' id='word_1_33' title='bbox 1103 569 1202 605; x_wconf 86' lang='lat' dir='ltr'>toto</span> 
     </span>
    </p>
   </div>
   <div class='ocr_carea' id='block_1_5' title="bbox 1496 570 1563 617">
    <p class='ocr_par' dir='ltr' id='par_1_5' title="bbox 1496 570 1563 617">
     <span class='ocr_line' id='line_1_7' title="bbox 1496 570 1563 617; baseline 0.03 -2"><span class='ocrx_word' id='word_1_34' title='bbox 1496 570 1563 617; x_wconf 77' lang='grc'>495</span> 
     </span>
    </p>
   </div>
   <div class='ocr_carea' id='block_1_6' title="bbox 128 636 1496 950">
    <p class='ocr_par' dir='ltr' id='par_1_6' title="bbox 128 636 1239 704">
     <span class='ocr_line' id='line_1_8' title="bbox 128 636 1239 704; baseline -0.004 -16"><span class='ocrx_word' id='word_1_35' title='bbox 128 639 311 697; x_wconf 87' lang='lat' dir='ltr'>Uritur,</span> <span class='ocrx_word' id='word_1_36' title='bbox 338 650 383 687; x_wconf 92' lang='lat' dir='ltr'>et</span> <span class='ocrx_word' id='word_1_37' title='bbox 405 636 600 699; x_wconf 87' lang='lat' dir='ltr'>sterilem</span> <span class='ocrx_word' id='word_1_38' title='bbox 622 636 842 704; x_wconf 85' lang='lat' dir='ltr'>sperando</span> <span class='ocrx_word' id='word_1_39' title='bbox 866 637 1009 686; x_wconf 90' lang='lat' dir='ltr'>nutrit</span> <span class='ocrx_word' id='word_1_40' title='bbox 1031 655 1239 686; x_wconf 87' lang='lat' dir='ltr'>amorem.</span> 
     </span>
    </p>

    <p class='ocr_par' dir='ltr' id='par_1_7' title="bbox 130 717 1156 789">
     <span class='ocr_line' id='line_1_9' title="bbox 130 717 1156 789; baseline -0.006 -18"><span class='ocrx_word' id='word_1_41' title='bbox 130 722 314 789; x_wconf 80' lang='lat' dir='ltr'><strong>Spectat</strong></span> <span class='ocrx_word' id='word_1_42' title='bbox 334 720 568 769; x_wconf 80' lang='lat' dir='ltr'>inornatos</span> <span class='ocrx_word' id='word_1_43' title='bbox 593 718 710 768; x_wconf 90' lang='lat' dir='ltr'>collo</span> <span class='ocrx_word' id='word_1_44' title='bbox 732 718 925 787; x_wconf 89' lang='lat' dir='ltr'>pendere</span> <span class='ocrx_word' id='word_1_45' title='bbox 944 717 1156 786; x_wconf 86' lang='lat' dir='ltr'>capillos:</span> 
     </span>
    </p>

    <p class='ocr_par' dir='ltr' id='par_1_8' title="bbox 129 798 1496 950">
     <span class='ocr_line' id='line_1_10' title="bbox 129 798 1496 867; baseline -0.004 -16"><span class='ocrx_word' id='word_1_46' title='bbox 129 805 214 862; x_wconf 85' lang='lat' dir='ltr'>Et,</span> <span class='ocrx_word' id='word_1_47' title='bbox 245 825 267 846; x_wconf 97' lang='lat'>«</span> <span class='ocrx_word' id='word_1_48' title='bbox 298 802 450 867; x_wconf 83' lang='lat' dir='ltr'>Quid,</span> <span class='ocrx_word' id='word_1_49' title='bbox 476 803 515 851; x_wconf 92' lang='lat' dir='ltr'>si</span> <span class='ocrx_word' id='word_1_50' title='bbox 538 803 799 851; x_wconf 81' lang='lat' dir='ltr'><strong>comantur?</strong></span> <span class='ocrx_word' id='word_1_51' title='bbox 827 824 850 846; x_wconf 84' lang='lat'>»</span> <span class='ocrx_word' id='word_1_52' title='bbox 873 802 936 851; x_wconf 86' lang='lat' dir='ltr'>ait</span> <span class='ocrx_word' id='word_1_53' title='bbox 959 821 969 851; x_wconf 93' lang='lat'><strong>:</strong></span> <span class='ocrx_word' id='word_1_54' title='bbox 994 800 1116 850; x_wconf 85' lang='lat' dir='ltr'>videt</span> <span class='ocrx_word' id='word_1_55' title='bbox 1137 800 1239 864; x_wconf 85' lang='lat' dir='ltr'><strong>igne</strong></span> <span class='ocrx_word' id='word_1_56' title='bbox 1256 798 1469 848; x_wconf 87' lang='lat' dir='ltr'>micantes</span> <span class='ocrx_word' id='word_1_57' title='bbox 1484 835 1496 857; x_wconf 87' lang='lat'><strong>‚</strong></span> 
     </span>
     <span class='ocr_line' id='line_1_11' title="bbox 133 882 1367 950; baseline -0.003 -16"><span class='ocrx_word' id='word_1_58' title='bbox 133 885 367 935; x_wconf 84' lang='lat' dir='ltr'>Sideribus</span> <span class='ocrx_word' id='word_1_59' title='bbox 387 883 575 944; x_wconf 84' lang='lat' dir='ltr'>similes,</span> <span class='ocrx_word' id='word_1_60' title='bbox 602 883 758 933; x_wconf 92' lang='lat' dir='ltr'>oculos</span> <span class='ocrx_word' id='word_1_61' title='bbox 780 904 790 933; x_wconf 89' lang='lat'>:</span> <span class='ocrx_word' id='word_1_62' title='bbox 811 884 932 934; x_wconf 84' lang='lat' dir='ltr'>videt</span> <span class='ocrx_word' id='word_1_63' title='bbox 954 882 1131 942; x_wconf 81' lang='lat' dir='ltr'>oscula3</span> <span class='ocrx_word' id='word_1_64' title='bbox 1154 901 1252 950; x_wconf 86' lang='lat' dir='ltr'>quae</span> <span class='ocrx_word' id='word_1_65' title='bbox 1274 901 1367 930; x_wconf 89' lang='lat' dir='ltr'>non</span> 
     </span>
    </p>
   </div>
   <div class='ocr_carea' id='block_1_7' title="bbox 137 967 1356 1040">
    <p class='ocr_par' dir='ltr' id='par_1_9' title="bbox 137 967 1356 1040">
     <span class='ocr_line' id='line_1_12' title="bbox 137 967 1356 1040; baseline -0.004 -22"><span class='ocrx_word' id='word_1_66' title='bbox 137 967 407 1040; x_wconf 49' lang='lat' dir='ltr'>Est-vidisse</span> <span class='ocrx_word' id='word_1_67' title='bbox 430 968 538 1018; x_wconf 90' lang='lat' dir='ltr'>satis</span> <span class='ocrx_word' id='word_1_68' title='bbox 561 987 572 1016; x_wconf 92' lang='lat'>:</span> <span class='ocrx_word' id='word_1_69' title='bbox 595 967 750 1017; x_wconf 88' lang='lat' dir='ltr'>laudat</span> <span class='ocrx_word' id='word_1_70' title='bbox 773 967 1030 1035; x_wconf 85' lang='lat' dir='ltr'>digitosque</span> <span class='ocrx_word' id='word_1_71' title='bbox 1046 1005 1058 1026; x_wconf 80' lang='lat'><strong>‚</strong></span> <span class='ocrx_word' id='word_1_72' title='bbox 1083 984 1356 1032; x_wconf 88' lang='lat' dir='ltr'>manusque,</span> 
     </span>
    </p>
   </div>
   <div class='ocr_carea' id='block_1_8' title="bbox 1508 975 1573 1012">
    <p class='ocr_par' dir='ltr' id='par_1_10' title="bbox 1508 975 1573 1012">
     <span class='ocr_line' id='line_1_13' title="bbox 1508 975 1573 1012; baseline 0 -1"><span class='ocrx_word' id='word_1_73' title='bbox 1508 975 1573 1012; x_wconf 76' lang='lat'>500</span> 
     </span>
    </p>
   </div>
   <div class='ocr_carea' id='block_1_9' title="bbox 131 1047 1342 1127">
    <p class='ocr_par' dir='ltr' id='par_1_11' title="bbox 131 1047 1342 1127">
     <span class='ocr_line' id='line_1_14' title="bbox 131 1047 1342 1127; baseline -0.005 -26"><span class='ocrx_word' id='word_1_74' title='bbox 131 1052 435 1119; x_wconf 88' lang='lat' dir='ltr'>Brachiaque‚</span> <span class='ocrx_word' id='word_1_75' title='bbox 461 1063 506 1127; x_wconf 76' lang='lat' dir='ltr'>et</span> <span class='ocrx_word' id='word_1_76' title='bbox 527 1050 677 1100; x_wconf 90' lang='lat' dir='ltr'>nudos</span> <span class='ocrx_word' id='word_1_77' title='bbox 697 1051 842 1100; x_wconf 88' lang='lat' dir='ltr'>media</span> <span class='ocrx_word' id='word_1_78' title='bbox 863 1050 967 1118; x_wconf 86' lang='lat' dir='ltr'>plus</span> <span class='ocrx_word' id='word_1_79' title='bbox 990 1061 1116 1118; x_wconf 87' lang='lat' dir='ltr'>parte</span> <span class='ocrx_word' id='word_1_80' title='bbox 1138 1047 1342 1098; x_wconf 89' lang='lat' dir='ltr'>lacertos.</span> 
     </span>
    </p>
   </div>
   <div class='ocr_carea' id='block_1_10' title="bbox 133 1191 841 2809">
    <p class='ocr_par' dir='ltr' id='par_1_12' title="bbox 135 1191 822 1292">
     <span class='ocr_line' id='line_1_15' title="bbox 135 1191 822 1238; baseline -0.003 -9"><span class='ocrx_word' id='word_1_81' title='bbox 135 1193 209 1230; x_wconf 91' lang='lat' dir='ltr'>Od.</span> <span class='ocrx_word' id='word_1_82' title='bbox 237 1204 295 1229; x_wconf 75' lang='lat' dir='ltr'>vn</span> <span class='ocrx_word' id='word_1_83' title='bbox 312 1218 324 1238; x_wconf 87' lang='lat'>,</span> <span class='ocrx_word' id='word_1_84' title='bbox 352 1194 406 1229; x_wconf 74' lang='lat'>28.</span> <span class='ocrx_word' id='word_1_85' title='bbox 429 1191 502 1228; x_wconf 87' lang='lat' dir='ltr'>Sed</span> <span class='ocrx_word' id='word_1_86' title='bbox 529 1205 630 1228; x_wconf 88' lang='lat' dir='ltr'>amor</span> <span class='ocrx_word' id='word_1_87' title='bbox 651 1199 822 1236; x_wconf 75' lang='lat' dir='ltr'>excaecat,</span> 
     </span>
     <span class='ocr_line' id='line_1_16' title="bbox 136 1245 766 1292; baseline -0.003 -10"><span class='ocrx_word' id='word_1_88' title='bbox 136 1255 178 1290; x_wconf 83' lang='lat' dir='ltr'>ut</span> <span class='ocrx_word' id='word_1_89' title='bbox 200 1247 387 1282; x_wconf 84' lang='lat' dir='ltr'>hominem</span> <span class='ocrx_word' id='word_1_90' title='bbox 400 1273 409 1288; x_wconf 91' lang='lat'>,</span> <span class='ocrx_word' id='word_1_91' title='bbox 434 1246 485 1281; x_wconf 87' lang='lat' dir='ltr'>ita</span> <span class='ocrx_word' id='word_1_92' title='bbox 499 1253 536 1281; x_wconf 91' lang='lat' dir='ltr'>et</span> <span class='ocrx_word' id='word_1_93' title='bbox 552 1245 766 1292; x_wconf 87' lang='lat' dir='ltr'>Apollinem.</span> 
     </span>
    </p>

    <p class='ocr_par' dir='ltr' id='par_1_13' title="bbox 133 1298 837 2288">
     <span class='ocr_line' id='line_1_17' title="bbox 183 1298 824 1347; baseline -0.003 -13"><span class='ocrx_word' id='word_1_94' title='bbox 183 1300 260 1347; x_wconf 73' lang='lat'>492.</span> <span class='ocrx_word' id='word_1_95' title='bbox 281 1300 586 1334; x_wconf 66' lang='lat' dir='ltr'>Demtts...atistis.</span> <span class='ocrx_word' id='word_1_96' title='bbox 610 1298 747 1333; x_wconf 87' lang='lat' dir='ltr'>Eadem</span> <span class='ocrx_word' id='word_1_97' title='bbox 769 1298 824 1334; x_wconf 88' lang='lat' dir='ltr'>si-</span> 
     </span>
     <span class='ocr_line' id='line_1_18' title="bbox 137 1351 825 1389; baseline -0.003 -1"><span class='ocrx_word' id='word_1_98' title='bbox 137 1351 338 1389; x_wconf 82' lang='lat' dir='ltr'>militudine</span> <span class='ocrx_word' id='word_1_99' title='bbox 353 1353 482 1388; x_wconf 81' lang='lat' dir='ltr'>amoris</span> <span class='ocrx_word' id='word_1_100' title='bbox 494 1352 720 1388; x_wconf 82' lang='lat' dir='ltr'>vehementia</span> <span class='ocrx_word' id='word_1_101' title='bbox 730 1352 825 1387; x_wconf 90' lang='lat' dir='ltr'>illus-</span> 
     </span>
     <span class='ocr_line' id='line_1_19' title="bbox 138 1405 827 1450; baseline 0 -10"><span class='ocrx_word' id='word_1_102' title='bbox 138 1412 254 1441; x_wconf 79' lang='lat' dir='ltr'>tratur</span> <span class='ocrx_word' id='word_1_103' title='bbox 267 1431 278 1449; x_wconf 91' lang='lat'>,</span> <span class='ocrx_word' id='word_1_104' title='bbox 302 1405 356 1440; x_wconf 85' lang='lat' dir='ltr'>VI</span> <span class='ocrx_word' id='word_1_105' title='bbox 367 1431 378 1449; x_wconf 90' lang='lat'>,</span> <span class='ocrx_word' id='word_1_106' title='bbox 407 1405 483 1450; x_wconf 77' lang='lat'>456.</span> <span class='ocrx_word' id='word_1_107' title='bbox 498 1405 628 1440; x_wconf 68' lang='lat' dir='ltr'>Ariste</span> <span class='ocrx_word' id='word_1_108' title='bbox 643 1405 728 1441; x_wconf 89' lang='lat' dir='ltr'>olim</span> <span class='ocrx_word' id='word_1_109' title='bbox 743 1419 827 1441; x_wconf 91' lang='lat' dir='ltr'>cum</span> 
     </span>
     <span class='ocr_line' id='line_1_20' title="bbox 138 1456 820 1505; baseline 0 -12"><span class='ocrx_word' id='word_1_110' title='bbox 138 1458 262 1505; x_wconf 86' lang='lat' dir='ltr'>exigua</span> <span class='ocrx_word' id='word_1_111' title='bbox 282 1465 424 1493; x_wconf 84' lang='lat' dir='ltr'>tantum</span> <span class='ocrx_word' id='word_1_112' title='bbox 448 1456 571 1493; x_wconf 77' lang='lat' dir='ltr'>calami</span> <span class='ocrx_word' id='word_1_113' title='bbox 593 1465 691 1503; x_wconf 86' lang='lat' dir='ltr'>parte</span> <span class='ocrx_word' id='word_1_114' title='bbox 713 1461 820 1499; x_wconf 83' lang='lat' dir='ltr'>demi,</span> 
     </span>
     <span class='ocr_line' id='line_1_21' title="bbox 138 1508 829 1554; baseline 0 -8"><span class='ocrx_word' id='word_1_115' title='bbox 138 1510 308 1554; x_wconf 81' lang='lat' dir='ltr'>resecari,</span> <span class='ocrx_word' id='word_1_116' title='bbox 323 1508 510 1545; x_wconf 81' lang='lat' dir='ltr'>detonderi</span> <span class='ocrx_word' id='word_1_117' title='bbox 522 1509 681 1545; x_wconf 83' lang='lat' dir='ltr'>solebant</span> <span class='ocrx_word' id='word_1_118' title='bbox 698 1523 717 1545; x_wconf 92' lang='lat' dir='ltr'>a</span> <span class='ocrx_word' id='word_1_119' title='bbox 733 1523 829 1546; x_wconf 69' lang='lat' dir='ltr'>mes-2·</span> 
     </span>
     <span class='ocr_line' id='line_1_22' title="bbox 135 1561 828 1606; baseline 0 -8"><span class='ocrx_word' id='word_1_120' title='bbox 135 1561 296 1605; x_wconf 52' lang='lat' dir='ltr'>son-ibn„</span> <span class='ocrx_word' id='word_1_121' title='bbox 321 1564 454 1606; x_wconf 59' lang='lat' dir='ltr'>stioulae</span> <span class='ocrx_word' id='word_1_122' title='bbox 475 1568 596 1597; x_wconf 87' lang='lat' dir='ltr'>autem</span> <span class='ocrx_word' id='word_1_123' title='bbox 616 1562 751 1598; x_wconf 86' lang='lat' dir='ltr'>adoleri</span> <span class='ocrx_word' id='word_1_124' title='bbox 768 1576 828 1599; x_wconf 91' lang='lat' dir='ltr'>so-</span> 
     </span>
     <span class='ocr_line' id='line_1_23' title="bbox 139 1614 829 1661; baseline -0.001 -11"><span class='ocrx_word' id='word_1_125' title='bbox 139 1614 260 1650; x_wconf 79' lang='lat' dir='ltr'>lebant</span> <span class='ocrx_word' id='word_1_126' title='bbox 291 1614 334 1650; x_wconf 80' lang='lat' dir='ltr'>ab</span> <span class='ocrx_word' id='word_1_127' title='bbox 369 1615 526 1661; x_wconf 78' lang='lat' dir='ltr'>agricolis</span> <span class='ocrx_word' id='word_1_128' title='bbox 544 1641 554 1659; x_wconf 92' lang='lat'>,</span> <span class='ocrx_word' id='word_1_129' title='bbox 581 1621 621 1649; x_wconf 91' lang='lat' dir='ltr'>ut</span> <span class='ocrx_word' id='word_1_130' title='bbox 648 1614 731 1650; x_wconf 86' lang='lat' dir='ltr'>vitia</span> <span class='ocrx_word' id='word_1_131' title='bbox 754 1615 829 1661; x_wconf 84' lang='lat' dir='ltr'>agri</span> 
     </span>
     <span class='ocr_line' id='line_1_24' title="bbox 139 1666 829 1714; baseline 0 -12"><span class='ocrx_word' id='word_1_132' title='bbox 139 1673 422 1712; x_wconf 82' lang='lat' dir='ltr'>excoquerentur</span> <span class='ocrx_word' id='word_1_133' title='bbox 433 1679 442 1702; x_wconf 77' lang='lat' dir='ltr'><strong><em>z</em></strong></span> <span class='ocrx_word' id='word_1_134' title='bbox 455 1667 555 1714; x_wconf 86' lang='lat' dir='ltr'>Virg.</span> <span class='ocrx_word' id='word_1_135' title='bbox 570 1666 700 1713; x_wconf 84' lang='lat' dir='ltr'>Georg.</span> <span class='ocrx_word' id='word_1_136' title='bbox 720 1667 737 1702; x_wconf 92' lang='lat'>1</span> <span class='ocrx_word' id='word_1_137' title='bbox 751 1693 761 1711; x_wconf 94' lang='lat'><strong>,</strong></span> <span class='ocrx_word' id='word_1_138' title='bbox 785 1668 829 1702; x_wconf 88' lang='lat'>85</span> 
     </span>
     <span class='ocr_line' id='line_1_25' title="bbox 133 1719 830 1766; baseline -0.001 -10"><span class='ocrx_word' id='word_1_139' title='bbox 133 1732 215 1766; x_wconf 63' lang='lat' dir='ltr'>sqq.</span> <span class='ocrx_word' id='word_1_140' title='bbox 232 1719 372 1754; x_wconf 83' lang='lat' dir='ltr'>Lucret.</span> <span class='ocrx_word' id='word_1_141' title='bbox 383 1720 434 1764; x_wconf 88' lang='lat' dir='ltr'>V,</span> <span class='ocrx_word' id='word_1_142' title='bbox 446 1720 548 1764; x_wconf 76' lang='lat'><strong>1246,</strong></span> <span class='ocrx_word' id='word_1_143' title='bbox 571 1734 598 1766; x_wconf 89' lang='lat'>7.</span> <span class='ocrx_word' id='word_1_144' title='bbox 609 1722 762 1755; x_wconf 75' lang='lat' dir='ltr'>—Levis</span> <span class='ocrx_word' id='word_1_145' title='bbox 777 1733 830 1756; x_wconf 82' lang='lat' dir='ltr'>so-</span> 
     </span>
     <span class='ocr_line' id='line_1_26' title="bbox 138 1771 831 1818; baseline 0.003 -11"><span class='ocrx_word' id='word_1_146' title='bbox 138 1772 259 1807; x_wconf 89' lang='lat' dir='ltr'>lemne</span> <span class='ocrx_word' id='word_1_147' title='bbox 267 1771 451 1818; x_wconf 79' lang='lat' dir='ltr'>epitheton</span> <span class='ocrx_word' id='word_1_148' title='bbox 459 1772 679 1818; x_wconf 87' lang='lat' dir='ltr'>stipularum.</span> <span class='ocrx_word' id='word_1_149' title='bbox 688 1774 831 1810; x_wconf 82' lang='lat' dir='ltr'>—Ado-</span> 
     </span>
     <span class='ocr_line' id='line_1_27' title="bbox 139 1826 829 1863; baseline 0 -1"><span class='ocrx_word' id='word_1_150' title='bbox 139 1829 208 1862; x_wconf 75' lang='lat' dir='ltr'>lere</span> <span class='ocrx_word' id='word_1_151' title='bbox 221 1838 296 1863; x_wconf 87' lang='lat' dir='ltr'>non</span> <span class='ocrx_word' id='word_1_152' title='bbox 308 1833 449 1862; x_wconf 88' lang='lat' dir='ltr'>tantum</span> <span class='ocrx_word' id='word_1_153' title='bbox 463 1826 500 1861; x_wconf 91' lang='lat' dir='ltr'>in</span> <span class='ocrx_word' id='word_1_154' title='bbox 515 1828 620 1863; x_wconf 83' lang='lat' dir='ltr'>sacris</span> <span class='ocrx_word' id='word_1_155' title='bbox 635 1827 754 1862; x_wconf 86' lang='lat' dir='ltr'>locum</span> <span class='ocrx_word' id='word_1_156' title='bbox 769 1827 829 1862; x_wconf 89' lang='lat' dir='ltr'>ha-</span> 
     </span>
     <span class='ocr_line' id='line_1_28' title="bbox 141 1876 827 1924; baseline 0 -11"><span class='ocrx_word' id='word_1_157' title='bbox 141 1876 204 1914; x_wconf 71' lang='lat' dir='ltr'>bet</span> <span class='ocrx_word' id='word_1_158' title='bbox 214 1903 226 1921; x_wconf 90' lang='lat'>,</span> <span class='ocrx_word' id='word_1_159' title='bbox 238 1885 279 1913; x_wconf 87' lang='lat' dir='ltr'>ut</span> <span class='ocrx_word' id='word_1_160' title='bbox 288 1877 523 1924; x_wconf 58' lang='lat' dir='ltr'>Heius-putat</span> <span class='ocrx_word' id='word_1_161' title='bbox 531 1905 540 1920; x_wconf 86' lang='lat'>,</span> <span class='ocrx_word' id='word_1_162' title='bbox 553 1878 615 1913; x_wconf 89' lang='lat' dir='ltr'>sed</span> <span class='ocrx_word' id='word_1_163' title='bbox 626 1878 807 1914; x_wconf 89' lang='lat' dir='ltr'>interdum</span> <span class='ocrx_word' id='word_1_164' title='bbox 818 1906 827 1921; x_wconf 88' lang='lat'>‚</span> 
     </span>
     <span class='ocr_line' id='line_1_29' title="bbox 143 1931 831 1978; baseline 0.001 -12"><span class='ocrx_word' id='word_1_165' title='bbox 143 1940 349 1977; x_wconf 84' lang='lat' dir='ltr'>quanquam</span> <span class='ocrx_word' id='word_1_166' title='bbox 372 1931 477 1978; x_wconf 80' lang='lat' dir='ltr'>paulo</span> <span class='ocrx_word' id='word_1_167' title='bbox 503 1932 617 1967; x_wconf 83' lang='lat' dir='ltr'>rarius</span> <span class='ocrx_word' id='word_1_168' title='bbox 638 1959 648 1977; x_wconf 88' lang='lat'>,</span> <span class='ocrx_word' id='word_1_169' title='bbox 681 1932 831 1968; x_wconf 88' lang='lat' dir='ltr'>omnino</span> 
     </span>
     <span class='ocr_line' id='line_1_30' title="bbox 144 1983 831 2032; baseline 0 -14"><span class='ocrx_word' id='word_1_170' title='bbox 144 1989 199 2019; x_wconf 82' lang='lat' dir='ltr'>est</span> <span class='ocrx_word' id='word_1_171' title='bbox 220 1995 379 2018; x_wconf 81' lang='lat' dir='ltr'>cremare</span> <span class='ocrx_word' id='word_1_172' title='bbox 395 1997 404 2019; x_wconf 88' lang='lat'>:</span> <span class='ocrx_word' id='word_1_173' title='bbox 422 1983 502 2018; x_wconf 83' lang='lat' dir='ltr'>vide</span> <span class='ocrx_word' id='word_1_174' title='bbox 525 1984 646 2032; x_wconf 79' lang='lat' dir='ltr'>Heyn.</span> <span class='ocrx_word' id='word_1_175' title='bbox 670 1984 713 2019; x_wconf 90' lang='lat' dir='ltr'>ad</span> <span class='ocrx_word' id='word_1_176' title='bbox 731 1985 831 2030; x_wconf 85' lang='lat' dir='ltr'>Virg.</span> 
     </span>
     <span class='ocr_line' id='line_1_31' title="bbox 147 2035 833 2082; baseline 0.003 -12"><span class='ocrx_word' id='word_1_177' title='bbox 147 2035 232 2071; x_wconf 86' lang='lat' dir='ltr'>AEn.</span> <span class='ocrx_word' id='word_1_178' title='bbox 247 2045 286 2081; x_wconf 84' lang='lat'>1,</span> <span class='ocrx_word' id='word_1_179' title='bbox 307 2037 386 2082; x_wconf 58' lang='lat'>7⁰4⁸*</span> <span class='ocrx_word' id='word_1_180' title='bbox 405 2037 613 2079; x_wconf 78' lang='lat' dir='ltr'>Abolentur,</span> <span class='ocrx_word' id='word_1_181' title='bbox 638 2038 734 2082; x_wconf 89' lang='lat' dir='ltr'>quod</span> <span class='ocrx_word' id='word_1_182' title='bbox 751 2051 833 2073; x_wconf 89' lang='lat' dir='ltr'>cum</span> 
     </span>
     <span class='ocr_line' id='line_1_32' title="bbox 146 2086 835 2134; baseline 0.003 -12"><span class='ocrx_word' id='word_1_183' title='bbox 146 2086 276 2122; x_wconf 81' lang='lat' dir='ltr'>eodem</span> <span class='ocrx_word' id='word_1_184' title='bbox 287 2087 438 2124; x_wconf 78' lang='lat' dir='ltr'>Heinsio</span> <span class='ocrx_word' id='word_1_185' title='bbox 447 2089 601 2134; x_wconf 65' lang='lat' dir='ltr'>prefert.</span> <span class='ocrx_word' id='word_1_186' title='bbox 610 2089 734 2124; x_wconf 89' lang='lat' dir='ltr'>Burm.</span> <span class='ocrx_word' id='word_1_187' title='bbox 747 2115 758 2133; x_wconf 87' lang='lat'><strong><em>,</em></strong></span> <span class='ocrx_word' id='word_1_188' title='bbox 778 2089 835 2124; x_wconf 88' lang='lat' dir='ltr'>hic</span> 
     </span>
     <span class='ocr_line' id='line_1_33' title="bbox 147 2138 837 2186; baseline 0.004 -13"><span class='ocrx_word' id='word_1_189' title='bbox 147 2139 248 2174; x_wconf 83' lang='lat' dir='ltr'>nullo</span> <span class='ocrx_word' id='word_1_190' title='bbox 263 2138 374 2174; x_wconf 87' lang='lat' dir='ltr'>modo</span> <span class='ocrx_word' id='word_1_191' title='bbox 387 2140 472 2174; x_wconf 83' lang='lat' dir='ltr'>sen-i</span> <span class='ocrx_word' id='word_1_192' title='bbox 490 2147 605 2186; x_wconf 85' lang='lat' dir='ltr'>potest</span> <span class='ocrx_word' id='word_1_193' title='bbox 617 2167 626 2185; x_wconf 86' lang='lat'>,</span> <span class='ocrx_word' id='word_1_194' title='bbox 646 2142 727 2186; x_wconf 86' lang='lat' dir='ltr'>quia</span> <span class='ocrx_word' id='word_1_195' title='bbox 743 2141 837 2176; x_wconf 87' lang='lat' dir='ltr'>simi·</span> 
     </span>
     <span class='ocr_line' id='line_1_34' title="bbox 148 2191 836 2240; baseline 0.004 -14"><span class='ocrx_word' id='word_1_196' title='bbox 148 2191 306 2226; x_wconf 81' lang='lat' dir='ltr'>litudinis</span> <span class='ocrx_word' id='word_1_197' title='bbox 328 2191 435 2237; x_wconf 72' lang='lat' dir='ltr'>hujus</span> <span class='ocrx_word' id='word_1_198' title='bbox 451 2193 541 2229; x_wconf 87' lang='lat' dir='ltr'>ratio</span> <span class='ocrx_word' id='word_1_199' title='bbox 563 2200 682 2238; x_wconf 87' lang='lat' dir='ltr'>aperte</span> <span class='ocrx_word' id='word_1_200' title='bbox 702 2193 836 2240; x_wconf 80' lang='lat' dir='ltr'>flagitat</span> 
     </span>
     <span class='ocr_line' id='line_1_35' title="bbox 148 2245 703 2288; baseline 0.002 -9"><span class='ocrx_word' id='word_1_201' title='bbox 148 2245 298 2279; x_wconf 79' lang='lat' dir='ltr'>verbum</span> <span class='ocrx_word' id='word_1_202' title='bbox 309 2269 320 2288; x_wconf 91' lang='lat'>,</span> <span class='ocrx_word' id='word_1_203' title='bbox 339 2245 396 2280; x_wconf 86' lang='lat' dir='ltr'>cui</span> <span class='ocrx_word' id='word_1_204' title='bbox 411 2245 463 2280; x_wconf 76' lang='lat' dir='ltr'>vis</span> <span class='ocrx_word' id='word_1_205' title='bbox 479 2248 601 2281; x_wconf 80' lang='lat' dir='ltr'>urendi</span> <span class='ocrx_word' id='word_1_206' title='bbox 610 2246 703 2281; x_wconf 85' lang='lat' dir='ltr'>insit.</span> 
     </span>
    </p>

    <p class='ocr_par' dir='ltr' id='par_1_14' title="bbox 150 2296 841 2809">
     <span class='ocr_line' id='line_1_36' title="bbox 193 2296 833 2345; baseline 0.006 -15"><span class='ocrx_word' id='word_1_207' title='bbox 193 2296 270 2345; x_wconf 77' lang='grc'><strong>493.</strong></span> <span class='ocrx_word' id='word_1_208' title='bbox 294 2299 406 2332; x_wconf 76' lang='lat' dir='ltr'>Forte.</span> <span class='ocrx_word' id='word_1_209' title='bbox 429 2297 554 2333; x_wconf 86' lang='lat' dir='ltr'>Heins.</span> <span class='ocrx_word' id='word_1_210' title='bbox 577 2298 702 2334; x_wconf 85' lang='lat' dir='ltr'>suadet</span> <span class='ocrx_word' id='word_1_211' title='bbox 717 2303 833 2341; x_wconf 78' lang='lat' dir='ltr'>nocie,</span> 
     </span>
     <span class='ocr_line' id='line_1_37' title="bbox 150 2351 838 2398; baseline 0.001 -12"><span class='ocrx_word' id='word_1_212' title='bbox 150 2357 191 2386; x_wconf 87' lang='lat' dir='ltr'>ut</span> <span class='ocrx_word' id='word_1_213' title='bbox 201 2358 246 2398; x_wconf 75' lang='grc' dir='ltr'>τῷ</span> <span class='ocrx_word' id='word_1_214' title='bbox 256 2353 320 2386; x_wconf 82' lang='lat' dir='ltr'>sub</span> <span class='ocrx_word' id='word_1_215' title='bbox 329 2353 405 2386; x_wconf 84' lang='lat' dir='ltr'>luce</span> <span class='ocrx_word' id='word_1_216' title='bbox 415 2351 640 2397; x_wconf 85' lang='lat' dir='ltr'>respondeat.</span> <span class='ocrx_word' id='word_1_217' title='bbox 654 2352 838 2398; x_wconf 85' lang='lat' dir='ltr'>Approbat</span> 
     </span>
     <span class='ocr_line' id='line_1_38' title="bbox 150 2403 838 2450; baseline 0.001 -11"><span class='ocrx_word' id='word_1_218' title='bbox 150 2403 276 2439; x_wconf 88' lang='lat' dir='ltr'>Burm.</span> <span class='ocrx_word' id='word_1_219' title='bbox 285 2422 330 2431; x_wconf 89' lang='lat'>-</span> <span class='ocrx_word' id='word_1_220' title='bbox 338 2404 458 2440; x_wconf 76' lang='lat' dir='ltr'>Nostri</span> <span class='ocrx_word' id='word_1_221' title='bbox 474 2404 588 2441; x_wconf 84' lang='lat' dir='ltr'>codd.</span> <span class='ocrx_word' id='word_1_222' title='bbox 597 2406 782 2450; x_wconf 65' lang='lat' dir='ltr'>RRJmte.</span> <span class='ocrx_word' id='word_1_223' title='bbox 793 2425 838 2433; x_wconf 94' lang='lat'>--</span> 
     </span>
     <span class='ocr_line' id='line_1_39' title="bbox 151 2455 837 2503; baseline 0.003 -13"><span class='ocrx_word' id='word_1_224' title='bbox 151 2458 259 2491; x_wconf 79' lang='lat' dir='ltr'>Forte.</span> <span class='ocrx_word' id='word_1_225' title='bbox 275 2456 426 2491; x_wconf 77' lang='lat' dir='ltr'>Veteres</span> <span class='ocrx_word' id='word_1_226' title='bbox 441 2455 510 2491; x_wconf 85' lang='lat' dir='ltr'>iter</span> <span class='ocrx_word' id='word_1_227' title='bbox 524 2469 769 2503; x_wconf 82' lang='lat' dir='ltr'>saepenumero</span> <span class='ocrx_word' id='word_1_228' title='bbox 784 2458 837 2492; x_wconf 86' lang='lat' dir='ltr'>sa-</span> 
     </span>
     <span class='ocr_line' id='line_1_40' title="bbox 150 2508 837 2555; baseline 0.001 -11"><span class='ocrx_word' id='word_1_229' title='bbox 150 2508 292 2544; x_wconf 80' lang='lat' dir='ltr'>ciebant</span> <span class='ocrx_word' id='word_1_230' title='bbox 304 2514 414 2543; x_wconf 84' lang='lat' dir='ltr'>noctu</span> <span class='ocrx_word' id='word_1_231' title='bbox 427 2522 437 2551; x_wconf 83' lang='lat'>;</span> <span class='ocrx_word' id='word_1_232' title='bbox 456 2521 502 2543; x_wconf 91' lang='lat' dir='ltr'>ne</span> <span class='ocrx_word' id='word_1_233' title='bbox 517 2508 625 2555; x_wconf 85' lang='lat' dir='ltr'>igitur</span> <span class='ocrx_word' id='word_1_234' title='bbox 639 2522 658 2544; x_wconf 89' lang='lat' dir='ltr'>a</span> <span class='ocrx_word' id='word_1_235' title='bbox 670 2510 725 2545; x_wconf 84' lang='lat' dir='ltr'>via</span> <span class='ocrx_word' id='word_1_236' title='bbox 741 2510 837 2545; x_wconf 83' lang='lat' dir='ltr'>aber·</span> 
     </span>
     <span class='ocr_line' id='line_1_41' title="bbox 152 2560 838 2607; baseline 0.001 -11"><span class='ocrx_word' id='word_1_237' title='bbox 152 2567 296 2605; x_wconf 77' lang='lat' dir='ltr'>tarent,</span> <span class='ocrx_word' id='word_1_238' title='bbox 320 2560 512 2595; x_wconf 87' lang='lat' dir='ltr'>utebantur</span> <span class='ocrx_word' id='word_1_239' title='bbox 529 2561 660 2597; x_wconf 79' lang='lat' dir='ltr'>facibus</span> <span class='ocrx_word' id='word_1_240' title='bbox 676 2562 838 2607; x_wconf 86' lang='lat' dir='ltr'>peculia-</span> 
     </span>
     <span class='ocr_line' id='line_1_42' title="bbox 151 2613 839 2666; baseline 0.004 -18"><span class='ocrx_word' id='word_1_241' title='bbox 151 2614 249 2650; x_wconf 83' lang='lat' dir='ltr'>ribus</span> <span class='ocrx_word' id='word_1_242' title='bbox 267 2627 286 2648; x_wconf 90' lang='lat' dir='ltr'>e</span> <span class='ocrx_word' id='word_1_243' title='bbox 302 2613 400 2660; x_wconf 84' lang='lat' dir='ltr'>ligno</span> <span class='ocrx_word' id='word_1_244' title='bbox 415 2627 553 2660; x_wconf 84' lang='lat' dir='ltr'>querno</span> <span class='ocrx_word' id='word_1_245' title='bbox 564 2640 574 2659; x_wconf 88' lang='lat'><strong><em>‚</em></strong></span> <span class='ocrx_word' id='word_1_246' title='bbox 591 2617 702 2666; x_wconf 70' lang='grc' dir='ltr'><strong><em>γάςρια</em></strong></span> <span class='ocrx_word' id='word_1_247' title='bbox 715 2615 839 2652; x_wconf 83' lang='lat' dir='ltr'>Graece</span> 
     </span>
     <span class='ocr_line' id='line_1_43' title="bbox 154 2665 840 2713; baseline 0.001 -12"><span class='ocrx_word' id='word_1_248' title='bbox 154 2665 273 2709; x_wconf 79' lang='lat' dir='ltr'>dictis,</span> <span class='ocrx_word' id='word_1_249' title='bbox 292 2679 378 2711; x_wconf 85' lang='lat' dir='ltr'>quas</span> <span class='ocrx_word' id='word_1_250' title='bbox 393 2666 543 2701; x_wconf 81' lang='lat' dir='ltr'>viatores</span> <span class='ocrx_word' id='word_1_251' title='bbox 553 2666 610 2701; x_wconf 82' lang='lat' dir='ltr'>vel</span> <span class='ocrx_word' id='word_1_252' title='bbox 622 2667 840 2713; x_wconf 79' lang='lat' dir='ltr'>negligentes</span> 
     </span>
     <span class='ocr_line' id='line_1_44' title="bbox 155 2719 841 2767; baseline 0.003 -13"><span class='ocrx_word' id='word_1_253' title='bbox 155 2719 266 2764; x_wconf 86' lang='lat' dir='ltr'>(quod</span> <span class='ocrx_word' id='word_1_254' title='bbox 283 2719 415 2755; x_wconf 88' lang='lat' dir='ltr'>indicat</span> <span class='ocrx_word' id='word_1_255' title='bbox 430 2720 465 2755; x_wconf 87' lang='lat' dir='ltr'>h.</span> <span class='ocrx_word' id='word_1_256' title='bbox 482 2719 504 2754; x_wconf 85' lang='lat' dir='ltr'>l.</span> <span class='ocrx_word' id='word_1_257' title='bbox 523 2719 673 2766; x_wconf 65' lang='lat' dir='ltr'>¹ra&#39;forte)</span> <span class='ocrx_word' id='word_1_258' title='bbox 687 2747 698 2763; x_wconf 90' lang='lat'>‚</span> <span class='ocrx_word' id='word_1_259' title='bbox 714 2721 770 2756; x_wconf 84' lang='lat' dir='ltr'>vel</span> <span class='ocrx_word' id='word_1_260' title='bbox 785 2734 841 2767; x_wconf 87' lang='lat' dir='ltr'>pe-</span> 
     </span>
     <span class='ocr_line' id='line_1_45' title="bbox 156 2770 841 2809; baseline 0.004 -3"><span class='ocrx_word' id='word_1_261' title='bbox 156 2770 308 2809; x_wconf 80' lang='lat' dir='ltr'>tulantes</span> <span class='ocrx_word' id='word_1_262' title='bbox 327 2770 509 2808; x_wconf 80' lang='lat' dir='ltr'>interdum</span> <span class='ocrx_word' id='word_1_263' title='bbox 527 2770 762 2809; x_wconf 85' lang='lat' dir='ltr'>admovebant</span> <span class='ocrx_word' id='word_1_264' title='bbox 778 2785 841 2809; x_wconf 88' lang='lat' dir='ltr'>se·-</span> 
     </span>
    </p>
   </div>
   <div class='ocr_carea' id='block_1_11' title="bbox 890 1187 1575 1239">
    <p class='ocr_par' dir='ltr' id='par_1_15' title="bbox 890 1187 1575 1239">
     <span class='ocr_line' id='line_1_46' title="bbox 890 1187 1575 1239; baseline -0.009 -11"><span class='ocrx_word' id='word_1_265' title='bbox 890 1193 990 1239; x_wconf 88' lang='lat' dir='ltr'>pibus</span> <span class='ocrx_word' id='word_1_266' title='bbox 1003 1219 1013 1237; x_wconf 87' lang='lat'><em>‚</em></span> <span class='ocrx_word' id='word_1_267' title='bbox 1031 1199 1091 1227; x_wconf 82' lang='lat' dir='ltr'>aut</span> <span class='ocrx_word' id='word_1_268' title='bbox 1106 1191 1213 1227; x_wconf 88' lang='lat' dir='ltr'>etiam</span> <span class='ocrx_word' id='word_1_269' title='bbox 1232 1189 1396 1225; x_wconf 87' lang='lat' dir='ltr'>ardentes</span> <span class='ocrx_word' id='word_1_270' title='bbox 1410 1187 1475 1224; x_wconf 81' lang='lat' dir='ltr'>sub</span> <span class='ocrx_word' id='word_1_271' title='bbox 1496 1187 1575 1223; x_wconf 80' lang='lat' dir='ltr'>lure</span> 
     </span>
    </p>
   </div>
   <div class='ocr_carea' id='block_1_12' title="bbox 890 1239 1578 1340">
    <p class='ocr_par' dir='ltr' id='par_1_16' title="bbox 890 1239 1578 1340">
     <span class='ocr_line' id='line_1_47' title="bbox 890 1239 1574 1289; baseline -0.009 -10"><span class='ocrx_word' id='word_1_272' title='bbox 890 1245 1100 1289; x_wconf 87' lang='lat' dir='ltr'>abjiciebant</span> <span class='ocrx_word' id='word_1_273' title='bbox 1117 1271 1126 1287; x_wconf 90' lang='lat'>,</span> <span class='ocrx_word' id='word_1_274' title='bbox 1159 1242 1256 1278; x_wconf 90' lang='lat' dir='ltr'>unde</span> <span class='ocrx_word' id='word_1_275' title='bbox 1280 1254 1370 1288; x_wconf 77' lang='lat' dir='ltr'>saepe</span> <span class='ocrx_word' id='word_1_276' title='bbox 1396 1239 1574 1276; x_wconf 80' lang='lat' dir='ltr'>incendia.</span> 
     </span>
     <span class='ocr_line' id='line_1_48' title="bbox 893 1291 1578 1340; baseline -0.01 -8"><span class='ocrx_word' id='word_1_277' title='bbox 893 1295 950 1332; x_wconf 89' lang='lat' dir='ltr'>Cf.</span> <span class='ocrx_word' id='word_1_278' title='bbox 965 1297 1056 1331; x_wconf 87' lang='lat' dir='ltr'>Fast.</span> <span class='ocrx_word' id='word_1_279' title='bbox 1075 1295 1148 1338; x_wconf 89' lang='lat' dir='ltr'>IV,</span> <span class='ocrx_word' id='word_1_280' title='bbox 1171 1295 1253 1340; x_wconf 82' lang='lat'>167;</span> <span class='ocrx_word' id='word_1_281' title='bbox 1272 1301 1309 1329; x_wconf 90' lang='lat' dir='ltr'>et</span> <span class='ocrx_word' id='word_1_282' title='bbox 1326 1293 1406 1328; x_wconf 87' lang='lat' dir='ltr'>vide</span> <span class='ocrx_word' id='word_1_283' title='bbox 1428 1291 1578 1327; x_wconf 85' lang='lat' dir='ltr'>Casaub.</span> 
     </span>
    </p>
   </div>
   <div class='ocr_carea' id='block_1_13' title="bbox 892 1345 1599 2821">
    <p class='ocr_par' dir='ltr' id='par_1_17' title="bbox 892 1345 1278 1382">
     <span class='ocr_line' id='line_1_49' title="bbox 892 1345 1278 1382; baseline -0.005 -1"><span class='ocrx_word' id='word_1_284' title='bbox 892 1347 935 1381; x_wconf 87' lang='lat' dir='ltr'>ad</span> <span class='ocrx_word' id='word_1_285' title='bbox 951 1347 1098 1382; x_wconf 87' lang='lat' dir='ltr'>Sueton.</span> <span class='ocrx_word' id='word_1_286' title='bbox 1118 1345 1208 1381; x_wconf 84' lang='lat' dir='ltr'>Caes.</span> <span class='ocrx_word' id='word_1_287' title='bbox 1224 1346 1278 1380; x_wconf 84' lang='lat'>31.</span> 
     </span>
    </p>

    <p class='ocr_par' dir='ltr' id='par_1_18' title="bbox 892 1398 1582 1714">
     <span class='ocr_line' id='line_1_50' title="bbox 935 1398 1581 1448; baseline -0.008 -12"><span class='ocrx_word' id='word_1_288' title='bbox 935 1401 1011 1448; x_wconf 83' lang='grc'><strong>496.</strong></span> <span class='ocrx_word' id='word_1_289' title='bbox 1027 1402 1244 1435; x_wconf 81' lang='lat' dir='ltr'>Sterilem......</span> <span class='ocrx_word' id='word_1_290' title='bbox 1270 1412 1427 1434; x_wconf 87' lang='lat' dir='ltr'>amorem.</span> <span class='ocrx_word' id='word_1_291' title='bbox 1448 1398 1581 1432; x_wconf 70' lang='lat' dir='ltr'>Stet-ilas</span> 
     </span>
     <span class='ocr_line' id='line_1_51' title="bbox 892 1450 1580 1501; baseline -0.006 -12"><span class='ocrx_word' id='word_1_292' title='bbox 892 1467 990 1489; x_wconf 83' lang='lat' dir='ltr'>amor</span> <span class='ocrx_word' id='word_1_293' title='bbox 998 1454 1178 1501; x_wconf 82' lang='lat' dir='ltr'>eleganter</span> <span class='ocrx_word' id='word_1_294' title='bbox 1189 1480 1198 1498; x_wconf 95' lang='lat'>,</span> <span class='ocrx_word' id='word_1_295' title='bbox 1215 1453 1272 1489; x_wconf 87' lang='lat' dir='ltr'>cui</span> <span class='ocrx_word' id='word_1_296' title='bbox 1289 1466 1363 1488; x_wconf 92' lang='lat' dir='ltr'>non</span> <span class='ocrx_word' id='word_1_297' title='bbox 1377 1450 1580 1498; x_wconf 81' lang='lat' dir='ltr'>responde-</span> 
     </span>
     <span class='ocr_line' id='line_1_52' title="bbox 892 1504 1582 1555; baseline -0.007 -11"><span class='ocrx_word' id='word_1_298' title='bbox 892 1516 972 1551; x_wconf 85' lang='lat' dir='ltr'>tur,</span> <span class='ocrx_word' id='word_1_299' title='bbox 1001 1509 1062 1555; x_wconf 92' lang='lat' dir='ltr'>qui</span> <span class='ocrx_word' id='word_1_300' title='bbox 1079 1521 1154 1543; x_wconf 89' lang='lat' dir='ltr'>non</span> <span class='ocrx_word' id='word_1_301' title='bbox 1178 1508 1288 1555; x_wconf 81' lang='lat' dir='ltr'>gignit</span> <span class='ocrx_word' id='word_1_302' title='bbox 1306 1507 1424 1542; x_wconf 87' lang='lat' dir='ltr'>alium.</span> <span class='ocrx_word' id='word_1_303' title='bbox 1446 1505 1523 1551; x_wconf 85' lang='lat' dir='ltr'>Qui</span> <span class='ocrx_word' id='word_1_304' title='bbox 1542 1504 1582 1539; x_wconf 89' lang='lat' dir='ltr'>in</span> 
     </span>
     <span class='ocr_line' id='line_1_53' title="bbox 893 1560 1582 1606; baseline -0.007 -8"><span class='ocrx_word' id='word_1_305' title='bbox 893 1576 1015 1599; x_wconf 89' lang='lat' dir='ltr'>amore</span> <span class='ocrx_word' id='word_1_306' title='bbox 1033 1570 1106 1598; x_wconf 86' lang='lat' dir='ltr'>tam</span> <span class='ocrx_word' id='word_1_307' title='bbox 1122 1562 1243 1598; x_wconf 85' lang='lat' dir='ltr'>infelix</span> <span class='ocrx_word' id='word_1_308' title='bbox 1256 1569 1308 1597; x_wconf 88' lang='lat' dir='ltr'>est</span> <span class='ocrx_word' id='word_1_309' title='bbox 1323 1588 1332 1606; x_wconf 96' lang='lat'>‚</span> <span class='ocrx_word' id='word_1_310' title='bbox 1351 1560 1485 1596; x_wconf 85' lang='lat' dir='ltr'>Graecis</span> <span class='ocrx_word' id='word_1_311' title='bbox 1504 1560 1582 1594; x_wconf 74' lang='grc' dir='ltr'>ἄνα-</span> 
     </span>
     <span class='ocr_line' id='line_1_54' title="bbox 894 1614 1582 1663; baseline -0.009 -10"><span class='ocrx_word' id='word_1_312' title='bbox 894 1620 1031 1663; x_wconf 60' lang='grc' dir='ltr'>φρόῶιτσς</span> <span class='ocrx_word' id='word_1_313' title='bbox 1039 1643 1049 1660; x_wconf 83' lang='grc'><em>,</em></span> <span class='ocrx_word' id='word_1_314' title='bbox 1067 1616 1201 1652; x_wconf 85' lang='lat' dir='ltr'>Latinis</span> <span class='ocrx_word' id='word_1_315' title='bbox 1213 1619 1408 1651; x_wconf 74' lang='lat' dir='ltr'>imnustus</span> <span class='ocrx_word' id='word_1_316' title='bbox 1418 1614 1582 1659; x_wconf 89' lang='lat' dir='ltr'>(Terent.</span> 
     </span>
     <span class='ocr_line' id='line_1_55' title="bbox 895 1667 1367 1714; baseline -0.004 -10"><span class='ocrx_word' id='word_1_317' title='bbox 895 1669 1010 1704; x_wconf 87' lang='lat' dir='ltr'>Andr.</span> <span class='ocrx_word' id='word_1_318' title='bbox 1029 1670 1067 1714; x_wconf 90' lang='lat' dir='ltr'>I,</span> <span class='ocrx_word' id='word_1_319' title='bbox 1090 1681 1132 1713; x_wconf 89' lang='lat' dir='ltr'>v,</span> <span class='ocrx_word' id='word_1_320' title='bbox 1154 1667 1212 1714; x_wconf 83' lang='grc' dir='ltr'>ιο)</span> <span class='ocrx_word' id='word_1_321' title='bbox 1228 1668 1367 1703; x_wconf 82' lang='lat' dir='ltr'>dicitur.</span> 
     </span>
    </p>

    <p class='ocr_par' dir='ltr' id='par_1_19' title="bbox 894 1719 1589 2187">
     <span class='ocr_line' id='line_1_56' title="bbox 937 1719 1581 1772; baseline -0.008 -14"><span class='ocrx_word' id='word_1_322' title='bbox 937 1726 1014 1772; x_wconf 79' lang='grc'><strong>498.</strong></span> <span class='ocrx_word' id='word_1_323' title='bbox 1035 1725 1154 1768; x_wconf 82' lang='lat' dir='ltr'>Quid?</span> <span class='ocrx_word' id='word_1_324' title='bbox 1169 1726 1394 1763; x_wconf 76' lang='lat' dir='ltr'>sicomantur,</span> <span class='ocrx_word' id='word_1_325' title='bbox 1406 1719 1559 1757; x_wconf 86' lang='lat' dir='ltr'>suaviter</span> <span class='ocrx_word' id='word_1_326' title='bbox 1573 1720 1581 1752; x_wconf 84' lang='lat'>!</span> 
     </span>
     <span class='ocr_line' id='line_1_57' title="bbox 894 1772 1585 1820; baseline -0.007 -9"><span class='ocrx_word' id='word_1_327' title='bbox 894 1794 938 1802; x_wconf 90' lang='lat'>·—</span> <span class='ocrx_word' id='word_1_328' title='bbox 966 1778 1068 1811; x_wconf 78' lang='lat' dir='ltr'>Videt</span> <span class='ocrx_word' id='word_1_329' title='bbox 1088 1779 1166 1820; x_wconf 77' lang='lat' dir='ltr'>igne</span> <span class='ocrx_word' id='word_1_330' title='bbox 1185 1778 1359 1809; x_wconf 83' lang='lat' dir='ltr'>micanles.</span> <span class='ocrx_word' id='word_1_331' title='bbox 1383 1772 1489 1809; x_wconf 85' lang='lat' dir='ltr'>Oculi</span> <span class='ocrx_word' id='word_1_332' title='bbox 1507 1775 1585 1816; x_wconf 75' lang='lat' dir='ltr'>igne</span> 
     </span>
     <span class='ocr_line' id='line_1_58' title="bbox 895 1824 1586 1874; baseline -0.009 -10"><span class='ocrx_word' id='word_1_333' title='bbox 895 1832 1061 1864; x_wconf 59' lang='lat' dir='ltr'>mlh-ames</span> <span class='ocrx_word' id='word_1_334' title='bbox 1076 1828 1114 1863; x_wconf 89' lang='lat' dir='ltr'>in</span> <span class='ocrx_word' id='word_1_335' title='bbox 1131 1828 1306 1874; x_wconf 83' lang='lat' dir='ltr'>praecipua</span> <span class='ocrx_word' id='word_1_336' title='bbox 1320 1833 1418 1873; x_wconf 87' lang='lat' dir='ltr'>parte</span> <span class='ocrx_word' id='word_1_337' title='bbox 1436 1824 1586 1871; x_wconf 89' lang='lat' dir='ltr'>pulchri-</span> 
     </span>
     <span class='ocr_line' id='line_1_59' title="bbox 897 1876 1584 1923; baseline -0.006 -8"><span class='ocrx_word' id='word_1_338' title='bbox 897 1880 1040 1916; x_wconf 81' lang='lat' dir='ltr'>tudinis.</span> <span class='ocrx_word' id='word_1_339' title='bbox 1052 1879 1181 1915; x_wconf 85' lang='lat' dir='ltr'>Anacr.</span> <span class='ocrx_word' id='word_1_340' title='bbox 1195 1878 1268 1914; x_wconf 87' lang='lat' dir='ltr'>Od.</span> <span class='ocrx_word' id='word_1_341' title='bbox 1281 1889 1401 1914; x_wconf 78' lang='lat' dir='ltr'>XXVIII</span> <span class='ocrx_word' id='word_1_342' title='bbox 1414 1904 1425 1923; x_wconf 88' lang='lat'>,</span> <span class='ocrx_word' id='word_1_343' title='bbox 1443 1879 1482 1913; x_wconf 82' lang='lat'>18</span> <span class='ocrx_word' id='word_1_344' title='bbox 1495 1892 1505 1921; x_wconf 75' lang='lat'>3</span> <span class='ocrx_word' id='word_1_345' title='bbox 1522 1876 1584 1911; x_wconf 82' lang='lat' dir='ltr'>ubi</span> 
     </span>
     <span class='ocr_line' id='line_1_60' title="bbox 898 1930 1587 1983; baseline -0.003 -15"><span class='ocrx_word' id='word_1_346' title='bbox 898 1934 989 1968; x_wconf 87' lang='lat' dir='ltr'>oculi</span> <span class='ocrx_word' id='word_1_347' title='bbox 1006 1935 1124 1975; x_wconf 75' lang='grc' dir='ltr'>ἀληθῶς</span> <span class='ocrx_word' id='word_1_348' title='bbox 1141 1935 1199 1968; x_wconf 66' lang='grc' dir='ltr'>ἀπὸ</span> <span class='ocrx_word' id='word_1_349' title='bbox 1214 1935 1313 1983; x_wconf 77' lang='grc' dir='ltr'>πυρός.</span> <span class='ocrx_word' id='word_1_350' title='bbox 1330 1932 1378 1967; x_wconf 88' lang='lat' dir='ltr'>Et</span> <span class='ocrx_word' id='word_1_351' title='bbox 1395 1932 1479 1967; x_wconf 89' lang='lat' dir='ltr'>tales</span> <span class='ocrx_word' id='word_1_352' title='bbox 1493 1930 1587 1967; x_wconf 85' lang='lat' dir='ltr'>oculi</span> 
     </span>
     <span class='ocr_line' id='line_1_61' title="bbox 898 1983 1588 2031; baseline -0.004 -11"><span class='ocrx_word' id='word_1_353' title='bbox 898 1998 980 2020; x_wconf 89' lang='lat' dir='ltr'>cum</span> <span class='ocrx_word' id='word_1_354' title='bbox 987 1987 1155 2020; x_wconf 79' lang='lat' dir='ltr'>sideribus</span> <span class='ocrx_word' id='word_1_355' title='bbox 1164 1984 1360 2031; x_wconf 85' lang='lat' dir='ltr'>comparari</span> <span class='ocrx_word' id='word_1_356' title='bbox 1366 1983 1493 2027; x_wconf 84' lang='lat' dir='ltr'>solent,</span> <span class='ocrx_word' id='word_1_357' title='bbox 1505 1983 1588 2018; x_wconf 85' lang='lat' dir='ltr'>Am.</span> 
     </span>
     <span class='ocr_line' id='line_1_62' title="bbox 901 2035 1586 2085; baseline -0.003 -13"><span class='ocrx_word' id='word_1_358' title='bbox 901 2038 972 2083; x_wconf 90' lang='lat'>111,</span> <span class='ocrx_word' id='word_1_359' title='bbox 988 2049 1048 2081; x_wconf 91' lang='lat'>111,</span> <span class='ocrx_word' id='word_1_360' title='bbox 1067 2039 1241 2085; x_wconf 69' lang='lat' dir='ltr'>9.—-Ignc</span> <span class='ocrx_word' id='word_1_361' title='bbox 1249 2040 1422 2072; x_wconf 72' lang='lat' dir='ltr'>micantes.</span> <span class='ocrx_word' id='word_1_362' title='bbox 1437 2035 1586 2080; x_wconf 87' lang='lat' dir='ltr'>Schrep-</span> 
     </span>
     <span class='ocr_line' id='line_1_63' title="bbox 899 2088 1589 2137; baseline -0.003 -12"><span class='ocrx_word' id='word_1_363' title='bbox 899 2103 972 2137; x_wconf 86' lang='lat' dir='ltr'>per.</span> <span class='ocrx_word' id='word_1_364' title='bbox 992 2090 1057 2136; x_wconf 81' lang='lat' dir='ltr'>leg.</span> <span class='ocrx_word' id='word_1_365' title='bbox 1070 2093 1147 2135; x_wconf 72' lang='lat' dir='ltr'>igne</span> <span class='ocrx_word' id='word_1_366' title='bbox 1162 2094 1296 2125; x_wconf 82' lang='lat' dir='ltr'>micare.</span> <span class='ocrx_word' id='word_1_367' title='bbox 1310 2088 1480 2125; x_wconf 82' lang='lat' dir='ltr'>Francius</span> <span class='ocrx_word' id='word_1_368' title='bbox 1495 2115 1506 2133; x_wconf 90' lang='lat'>,</span> <span class='ocrx_word' id='word_1_369' title='bbox 1531 2090 1589 2124; x_wconf 74' lang='lat' dir='ltr'>Vi-</span> 
     </span>
     <span class='ocr_line' id='line_1_64' title="bbox 899 2146 1208 2187; baseline 0.003 -10"><span class='ocrx_word' id='word_1_370' title='bbox 899 2146 958 2178; x_wconf 81' lang='lat' dir='ltr'>det</span> <span class='ocrx_word' id='word_1_371' title='bbox 967 2146 1043 2187; x_wconf 69' lang='lat' dir='ltr'>igne</span> <span class='ocrx_word' id='word_1_372' title='bbox 1053 2146 1208 2178; x_wconf 75' lang='lat' dir='ltr'>micante.</span> 
     </span>
    </p>

    <p class='ocr_par' dir='ltr' id='par_1_20' title="bbox 900 2193 1591 2556">
     <span class='ocr_line' id='line_1_65' title="bbox 944 2193 1590 2243; baseline -0.005 -12"><span class='ocrx_word' id='word_1_373' title='bbox 944 2197 1018 2243; x_wconf 81' lang='grc'><strong>499.</strong></span> <span class='ocrx_word' id='word_1_374' title='bbox 1021 2196 1192 2230; x_wconf 86' lang='lat' dir='ltr'>Sideribus</span> <span class='ocrx_word' id='word_1_375' title='bbox 1198 2196 1327 2230; x_wconf 79' lang='lat' dir='ltr'>similes</span> <span class='ocrx_word' id='word_1_376' title='bbox 1333 2196 1460 2230; x_wconf 88' lang='lat' dir='ltr'>oculos.</span> <span class='ocrx_word' id='word_1_377' title='bbox 1468 2193 1590 2229; x_wconf 87' lang='lat' dir='ltr'>Hein—</span> 
     </span>
     <span class='ocr_line' id='line_1_66' title="bbox 900 2247 1590 2294; baseline -0.003 -11"><span class='ocrx_word' id='word_1_378' title='bbox 900 2248 970 2284; x_wconf 80' lang='lat' dir='ltr'>sius</span> <span class='ocrx_word' id='word_1_379' title='bbox 984 2249 1076 2294; x_wconf 87' lang='lat' dir='ltr'>conj.</span> <span class='ocrx_word' id='word_1_380' title='bbox 1092 2251 1258 2283; x_wconf 82' lang='lat' dir='ltr'>sideribus</span> <span class='ocrx_word' id='word_1_381' title='bbox 1275 2251 1477 2293; x_wconf 83' lang='lat' dir='ltr'>similesque.</span> <span class='ocrx_word' id='word_1_382' title='bbox 1493 2247 1590 2282; x_wconf 86' lang='lat' dir='ltr'>Bur-</span> 
     </span>
     <span class='ocr_line' id='line_1_67' title="bbox 901 2299 1588 2347; baseline -0.003 -11"><span class='ocrx_word' id='word_1_383' title='bbox 901 2313 1035 2336; x_wconf 88' lang='lat' dir='ltr'>manno</span> <span class='ocrx_word' id='word_1_384' title='bbox 1056 2301 1189 2347; x_wconf 87' lang='lat' dir='ltr'>placet,</span> <span class='ocrx_word' id='word_1_385' title='bbox 1217 2299 1312 2346; x_wconf 88' lang='lat' dir='ltr'>quod</span> <span class='ocrx_word' id='word_1_386' title='bbox 1337 2300 1376 2334; x_wconf 89' lang='lat' dir='ltr'>in</span> <span class='ocrx_word' id='word_1_387' title='bbox 1399 2312 1473 2335; x_wconf 94' lang='lat' dir='ltr'>uno</span> <span class='ocrx_word' id='word_1_388' title='bbox 1498 2299 1588 2334; x_wconf 88' lang='lat' dir='ltr'>Lei—</span> 
     </span>
     <span class='ocr_line' id='line_1_68' title="bbox 902 2353 1591 2399; baseline -0.004 -11"><span class='ocrx_word' id='word_1_389' title='bbox 902 2353 999 2389; x_wconf 88' lang='lat' dir='ltr'>dens.</span> <span class='ocrx_word' id='word_1_390' title='bbox 1011 2360 1075 2396; x_wconf 87' lang='lat' dir='ltr'>est,</span> <span class='ocrx_word' id='word_1_391' title='bbox 1086 2355 1315 2399; x_wconf 83' lang='lat' dir='ltr'>sideribusque</span> <span class='ocrx_word' id='word_1_392' title='bbox 1323 2355 1440 2388; x_wconf 86' lang='lat' dir='ltr'>oculos</span> <span class='ocrx_word' id='word_1_393' title='bbox 1452 2354 1591 2387; x_wconf 86' lang='lat' dir='ltr'>similes.</span> 
     </span>
     <span class='ocr_line' id='line_1_69' title="bbox 904 2398 1591 2452; baseline -0.006 -9"><span class='ocrx_word' id='word_1_394' title='bbox 904 2398 1023 2443; x_wconf 63' lang='lat' dir='ltr'>No‘stri</span> <span class='ocrx_word' id='word_1_395' title='bbox 1055 2406 1170 2442; x_wconf 78' lang='lat' dir='ltr'>codd.</span> <span class='ocrx_word' id='word_1_396' title='bbox 1206 2407 1286 2442; x_wconf 85' lang='lat' dir='ltr'>RR.</span> <span class='ocrx_word' id='word_1_397' title='bbox 1318 2406 1492 2452; x_wconf 74' lang='lat' dir='ltr'>vulgatam</span> <span class='ocrx_word' id='word_1_398' title='bbox 1517 2404 1591 2439; x_wconf 77' lang='lat' dir='ltr'>ha-</span> 
     </span>
     <span class='ocr_line' id='line_1_70' title="bbox 903 2457 1591 2506; baseline -0.001 -12"><span class='ocrx_word' id='word_1_399' title='bbox 903 2459 989 2494; x_wconf 89' lang='lat' dir='ltr'>bent</span> <span class='ocrx_word' id='word_1_400' title='bbox 1002 2474 1011 2502; x_wconf 89' lang='lat'><strong>;</strong></span> <span class='ocrx_word' id='word_1_401' title='bbox 1025 2466 1062 2493; x_wconf 84' lang='lat' dir='ltr'>et</span> <span class='ocrx_word' id='word_1_402' title='bbox 1077 2459 1219 2493; x_wconf 84' lang='lat' dir='ltr'>inutiles</span> <span class='ocrx_word' id='word_1_403' title='bbox 1232 2465 1316 2493; x_wconf 90' lang='lat' dir='ltr'>sunt</span> <span class='ocrx_word' id='word_1_404' title='bbox 1328 2457 1541 2506; x_wconf 83' lang='lat' dir='ltr'>Schrepperi</span> <span class='ocrx_word' id='word_1_405' title='bbox 1555 2464 1591 2493; x_wconf 86' lang='lat' dir='ltr'>et</span> 
     </span>
     <span class='ocr_line' id='line_1_71' title="bbox 903 2511 1285 2556; baseline -0.005 -9"><span class='ocrx_word' id='word_1_406' title='bbox 903 2511 1045 2547; x_wconf 88' lang='lat' dir='ltr'>Heinsii</span> <span class='ocrx_word' id='word_1_407' title='bbox 1059 2511 1285 2556; x_wconf 79' lang='lat' dir='ltr'>conjecturae.</span> 
     </span>
    </p>

    <p class='ocr_par' dir='ltr' id='par_1_21' title="bbox 906 2561 1599 2821">
     <span class='ocr_line' id='line_1_72' title="bbox 950 2561 1593 2609; baseline 0 -12"><span class='ocrx_word' id='word_1_408' title='bbox 950 2566 1026 2598; x_wconf 88' lang='lat'><strong>501.</strong></span> <span class='ocrx_word' id='word_1_409' title='bbox 1045 2564 1097 2597; x_wconf 84' lang='lat' dir='ltr'>Et</span> <span class='ocrx_word' id='word_1_410' title='bbox 1109 2565 1217 2597; x_wconf 78' lang='lat' dir='ltr'>nudos</span> <span class='ocrx_word' id='word_1_411' title='bbox 1232 2565 1387 2597; x_wconf 80' lang='lat' dir='ltr'>lacertos.</span> <span class='ocrx_word' id='word_1_412' title='bbox 1415 2561 1593 2609; x_wconf 77' lang='lat' dir='ltr'>Nymphae</span> 
     </span>
     <span class='ocr_line' id='line_1_73' title="bbox 906 2614 1592 2656; baseline 0 -7"><span class='ocrx_word' id='word_1_413' title='bbox 906 2615 1061 2649; x_wconf 88' lang='lat' dir='ltr'>Dianam</span> <span class='ocrx_word' id='word_1_414' title='bbox 1077 2614 1296 2656; x_wconf 43' lang='lat' dir='ltr'>comitantes,</span> <span class='ocrx_word' id='word_1_415' title='bbox 1307 2626 1435 2650; x_wconf 83' lang='lat' dir='ltr'>manus</span> <span class='ocrx_word' id='word_1_416' title='bbox 1452 2621 1487 2650; x_wconf 88' lang='lat' dir='ltr'>et</span> <span class='ocrx_word' id='word_1_417' title='bbox 1503 2615 1592 2649; x_wconf 87' lang='lat' dir='ltr'>bra-</span> 
     </span>
     <span class='ocr_line' id='line_1_74' title="bbox 906 2666 1594 2713; baseline -0.001 -11"><span class='ocrx_word' id='word_1_418' title='bbox 906 2667 984 2703; x_wconf 90' lang='lat' dir='ltr'>chia</span> <span class='ocrx_word' id='word_1_419' title='bbox 1001 2667 1045 2702; x_wconf 88' lang='lat' dir='ltr'>ad</span> <span class='ocrx_word' id='word_1_420' title='bbox 1061 2667 1229 2703; x_wconf 86' lang='lat' dir='ltr'>humeros</span> <span class='ocrx_word' id='word_1_421' title='bbox 1245 2680 1355 2713; x_wconf 89' lang='lat' dir='ltr'>usque</span> <span class='ocrx_word' id='word_1_422' title='bbox 1373 2668 1466 2702; x_wconf 85' lang='lat' dir='ltr'>nuda</span> <span class='ocrx_word' id='word_1_423' title='bbox 1482 2666 1594 2701; x_wconf 89' lang='lat' dir='ltr'>habe-</span> 
     </span>
     <span class='ocr_line' id='line_1_75' title="bbox 906 2718 1594 2766; baseline 0.001 -12"><span class='ocrx_word' id='word_1_424' title='bbox 906 2719 1020 2755; x_wconf 85' lang='lat' dir='ltr'>bant:</span> <span class='ocrx_word' id='word_1_425' title='bbox 1042 2719 1243 2755; x_wconf 82' lang='lat' dir='ltr'>Philostrat.</span> <span class='ocrx_word' id='word_1_426' title='bbox 1261 2720 1359 2755; x_wconf 83' lang='lat' dir='ltr'>leon.</span> <span class='ocrx_word' id='word_1_427' title='bbox 1382 2733 1417 2766; x_wconf 87' lang='lat' dir='ltr'>p.</span> <span class='ocrx_word' id='word_1_428' title='bbox 1441 2719 1516 2754; x_wconf 87' lang='grc'><strong>868.</strong></span> <span class='ocrx_word' id='word_1_429' title='bbox 1544 2718 1594 2755; x_wconf 62' lang='lat' dir='ltr'>Et</span> 
     </span>
     <span class='ocr_line' id='line_1_76' title="bbox 907 2773 1599 2821; baseline 0 -12"><span class='ocrx_word' id='word_1_430' title='bbox 907 2773 957 2810; x_wconf 80' lang='lat' dir='ltr'>sic</span> <span class='ocrx_word' id='word_1_431' title='bbox 967 2773 1094 2810; x_wconf 78' lang='lat' dir='ltr'>Dianae</span> <span class='ocrx_word' id='word_1_432' title='bbox 1104 2773 1211 2811; x_wconf 86' lang='lat' dir='ltr'>etiam</span> <span class='ocrx_word' id='word_1_433' title='bbox 1219 2773 1353 2821; x_wconf 81' lang='lat' dir='ltr'>effigies</span> <span class='ocrx_word' id='word_1_434' title='bbox 1361 2786 1519 2819; x_wconf 82' lang='lat' dir='ltr'>expressa</span> <span class='ocrx_word' id='word_1_435' title='bbox 1526 2786 1599 2810; x_wconf 89' lang='lat' dir='ltr'>cer·</span> 
     </span>
    </p>
   </div>
  </div>
 </body>
</html>
