1832 3100
340 219 1031 267 METAMORPHOSEON
1064 224 1199 268 LIB.
1236 224 1358 269 VII.

1473 222 1558 284 475

142 313 349 381 Concipit
367 314 533 362 interea
552 303 721 362 validos
745 311 911 360 AEetias
935 312 1085 375 ignes3

138 394 200 442 Et
220 392 382 442 luctata
397 390 480 440 -diu
495 427 508 450 ‚
532 403 770 458 postquam
794 389 963 438 ratione
987 388 1182 438 furorem
1520 418 1560 440 10

116 524 121 531 .
140 469 325 518 Vincere
348 486 440 516 non
462 478 637 534 poterat
656 487 665 515 :
692 490 713 510 ι(
729 468 933 525 Frustra,
955 465 1111 515 Medea
1126 503 1138 524 ‚
1159 485 1406 532 repugnas3

142 568 168 590 »
194 544 355 595 Nescio
380 545 480 612 quis
498 545 620 594 Deus
643 544 814 602 obstat,
834 544 918 602 ait;
937 544 1185 611 mirumque
1198 581 1209 601 ‚
1230 544 1318 592 nisi
1334 544 1421 592 hoc
1440 557 1527 603 est,

141 645 168 666 »
194 623 288 672 Aut
308 622 477 690 aliquid
500 634 616 672 certe
640 621 781 678 simile
801 622 906 671 huic
920 659 931 680 ‚
955 621 1074 688 quod
1098 640 1240 670 amare
1261 634 1455 671 vocatur.

141 721 167 743 »
193 700 308 749 Nam
329 720 408 748 cur
426 700 548 766 jussa
565 700 704 767 patris
726 699 913 748 nimium
933 699 1042 747 mihi
1068 699 1177 748 dura
1199 699 1438 747 videntur?

142 799 167 820 »
195 777 312 826 Sunt
325 797 504 845 quoque
519 778 628 827 dura
640 778 795 827 nimis:
809 796 888 826 cur
901 797 1031 844 quem
1044 777 1177 826 modo
1195 777 1385 844 denique
1400 775 1505 835 vidi,
1524 788 1561 824 15

139 876 166 898 »
189 856 258 905 Ne
278 867 451 923 pereat,
475 856 644 905 timeo?
662 875 759 923 quae
783 856 894 905 tanti
918 875 1049 906 causa
1073 857 1277 923 timoris?

139 954 165 975 >›
192 934 364 982 Excute
384 934 582 998 virgineo
606 946 843 1001 conceptas
866 947 1045 1002 pectore
1068 935 1261 984 flammas
1275 972 1287 994 .,

139 1075 251 1108 quum
266 1062 474 1098 auctoritate
485 1062 595 1099 MSS.
609 1076 646 1099 se
661 1069 820 1108 tueatur,

140 1128 253 1162 quum
268 1129 336 1151 vox
349 1129 439 1162 saepe
462 1123 498 1151 et
515 1119 595 1151 dari
615 1117 754 1163 proprie
777 1117 820 1152 de

139 1168 314 1214 responsis
329 1176 518 1215 usurpetur
529 1195 538 1213 ,
557 1181 667 1214 quum
682 1169 737 1204 vix
753 1169 822 1204 du·-

139 1220 238 1256 bium
263 1221 307 1256 sit
337 1221 424 1267 quin
445 1221 615 1257 Nostrum
633 1222 822 1268 respexerit

142 1271 305 1308 Valerius
320 1271 462 1308 Flaccus
474 1299 483 1317 ,
498 1274 515 1309 1
528 1300 537 1318 ,
556 1287 620 1321 209
632 1300 641 1317 ,
664 1276 822 1309 Via-‘red-

140 1325 215 1359 dita
230 1327 365 1360 landem
382 1339 451 1360 vox
465 1327 628 1360 horrenda
643 1329 822 1371 v1'r1lr:ap-

140 1384 239 1422 paret
252 1403 262 1421 ‚
280 1384 414 1412 temere
430 1377 609 1412 invectum
629 1390 701 1412 esse
719 1377 822 1412 Schi-

140 1429 302 1464 rachium
319 1429 357 1464 in
373 1429 625 1464 Burmannum
637 1456 646 1473 ‚
665 1429 724 1475 qui
741 1429 822 1464 satis

141 1481 302 1516 modeste
319 1489 525 1526 monuerat,
539 1483 718 1528 vulgatum
735 1485 822 1517 Vox-

139 1547 202 1579 que
218 1533 359 1568 defendi
377 1547 484 1580 posse¹
496 1553 541 1560 —-
554 1536 708 1570 Numeris
723 1537 822 1568 labo-

139 1598 211 1620 rum
222 1612 232 1627 ,
253 1593 399 1632 propter
423 1585 690 1621 multitudinem
716 1586 820 1621 labo-

139 1650 231 1673 rum.
242 1637 349 1684 Apud
362 1638 560 1675 Hesiodum
570 1664 579 1682 ,
588 1638 621 1672 T
623 1638 723 1685 heog.
733 1639 799 1686 993
808 1665 819 1682 ,

139 1691 249 1726 Jason
266 1691 400 1738 peragit
413 1694 584 1731 στονόεντας
601 1693 738 1735 ἅεθλους,
755 1695 821 1730 τοὺς

139 1748 260 1784 πολλοὺς
274 1745 405 1780 ‘'niz-sne
415 1747 511 1790 μίγας
522 1747 676 1790 βασιλεύς.
690 1743 821 1789 Quan-

142 1808 249 1842 quam
259 1796 500 1835 numerietiam
509 1803 655 1842 possunt
663 1810 735 1832 esse
745 1809 821 1842 par-

140 1855 194 1884 tes
221 1847 311 1883 illius
341 1847 510 1883 horrendi
546 1848 672 1883 laboris
691 1874 700 1891 ,
730 1848 820 1883 tauri

139 1899 261 1946 ignem
271 1906 467 1944 vomentes,
478 1912 574 1945 seges
588 1906 818 1944 armatorum,

141 1950 249 1987 draco
265 1951 374 1987 vellus
394 1950 592 1986 custodiens
610 1965 618 1986 :
636 1952 684 1987 sic
697 1956 826 1987 numeri

141 2007 296 2038 ven'lah's
306 2030 316 2045 ,
341 2002 466 2049 officii,
492 2005 635 2048 legionis
647 2031 657 2046 ,
683 2012 796 2050 partes
808 2031 818 2050 ‚

143 2068 222 2102 quae
251 2055 326 2090 illas
355 2068 411 2090 res
442 2056 671 2091 constituunt.
702 2057 819 2103 Atque

141 2107 233 2144 hanc
258 2108 434 2143 rationem
460 2108 674 2154 praetulerim
701 2111 819 2156 priori.

142 2159 294 2196 Lenzius
302 2173 388 2195 vero
397 2160 495 2195 malit
505 2173 585 2195 cum
597 2162 668 2196 aliis
677 2163 818 2209 Im'nyir,

143 2213 225 2258 quia
236 2213 373 2248 labores
383 2213 433 2248 illi
449 2226 523 2248 non
539 2227 671 2248 numero
681 2228 821 2250 memo-

142 2266 268 2302 rabiles
298 2266 440 2302 suerint.
470 2267 602 2312 Maiori
629 2275 747 2303 autem
779 2283 820 2304 ex

141 2325 240 2364 parte
254 2345 264 2363 ,
288 2319 495 2354 vetustiores
512 2319 644 2354 habent
664 2325 817 2357 numeris.

142 2370 274 2417 Regius
285 2371 316 2406 Α
332 2398 341 2415 ,
358 2375 500 2407 numeris
509 2384 521 2416 ,·
537 2371 667 2418 Regius
678 2373 707 2408 Β
721 2399 731 2418 ,
746 2375 820 2409 Mi-

142 2426 231 2470 nyis.
245 2441 290 2451 —-
309 2424 511 2469 Magnorum
539 2427 688 2460 laborum
706 2438 718 2468 ‚·
746 2425 821 2462 Or-

144 2475 254 2520 pheus
265 2502 275 2520 ,
289 2477 354 2524 935
369 2503 378 2520 ,
400 2478 512 2528 σ’ῑζυρος
528 2480 622 2518 πίνας.

186 2530 379 2576 9.Conc1’pit
393 2533 518 2565 interea
533 2538 597 2566 etc.
617 2531 715 2566 Juno
727 2558 736 2575 ‚
755 2532 819 2567 Ja-

143 2582 221 2617 soni
246 2582 386 2626 favens,
402 2584 584 2619 Venerem
610 2585 817 2631 impulerat,

145 2641 184 2669 ut
200 2634 339 2670 Medeae
355 2634 449 2670 hunc
465 2649 623 2671 amorem
639 2638 818 2683 injiceret:

146 2686 354 2733 Hygin.sab.
371 2701 433 2729 223
449 2687 540 2722 sicet
551 2687 717 2734 Orpheus
728 2715 737 2733 ,
755 2690 820 2734 864

146 2750 238 2783 sqq.,
254 2738 311 2774 ubi
329 2746 445 2774 tamen
465 2746 500 2774 et
517 2738 590 2775 dira
608 2740 762 2788 Erinnys
771 2754 820 2776 sa-

888 1065 1010 1110 gittam
1022 1064 1059 1099 in
1076 1064 1292 1110 ejus'viscera
1307 1063 1425 1099 mittit.
1437 1063 1564 1099 Horat.

888 1117 1002 1163 Epod.
1012 1118 1067 1152 III
1079 1143 1088 1160 ‚
1101 1131 1122 1166 9
1131 1130 1139 1152 ι
1149 1118 1369 1162 Argonautas
1374 1121 1493 1161 praeter
1498 1130 1564 1151 om-

885 1182 945 1203 nes
961 1171 1139 1204 candidum
1153 1169 1277 1203 Medea
1290 1171 1413 1202 mirala
1427 1173 1481 1202 cst
1494 1170 1564 1202 du·-

886 1234 967 1255 cem.
986 1221 1026 1255 In
1044 1221 1268 1266 sequentibus
1283 1220 1444 1265 praeclare
1460 1227 1564 1254 nota-

887 1280 946 1307 tur
961 1273 1132 1308 tumultus
1151 1273 1258 1307 animi
1274 1273 1434 1306 internus
1445 1298 1454 1315 ,
1470 1284 1562 1306 con-

887 1325 1001 1360 ssictus
1018 1325 1145 1359 suroris
1171 1332 1206 1359 et
1228 1324 1381 1359 rationis.
1402 1323 1564 1359 Omnino

887 1378 1015 1413 Noster
1032 1378 1110 1412 felix
1122 1377 1218 1412 estin
1232 1376 1405 1421 ejusmodi
1415 1375 1506 1410 lucta
1519 1375 1564 1410 ad

883 1437 1019 1465 naturae
1028 1429 1211 1464 veritatem
1223 1427 1458 1464 describenda.
1469 1427 1563 1462 Con-

883 1482 1138 1525 ser.V111,‚sab.
1153 1496 1182 1522 1;
1193 1482 1246 1517 IX
1256 1507 1265 1525 ‚
1275 1481 1341 1516 sab.
1354 1491 1426 1516 vm
1439 1487 1474 1515 et
1484 1491 1560 1521 V113

884 1535 935 1578 X,
948 1535 1272 1574 sab.v11,-AEet1·as,
1292 1532 1435 1576 Medea,
1448 1532 1563 1566 AEetae

884 1593 919 1621 et
938 1585 1044 1634 Idyiae
1062 1585 1143 1620 filia,
1165 1585 1327 1631 Apollon.
1345 1584 1424 1628 111,
1442 1585 1562 1627 242.—

890 1639 1034 1672 Validus
1048 1644 1084 1672 et
1100 1636 1142 1671 de
1157 1636 1237 1682 igne
1251 1636 1391 1682 proprie
1404 1636 1452 1671 sic
1468 1635 1561 1671 dicto

883 1697 918 1725 et
932 1689 976 1724 de
1001 1702 1120 1724 amore
1142 1689 1477 1735 ponitur.—Furor,
1497 1688 1562 1723 in—

882 1754 986 1777 sanus
1002 1753 1102 1775 amor
1120 1740 1174 1784 (h.
1186 1741 1208 1774 l.
1223 1753 1306 1775 cum
1323 1740 1470 1783 dilectu,
1483 1739 1563 1785 quia

883 1794 1075 1840 opponitur
1090 1791 1255 1838 rationi),
1272 1799 1371 1827 tanto
1390 1792 1563 1833 difficilius

882 1847 974 1881 vinci
992 1853 1129 1891 poterat
1143 1872 1152 1889 ,
1167 1845 1246 1891 quia
1264 1858 1346 1879 eum
1363 1844 1562 1879 humanitas

884 1899 1069 1944 adjuvabat
1090 1911 1097 1933 :
1122 1911 1199 1944 quae
1225 1897 1296 1932 duo
1324 1911 1388 1943 per
1416 1910 1562 1932 omnem

883 1953 980 1989 hunc
1003 1953 1120 1988 locum
1145 1951 1331 1988 commode
1358 1952 1561 1987 miscentur.

883 2004 940 2041 Ad
957 2011 1155 2040 extremum
1171 2006 1291 2049 furor,
1309 2011 1348 2039 ut
1364 2004 1425 2048 fit,
1444 2004 1561 2039 vincit.

882 2074 927 2084 —-
937 2058 1124 2102 IlIirumque
1135 2085 1144 2099 ,
1163 2064 1227 2092 etc.
1241 2056 1354 2092 Rudis
1370 2056 1483 2091 adhuc
1497 2056 1563 2090 vir-

883 2111 972 2157 ginis
988 2109 1185 2156 simplicitas
1199 2110 1562 2144 notatur.—Ne'.n‘hoc

882 2169 936 2198 est
951 2163 1099 2199 correxit
1118 2163 1286 2198 Heinsius
1298 2190 1307 2207 ,
1324 2175 1434 2208 quum
1451 2161 1559 2196 MSS.

883 2216 1054 2252 haberent
1065 2243 1074 2260 ,
1092 2218 1249 2262 quidhoc
1264 2216 1472 2262 esl.—Regii
1484 2228 1561 2250 nos-

884 2268 927 2303 tri
945 2268 1076 2303 habent
1092 2270 1176 2313 quid
1187 2271 1250 2303 hoc
1264 2273 1317 2302 est
1326 2280 1336 2311 ;
1353 2268 1454 2302 bene.
1473 2269 1539 2302 Ed.

931 2324 980 2366 ¹4·
1003 2324 1150 2357 Nimium
1176 2324 1263 2356 mihi
1282 2323 1376 2356 dura.
1397 2321 1562 2366 Langer—

883 2374 1093 2409 marinianus
1104 2400 1114 2418 ,
1135 2377 1272 2409 nitm'um
1293 2376 1360 2408 tibi
1377 2375 1470 2407 dura.
1488 2372 1564 2406 Re-

885 2428 930 2474 gii
952 2428 1084 2471 nostri,
1102 2429 1194 2462 milti.
1214 2446 1257 2453 —
1274 2428 1378 2461 Modo
1401 2429 1539 2471 denique
1550 2453 1559 2466 ‚

884 2494 980 2516 nunc
1004 2482 1159 2527 primum
1173 2507 1182 2524 ,
1210 2487 1248 2515 ut
1274 2481 1351 2524 ΙΙΙ,
1369 2480 1456 2522 65ο;
1481 2492 1563 2514 mox

884 2546 985 2568 versu
998 2534 1041 2569 86
1051 2561 1060 2578 ,
1078 2539 1146 2568 tum
1155 2525 1303 2578 denique.
1313 2532 1407 2567 Mira
1416 2532 1452 2566 in
1463 2531 1561 2566 omni

884 2584 918 2619 h.
935 2585 956 2620 l,
973 2593 1025 2620 est
1038 2586 1203 2620 orationis
1221 2585 1378 2620 suavitas.

933 2650 981 2683 17.
990 2639 1132 2672 Excute.
1142 2637 1309 2673 Ciosanus
1319 2636 1563 2683 metaphoram

885 2702 905 2723 a
919 2688 1010 2723 silice
1023 2716 1032 2734 ,
1045 2703 1063 2724 e
1075 2702 1144 2735 quo
1157 2690 1255 2736 ignes
1266 2690 1464 2733 eliciuntur,
1478 2689 1561 2723 duc-

886 2749 958 2778 tam
975 2749 1100 2788 putans
1112 2770 1121 2788 ,
1142 2743 1378 2779 confundebat
1388 2769 1398 2788 ,
1411 2750 1452 2777 ut
1467 2743 1562 2776 Bur-
