1832 3100
280 215 358 270 148

652 217 702 260 P.
743 218 976 263 OVIDII
1003 219 1302 268 NASONIS

270 311 397 359 Clara
420 330 676 378 repercusso
699 313 943 362 reddebant
965 314 1136 364 lumina·
1155 317 1340 368 Phoebo.

1621 349 1681 372 110

267 390 384 437 Dum
393 408 482 455 que·
499 408 547 438 ea
568 390 871 453 magnanimus
894 391 1126 440 Phaethon
1146 395 1330 444 miratur
1343 434 1355 456 ,
1381 416 1582 466 opusque

264 466 507 532 Perspicit;
531 485 626 515 ecce
650 466 756 530 vigil
779 466 913 515 rutilo
939 468 1146 534 patefecit
1170 471 1226 519 ab
1253 484 1352 521 ortu

263 543 511 609 Purpureas
535 544 709 591 Aurora
730 543 871 602 fores,
898 556 941 592 et
964 544 1095 611 plena
1112 562 1311 597 rosarum

261 620 388 668 Atria
410 639 418 667 :
444 618 684 682 diffugiunt
708 618 863 677 stellae3
892 640 1077 686 quarum
1100 624 1274 686 agmina
1298 626 1419 688 cogit

258 695 458 753 Lucifer,
485 707 528 743 et
552 694 642 743 caeli
668 695 856 756 statione
878 697 1143 747 novissimus
1166 700 1266 748 exit.

1611 720 1670 753 115

257 773 321 821 At
342 785 467 839 pater
489 784 540 820 ut
563 784 720 829 terraS,
741 773 1042 840 mundumque
1066 777 1297 827 rubescere
1321 778 1454 837 vidit,

258 851 520 916 Cornuaque
544 861 742 897 extremae
765 849 885 898 velut
907 870 1157 902 evanescere
1182 855 1340 912 Lunae,

253 930 448 991 Jungere
472 946 610 993 equos
630 928 763 975 Titan
785 927 1010 977 velocibus
1032 929 1218 996 imperat
1242 931 1391 979 Horis.

239 1065 428 1103 ‘saturitate
443 1070 619 1109 superant.
630 1062 722 1097 Plin.
740 1063 830 1098 Hist.
848 1064 929 1098 Nat.

252 1118 431 1153 XXXVII
446 1144 455 1161 ,
482 1131 503 1165 9
530 1131 538 1152 :
567 1118 774 1162 chrysolithi
792 1121 827 1150 et
855 1116 928 1151 aliae

248 1183 391 1215 gemmae.
424 1169 546 1204 Simile
574 1176 644 1212 est,
671 1173 742 1207 Ζεὺς
764 1174 816 1203 καὶ
832 1174 926 1204 scol:

250 1222 318 1257 vid.
335 1221 490 1267 Bergler.
503 1220 545 1255 ad
559 1219 734 1265 Aristoph.
747 1220 840 1254 Plut.
851 1220 925 1254 init.

296 1288 307 1307 1
318 1287 366 1308 10.
382 1275 590 1316 Repercusso
605 1273 743 1311 Phoebo,
769 1271 853 1305 dum
871 1284 925 1305 ra-

250 1325 297 1360 dii
308 1325 430 1359 Phoebi
441 1323 783 1369 repercutiebantur3
797 1336 815 1357 e
826 1323 924 1368 copia

250 1378 384 1424 poetica
401 1377 567 1411 additum.
601 1374 655 1410 Cf.
674 1376 739 1420 IV,
761 1376 845 1421 348,
865 1376 924 1410 ubi

247 1430 294 1465 sic
309 1428 444 1473 refi'rl‘ri.

297 1496 368 1516 111.
391 1482 650 1525 Magmanimus,
687 1479 722 1513 id
755 1486 806 1513 est
824 1506 833 1522 ‚
863 1479 921 1524 qui

246 1548 372 1581 magna
381 1533 509 1579 appetit
521 1547 531 1576 ;
545 1532 592 1567 sic
603 1530 812 1566 Phaethont.
823 1538 922 1565 vocat

248 1588 354 1622 etiam
372 1586 510 1620 Lucret.
527 1584 574 1627 V,‘
590 1585 651 1627 401
667 1598 675 1626 ;
699 1585 918 1626 Gen-erasum,

247 1639 369 1676 Senec.
386 1637 429 1672 de
447 1636 585 1671 Provid.
605 1637 649 1670 V.

292 1704 304 1724 1
314 1690 362 1724 13.
389 1690 523 1724 Aurora
537 1695 573 1722 et
586 1688 656 1733 ipsa
673 1687 846 1733 quadrigis
861 1695 920 1722 aut

243 1742 329 1788 bigis
345 1742 416 1776 caeli
432 1754 625 1776 convexum
637 1749 716 1776 ante
733 1742 851 1776 Solem
863 1742 920 1776 de-

244 1807 384 1829 currere
396 1794 437 1827 ab
448 1793 518 1827 aliis
526 1793 635 1838 poetis
645 1793 797 1838 fingitur.
810 1794 917 1828 Homl

246 1847 373 1889 OdstI',
394 1846 479 1889 2463
498 1845 596 1889 Virg.
608 1844 748 1878 AEneid.
766 1846 829 1885 VI,
843 1846 917 1880 535.

246 1899 315 1934 Sed
327 1898 362 1932 h.
374 1898 394 1932 l.
407 1897 454 1931 nil
470 1896 536 1931 nisi
551 1899 641 1930 atria
657 1896 767 1941 aperit
778 1922 787 1939 ,
806 1909 824 1930 e
839 1897 918 1942 qui-

244 1953 307 1987 bus
323 1961 538 1996 purpureum
549 1948 669 1982 lumen
682 1948 719 1981 in
736 1947 858 1982 caelum
871 1950 917 1983 es-

241 2002 409 2038 sunditur.
441 2001 557 2035 Etiam
574 1999 660 2035 vers.
681 2002 761 2044 144,
778 2007 916 2035 tantum

240 2055 389 2099 effulget.
411 2071 455 2078 -—
473 2055 580 2086 Plena
608 2065 756 2086 rosarum
769 2079 776 2092 ‚
806 2065 914 2087 rosea.

243 2105 375 2141 Omnia
389 2131 398 2148 ,
417 2117 492 2150 quae
507 2104 654 2138 Aurorae
669 2111 748 2138 sunt
762 2131 771 2147 ,
805 2104 914 2149 poetis

240 2158 403 2192 dicuntur
426 2169 522 2190 rosea
533 2182 540 2195 ‚
560 2168 676 2189 crocea
692 2163 751 2189 aut
761 2159 914 2199 punicea.

241 2211 334 2245 Nota
349 2216 399 2244 est
415 2222 455 2243 ex
473 2209 633 2242 Homero
644 2234 651 2246 ,
673 2206 810 2241 Aurora
825 2210 914 2258 ῥοθο-

241 2255 381 2301 &nixi-ulos-
392 2288 401 2305 ,
425 2264 585 2312 ῥοδόπηχυς
595 2286 604 2303 ‚
622 2262 819 2308 κροκόπεπλος.

288 2327 299 2347 1
310 2315 358 2356 14.
381 2312 579 2356 Dl‘sfugiun!
595 2313 709 2344 stella.
728 2309 822 2354 Quia
839 2323 912 2345 non

241 2365 388 2410 amplius
408 2371 602 2398 cernuntur
634 2375 704 2407 prae
727 2361 910 2407 spiendore

238 2418 325 2452 solis.
343 2418 481 2452 Aurora
502 2415 641 2451 dicamur?
656 2418 736 2465 ἅςρα
753 2415 909 2460 Euripid.

239 2471 314 2504 lon.
333 2482 419 2503 vers.
439 2469 521 2504 1158
538 2482 545 2508 ;
564 2475 598 2502 et
614 2467 695 2501 inde
712 2468 844 2502 Aurora
859 2471 910 2502 si-

237 2520 462 2564 derasugans,
481 2519 572 2565 apud
584 2520 706 2554 Senec.
722 2519 844 2554 Octav.
862 2519 907 2554 II.

236 2592 280 2608 -.-
306 2572 507 2616 Diffugiunt
527 2574 640 2604 slelloe.
669 2571 720 2604 Ex
739 2571 908 2605 sententia

218 2623 337 2669 'vulgi
357 2625 478 2669 Neque
496 2625 592 2658 enim
611 2623 716 2658 stellae
739 2623 907 2669 diffugere

235 2683 398 2722 possunt,
417 2688 526 2720 quum
542 2676 611 2710 sint
627 2675 722 2716 fixae3
752 2675 811 2709 sed
838 2675 907 2709 ad·-

232 2727 395 2763 veniente
411 2727 549 2762 Aurora
572 2727 703 2772 fulgere
730 2726 904 2762 desinunt.

992 1066 1059 1098 Ed.
1075 1083 1119 1092 --
1139 1067 1284 1109 Quarum
1299 1071 1435 1112 agmina
1449 1072 1557 1113 cogil,
1577 1082 1665 1116 qua-

990 1130 1072 1151 rum
1089 1119 1209 1154 ultima
1221 1127 1271 1154 est
1285 1121 1380 1156 stella
1393 1123 1554 1167 Veneris,
1572 1137 1661 1169 quae,

992 1181 1101 1214 quum
1118 1171 1356 1216 antegreditur
1365 1173 1486 1217 solem,
1498 1178 1660 1226 φωσφόρος,

990 1220 1143 1265 Lucifer,
1164 1221 1289 1270 dicitur
1303 1236 1311 1258 :
1329 1222 1402 1259 Cic.
1413 1225 1457 1260 N.
1467 1225 1513 1260 D.
1530 1226 1565 1261 II
1579 1252 1589 1270 ,
1607 1239 1662 1260 20.
1678 1247 1680 1249 v

993 1269 1046 1306 Cs.
1071 1271 1161 1307 infra
1185 1274 1259 1316 XI,
1283 1287 1347 1322 97;
1369 1275 1492 1311 Senec.
1517 1277 1662 1313 Hercul.

989 1323 1072 1357 Fur.
1081 1338 1128 1359 vs.
1148 1325 1218 1361 128.
1229 1326 1455 1373 —Idemque
1473 1341 1595 1374 quum,
1605 1342 1661 1366 oc-

988 1374 1124 1412 eidente
1141 1378 1211 1413 sole
1224 1405 1233 1420 ‚
1256 1379 1377 1425 incipit
1401 1381 1516 1416 lucere
1535 1408 1544 1426 ,
1566 1384 1658 1417 Hes-

979 1439 1082 1471 perus
1096 1438 1247 1466 vocatur.
1264 1433 1329 1467 Ed.
1345 1451 1389 1459 -·
1403 1434 1534 1477 Agmen
1545 1446 1660 1479 cogere

986 1492 1005 1514 e
1023 1492 1060 1514 re
1074 1481 1215 1530 militari
1231 1483 1387 1518 ductum.
1397 1484 1584 1531 Eleganter
1593 1499 1659 1521 au-

985 1537 1058 1566 tem
1081 1533 1186 1568 steHae
1211 1543 1283 1570 tam
1302 1536 1346 1571 ob
1367 1536 1629 1573 multitudinem
1645 1565 1656 1582 ,

986 1598 1091 1631 quam
1116 1587 1160 1621 ob
1189 1586 1369 1631 ordinem,
1392 1602 1462 1634 quo
1485 1589 1656 1635 dispositae

982 1645 1064 1673 sunt
1082 1665 1092 1682 ,
1121 1652 1201 1673 cum
1225 1639 1377 1673 exercitu
1398 1648 1655 1685 comparantur.

985 1689 1080 1725 Hinc
1106 1689 1197 1735 apud
1216 1697 1334 1735 poetas
1350 1691 1474 1736 passim
1491 1691 1656 1728 dicuntur

981 1743 1146 1776 excubare
1155 1768 1163 1782 ,
1185 1745 1348 1776 slalz'ones
1357 1745 1447 1777 obit-e
1457 1749 1520 1777 etc.
1528 1740 1655 1790 'Itaque

982 1793 1110 1827 Noster
1136 1793 1230 1828 addit
1243 1819 1253 1837 ‚
1285 1796 1364 1828 coeli
1374 1798 1517 1830 statione
1531 1801 1654 1831 noviss.

981 1847 1069 1886 eaet‘t,
1090 1845 1232 1880 ultimus
1248 1846 1403 1881 excubias
1418 1847 1455 1880 in
1477 1847 1560 1882 caelo
1582 1847 1653 1882 de·-

980 1897 1073 1931 serit.
1083 1915 1126 1923 ·—
1135 1897 1209 1933 Nec
1220 1897 1335 1932 minus
1350 1905 1494 1934 venuste
1510 1899 1553 1934 de
1566 1899 1651 1946 Argi

981 1950 1087 1985 oculis
1100 1977 1109 1994 ,
1129 1949 1186 1985 lib.
1203 1951 1220 1985 I
1233 1977 1242 1995 ,
1260 1951 1349 1986 6261

979 2008 1043 2032 Inde
1056 2009 1110 2033 suis
1123 2008 1225 2035 vicibus
1238 2009 1372 2042 capiebant
1387 2009 1448 2034 hina
1459 2010 1572 2044 quietem
1584 2019 1592 2036 :

979 2059 1074 2083 Caetern
1085 2058 1231 2090 servabant,
1243 2063 1321 2091 atque
1331 2059 1357 2083 in
1368 2059 1477 2084 statione
1486 2059 1630 2085 manebant.

1025 2106 1096 2140 116.
1114 2107 1280 2150 Alpaler.
1305 2105 1417 2143 Codd.
1443 2109 1552 2143 nostri
1569 2109 1648 2144 RR.

982 2159 1065 2192 Tum
1084 2163 1190 2203 paler.
1213 2158 1341 2194 Melius
1355 2164 1396 2194 at
1414 2167 1558 2206 propter
1578 2165 1648 2196 lum

975 2209 1065 2244 infra
1080 2211 1257 2256 scriptum.

1023 2277 1035 2297 1
1046 2277 1057 2297 1
1066 2278 1093 2308 7.
1121 2265 1287 2298 Extrema*
1303 2264 1415 2298 Lunae.
1433 2264 1479 2298 Et
1492 2264 1558 2299 hoc
1570 2277 1647 2298 sua-

974 2314 1064 2348 viter
1080 2313 1211 2349 dictum
1227 2315 1269 2349 de
1283 2315 1380 2349 Luna
1397 2327 1473 2359 quae
1484 2327 1564 2348 mox
1576 2315 1647 2349 eri-

973 2366 1088 2410 pietur
1099 2366 1214 2401 oculis.
1231 2366 1287 2400 Sic
1305 2367 1394 2409 XII,
1413 2367 1454 2401 53
1470 2393 1479 2410 ,
1501 2371 1646 2400 extrema

972 2421 1128 2457 tonitrua,
1148 2430 1297 2462 quorum
1313 2430 1418 2452 sonus
1433 2418 1503 2463 jam
1521 2419 1647 2453 fractus

972 2467 1014 2501 ad
1034 2481 1097 2502 nos
1113 2469 1229 2511 venit,
1257 2482 1406 2514 moxque
1425 2469 1568 2505 desinet.
1586 2470 1644 2505 Si-

971 2519 1100 2553 militer
1108 2523 1383 2566 eaelremusi'gntlr,
1397 2521 1502 2565 quiin
1521 2533 1563 2555 eo
1577 2527 1641 2562 est,

971 2577 1009 2605 ut
1028 2571 1275 2616 exstinguatur,
1289 2572 1386 2617 Virg.
1399 2572 1482 2606 AEn.
1494 2572 1558 2615 IX,
1569 2572 1642 2606 352.

1017 2636 1029 2655 1
1040 2623 1088 2656 18.
1098 2624 1207 2656 Horoe.
1220 2623 1315 2658 Filiae
1328 2624 1508 2659 Themidis
1517 2650 1526 2668 ,
1543 2618 1641 2669 jani-

970 2674 1070 2708 trices
1084 2675 1155 2709 caeli
1172 2682 1207 2709 et
1221 2676 1386 2710 ministrae
1402 2676 1536 2717 Phoebi,
1553 2688 1639 2720 qua—

968 2739 1047 2761 rum
1056 2728 1199 2762 nomina
1210 2728 1396 2772 Eunomia,
1409 2728 1507 2772 Dice,
1520 2728 1637 2763 Irene:
