1832 3100
257 269 343 314 DE
387 266 611 312 OPERE
649 248 1369 311 MssTAMORPHosEoN.
1484 278 1528 306 11

202 361 326 403 ‘Parte
344 362 404 403 sui
423 361 581 402 meliore
599 360 722 418 viget,
741 359 1082 415 maJorqueqvideri
1098 408 1103 411 ⁵

195 478 197 482 Α
218 432 369 487 Coepit,
387 441 426 473 et
441 439 599 488 augusta
618 431 700 472 fieri
716 432 898 488 gravitate
915 430 1117 472 verendus.

111 530 195 586 His
219 537 360 600 igitur
379 549 422 586 et
447 537 613 586 talibus
638 536 868 600 ingenium
895 536 1002 585 satis
1021 535 1274 585 ostentavit.
1306 534 1453 605 lynca
1474 546 1539 583 ta-

113 646 235 686 men,
253 627 446 695 inquam
466 627 637 699 lyricus
652 638 866 685 mutatus,
884 645 978 675 non
994 625 1250 692 descripsit·‚
1264 643 1408 691 neque
1427 624 1538 680 cin'n,

113 715 238 782 cujus
249 714 437 765 sormam
452 714 599 783 Scylla
611 715 848 773 adsumsit;
871 734 1124 783 quanquam
1140 713 1218 763 illa
1230 713 1322 762 fera
1337 711 1520 761 maculis
1530 750 1542 771 ,

111 805 204 854 haec
235 805 327 854 avis
358 803 694 872 pulchritudine
719 804 910 867 insignis
939 823 950 853 :
981 823 1063 853 nec
1088 822 1188 852 aves
1213 802 1319 851 satis
1347 802 1546 857 notavit,

112 898 302 960 quarum
320 891 508 956 figuram
533 892 689 942 Letoia
712 892 931 958 Meleagri
953 892 1186 943 sororibus
1211 890 1346 940 dedit.

178 984 349 1033 Verum
368 983 781 1032 transformationes
795 983 904 1050 ipsae
914 1021 926 1042 ‚
942 982 1045 1031 licet
1056 982 1160 1031 inde
1176 1001 1349 1031 carmen
1367 981 1551 1048 inscrip-

114 1082 211 1125 tum
235 1071 321 1130 sit,
351 1071 583 1121 minimam
606 1072 701 1138 ejus
724 1084 897 1139 partem
920 1072 1215 1121 constituunt.
1259 1073 1324 1119 Ut
1352 1069 1548 1137 amplum

113 1159 316 1227 prodiret
333 1180 473 1228 opus,
499 1165 588 1211 tam
612 1182 663 1211 ea
684 1173 817 1228 poeta
840 1158 1017 1228 copiose
1036 1172 1296 1228 persecutus
1317 1171 1406 1217 est,
1430 1158 1548 1207 undo

114 1250 498 1317 metamorphoses
527 1250 745 1317 pendent,
772 1270 905 1317 quam
930 1249 1014 1298 alia
1043 1249 1279 1298 admiscuit
1306 1268 1332 1296 a
1362 1247 1550 1296 consilio

115 1358 209 1387 uon
229 1338 384 1388 aliena.
419 1339 714 1389 Phaethontis
738 1339 829 1388 fata
850 1338 1018 1388 nullam
1040 1338 1210 1386 habent
1233 1337 1386 1386 formae
1407 1348 1551 1385 muta-

119 1428 312 1487 tionem3
331 1429 386 1478 iis
404 1441 549 1478 tamen
571 1445 778 1492 magnam
799 1428 904 1477 libri
927 1427 1112 1478 secundi
1135 1439 1305 1494 partem
1328 1426 1550 1494 implevit,

117 1529 170 1565 ut
185 1535 268 1584 per
288 1536 338 1566 ea
360 1516 417 1566 ad
438 1519 615 1567 sorores
639 1518 869 1578 transiret,
887 1519 935 1566 in
953 1519 1134 1568 arbores
1148 1555 1160 1576 ‚
1187 1518 1294 1566 dum
1311 1516 1461 1565 fratris
1482 1536 1552 1565 ca-

117 1625 217 1655 sum
245 1605 428 1671 lugent,
463 1625 624 1657 versas.
668 1608 864 1657 Mutatio
891 1626 1099 1657 sororum
1128 1606 1346 1670 Meleagri
1371 1607 1552 1654 duobus

117 1694 320 1744 versibus
345 1695 618 1757 absolvitur;
637 1698 715 1747 sed
733 1698 790 1746 ad
809 1716 901 1747 eam
920 1697 1183 1761 longissima
1200 1697 1275 1746 illa
1296 1707 1403 1763 ρήσει
1416 1699 1527 1746 VIII
1541 1736 1552 1754 ,

120 1782 338 1847 260-543
354 1820 372 1846 ,,
393 1786 670 1852 pervenitur,
698 1776 795 1853 quae
828 1798 925 1836 tota
948 1787 995 1835 in
1018 1788 1115 1855 apri
1153 1786 1387 1855 Calydonii
1423 1807 1557 1853 vena-

121 1871 240 1923 tione
271 1884 315 1922 et
342 1873 392 1922 in
422 1873 541 1924 lucta
564 1874 774 1934 Althaeae‚
799 1875 894 1924 filio
918 1894 1071 1925 necem
1095 1876 1316 1943 parantis,
1341 1887 1554 1925 versatur.

121 1961 337 2011 AEsonem
349 2001 362 2022 ‚
382 1963 411 2011 J
413 1963 563 2012 asonis
576 1975 747 2032 patrem
761 2002 773 2023 ,
786 1965 989 2031 juvenem
1003 1965 1164 2014 Medea
1173 1964 1438 2014 reddiderat.
1457 1966 1557 2014 Hoc

121 2063 377 2101 narraturus
405 2052 599 2102 Ovidius
621 2054 730 2112 Vll,
769 2053 978 2121 159-293
992 2093 1004 2114 ‚
1025 2054 1073 2103 in
1096 2067 1237 2105 totam
1258 2067 1396 2104 artem
1417 2056 1558 2118 magi-

123 2159 219 2190 cam
242 2143 447 2191 excurrit.
476 2144 678 2202 Pestem‚
707 2163 805 2211 quae
835 2145 1046 2208 AEginam
1074 2145 1267 2195 insulam
1295 2146 1560 2195 exhauserat

122 2230 303 2290 incolis,
327 2233 589 2300 Minoisque
612 2253 714 2283 cum
732 2234 1086 2284 Atheniensibus
1106 2235 1274 2284 bellum
1293 2237 1556 2293 nobisVII,

124 2322 217 2388 [472
250 2341 348 2389 sqq.
368 2360 380 2381 ,
411 2323 586 2382 retulit,
612 2336 665 2372 ut
689 2325 1027 2392 Myrmidonum
1057 2346 1080 2375 e
1115 2327 1313 2375 formicis
1338 2327 1555 2390 originem
1611 2333 1613 2336 ’

122 2410 345 2477 proderet.
382 2413 532 2462 Locus
562 2414 676 2472 VII,
709 2414 880 2474 1-158‚
905 2415 1042 2464 habet
1064 2415 1243 2482 quidem
1266 2416 1559 2464 mutationem

126 2497 326 2548 dentium
344 2511 542 2551 satorum
563 2502 612 2550 in
629 2502 748 2552 viros
760 2541 772 2562 ‚
798 2503 878 2553 sed
893 2503 1047 2571 paucis
1062 2504 1265 2552 versibus
1285 2504 1530 2571 expositam
1546 2523 1558 2562 ;

124 2585 296 2655 reliqua
329 2587 385 2636 iu¹
410 2589 580 2639 Minois
603 2591 747 2640 forma
769 2604 813 2640 et
834 2592 885 2640 in
906 2610 1067 2641 vesano
1092 2591 1261 2641 Medeae
1292 2611 1441 2641 amore
1474 2611 1559 2641 no-

126 2676 262 2724 tando
287 2690 532 2727 versantur.
557 2679 631 2728 Sic
649 2680 1013 2730 numerosissima
1034 2692 1178 2748 poctae
1200 2680 1374 2746 occasio
1400 2681 1560 2731 offere-
1580 2693 1583 2703 '

126 2764 259 2814 batur
293 2755 525 2817 innumera
555 2768 851 2829 admiscendi,
887 2789 984 2837 quae
1022 2772 1264 2837 antiquitas
1298 2772 1426 2831 tulit,
1460 2792 1556 2839 quae
