1832 3100
295 239 382 284 268

661 242 713 285 P.
765 242 996 288 OVIDII
1033 243 1328 289 NASONIS

292 328 444 379 Turba
466 346 623 391 ruunt,
643 333 873 401 mixtaeque
895 335 1000 383 viris
1027 348 1293 402 matresque,
1316 352 1543 401 nurusque
1562 347 1577 392 ,“

291 408 576 476 Vulgusque‚
601 429 889 478 proceresque
903 449 915 470 ,
939 412 1089 475 ignota
1111 414 1165 462 ad
1187 433 1307 463 sacra
1326 412 1541 462 feruntur.

1583 299 1623 337 XX

1640 425 1707 460 530·

295 506 318 528 «
347 486 462 550 Quis
484 487 627 545 furor,
651 489 906 551 anguigenae
923 527 934 546 ‚
959 489 1107 555 proles
1136 490 1377 548 Mavortia,
1398 501 1563 539 vestras

296 583 319 605 »
346 564 558 612 Attonuit
577 567 777 613 mentes?
801 565 1023 614 Pentheus
1047 567 1130 614 ait:
1156 585 1294 615 aerane
1318 578 1489 615 tantum

293 681 419 722 ἰαχαῖς,
436 679 614 725 ὄλολυγμοῒς.
626 679 702 725 Ipse
714 679 839 715 Bacch.
850 680 893 716 de
910 695 945 716 se
956 708 966 725 ‚

1032 688 1067 716 et
1083 680 1226 717 Tiresia.
1242 680 1363 727 Eurip.
1377 683 1706 730 299.—Vulgusque,

292 729 414 776 Eurip.
429 744 517 766 vers.
536 734 598 776 24,
621 732 759 768 Thebas
774 733 812 767 in
834 731 969 768 Graecia
1026 745 1261 779 proceresque;
1288 734 1358 778 jam
1384 733 1422 768 in
1447 732 1536 768 libro
1562 733 1600 776 Ι,
1627 732 1707 780 193:

291 781 420 828 primas
435 783 623 828 ἀνωλέλιὶξα,
642 784 775 819 ululatu
787 785 968 830 complevi.

293 833 386 869 Nam
403 835 550 875 ἕλολύζειν
562 842 597 869 et
611 837 740 869 ululare
750 862 757 875 ‚
780 836 886 872 etiam
898 849 970 882 pree

293 884 419 929 gaudio
435 886 625 920 exclamare
637 893 673 920 et
682 886 814 922 ululare
827 913 836 931 ,
849 888 909 923 sed
924 888 968 923 de

291 936 482 971 furibundo
497 936 749 972 Bacchantium
764 939 914 974 clamore
932 940 969 974 in

292 989 414 1034 primis
433 989 568 1023 dicitur.
587 1009 631 1016 --
651 992 838 1026 Ululabant
852 999 971 1027 autem

291 1053 392 1075 voces
407 1040 467 1075 has
482 1067 491 1084 ,
518 1045 597 1078 Εὐοῒ
615 1043 715 1086 Βάκχε
729 1069 738 1086 ,
765 1044 788 1078 ὦ
804 1041 914 1088 Ϊάκχε,
930 1040 970 1081 ἰὼ

291 1094 393 1137 Βάκχε
406 1119 415 1136 ,
441 1096 520 1129 Ebot
536 1098 641 1133 σαὲοῖ,
671 1094 766 1129 unde
793 1097 910 1137 εὖοὲζειν
933 1098 972 1131 τὰ

294 1149 398 1195 ἔργα,
414 1145 506 1190 quod
524 1146 623 1191 Virg.
643 1145 785 1181 AEneid.
797 1147 850 1182 VI
863 1174 871 1188 ‚
892 1151 970 1192 517,

294 1198 464 1242 reddidit,
484 1212 579 1233 evat-e
601 1202 713 1244 orgia,
739 1200 760 1233 i.
787 1213 816 1235 e.
837 1200 972 1235 evando

294 1251 469 1286 celebrare
488 1252 583 1297 orgia
601 1265 608 1286 :
627 1252 693 1286 vid.
712 1252 909 1287 Drackenb.
929 1252 973 1287 ad

297 1301 357 1336 Sil.
367 1302 402 1336 11
412 1328 422 1345 ‚
438 1315 562 1336 101.—
571 1305 690 1343 Fastis,
705 1303 784 1349 quia
794 1304 973 1349 conjuncti

297 1362 398 1389 erant
414 1354 617 1399 hujusmodi
635 1356 783 1392 ululatus
808 1370 889 1392 cum
911 1370 974 1392 sa·-

299 1405 366 1439 cris
383 1406 521 1441 Bacchi.

343 1458 418 1504 529.
440 1459 550 1493 Turba
566 1464 674 1494 ruunt.
702 1458 850 1494 Codices
865 1459 977 1494 nostri

299 1509 422 1555 Regii,
441 1512 552 1545 Turba
560 1515 649 1553 ruil‚·
666 1519 856 1557 utrumque
871 1518 976 1546 recte.

302 1562 573 1597 Ed.—·Inducun
579 1570 636 1597 tur
643 1576 726 1608 ergo
734 1563 859 1598 Bacchi
867 1563 976 1598 thiasi.

303 1613 401 1659 Virg.
418 1614 490 1648 Ecl.
508 1614 554 1658 V,
569 1615 632 1657 303
649 1627 733 1649 nam
744 1620 871 1657 θίασος,
887 1616 978 1648 thia-

303 1677 362 1699 sus
373 1692 380 1705 ,
403 1665 494 1700 dicta
505 1672 556 1700 est
567 1666 735 1701 vocabulo
742 1666 883 1712 proprio
891 1666 978 1700 mul-

303 1716 416 1751 titudo
427 1717 482 1751 illa
494 1718 599 1752 mixta
609 1724 644 1753 et
652 1730 795 1763 pompa,
809 1729 884 1762 quae
892 1717 979 1752 Bac-

305 1767 411 1802 chum
427 1769 658 1803 comitabatur
674 1781 682 1803 :
698 1769 766 1803 vid.
780 1770 923 1804 Barnes.
936 1768 979 1802 ad

304 1819 428 1865 Eurip.
454 1833 541 1855 vers.
571 1821 623 1856 56.
651 1837 695 1847 -
715 1821 896 1865 fflt'xloeque
916 1826 980 1855 etc.

306 1871 463 1907 Feminae
480 1879 515 1907 et
531 1885 643 1907 mares
655 1898 665 1916 ‚
683 1885 851 1918 pauperes
868 1878 903 1907 et
919 1884 980 1905 no-

304 1922 390 1957 biles
406 1923 509 1958 sacris
524 1923 576 1958 his
592 1924 724 1958 arcanis
738 1924 902 1958 interesse
918 1936 984 1969 po-

307 1980 435 2010 terant.
448 1976 606 2022 Euripid.
616 1989 703 2011 vers.
714 1978 778 2012 208
787 1976 983 2022 sqq.Verba

306 2031 408 2060 ruunt
435 2034 471 2062 et
487 2027 647 2071 feruntur
666 2028 803 2074 egregie
835 2027 985 2074 pingunt

308 2078 482 2121 studium,
501 2092 570 2124 quo
589 2080 823 2125 superstitiosa
845 2087 880 2114 et
903 2079 986 2113 levis

310 2130 499 2164 multitudo
508 2132 667 2166 certatim
678 2131 813 2166 advolat
823 2131 865 2166 ad
871 2133 988 2175 ignota

312 2180 422 2227 (nam
434 2182 551 2227 ignota
566 2191 601 2218 et
617 2196 708 2218 nova
718 2184 803 2218 scire
820 2181 987 2228 cupiunt)

310 2241 422 2267 sacra.
445 2235 554 2268 Ruere
578 2234 626 2268 sic
651 2234 756 2268 etiam
777 2235 868 2278 XV,
897 2248 959 2282 729
978 2249 988 2277 ;

313 2284 452 2319 Phaedr.
467 2286 514 2328 V,
525 2286 591 2319 sab.
606 2297 620 2319 1
632 2311 641 2328 ,
660 2286 690 2320 3.
702 2286 883 2332 Significat
892 2287 989 2320 enim

313 2338 388 2372 sine
405 2337 528 2373 ordine
546 2345 580 2373 et
591 2351 728 2373 summa
743 2351 823 2373 cum
835 2346 990 2373 conten—

312 2391 411 2426 tione
427 2405 580 2427 currere.
605 2410 649 2419 ·-
674 2393 804 2426 Matres
830 2398 865 2426 et
890 2404 992 2426 nurus

315 2443 470 2479 solemne
487 2445 616 2479 Nostro
630 2470 640 2488 ,
661 2456 771 2489 quum
793 2443 908 2478 omnis
930 2456 992 2488 ge-

315 2495 409 2530 neris
425 2503 460 2530 et
476 2496 584 2531 aetatis
595 2496 759 2530 mulieres
774 2507 994 2530 commemo-

316 2553 379 2580 rat.
399 2547 446 2581 Et
467 2560 569 2582 nurus
593 2548 704 2593 poetis
720 2548 834 2583 omnis
857 2547 994 2582 mulier.

317 2598 491 2633 Brouckh.
509 2599 551 2634 ad
567 2601 726 2645 Propert.
743 2601 780 2635 ΙΙ
793 2626 802 2643 ,
819 2612 842 2634 v
856 2626 865 2644 ,
882 2600 934 2634 26.
951 2617 995 2627 —-

318 2651 440 2684 Mixloe
452 2654 543 2685 vl‘rl‘s.
554 2652 676 2697 Eurip.
693 2653 736 2687 36
750 2665 757 2686 :
769 2662 905 2697 γυναῖκες
925 2655 998 2698 ὁμοῦ

323 2706 354 2736 δὲ
382 2702 510 2746 Κάδμου
540 2710 646 2740 παισὶν
678 2703 932 2748 ἀναμεμιγμέναι.
955 2721 998 2731 ·-·

323 2753 496 2796 Pmceres,
514 2753 585 2798 ipse
600 2753 756 2790 Cadmus
770 2767 850 2789 cum
865 2754 998 2789 filiabus

1032 786 1217 830 Faunique,
1240 785 1413 831 Satyrique
1423 791 1487 820 etc.
1498 784 1590 818 infra
1598 809 1610 827 ‚
1621 782 1711 818 libro

1034 836 1100 880 IV,
1123 849 1161 870 10
1181 850 1189 872 ε
1211 838 1387 882 Telaque,
1404 838 1621 882 calathosque
1644 841 1708 871 etc.

1034 888 1077 922 In
1096 887 1148 922 his
1165 887 1273 923 tribus
1290 888 1372 923 locis
1388 888 1500 923 nostri
1514 887 1616 934 Regii
1637 885 1711 922 Co-

1034 939 1126 975 dices
1143 943 1176 975 2-0'
1191 953 1253 984 que
1267 939 1365 985 prius
1379 952 1452 974 non
1469 939 1600 975 habent
1615 964 1624 980 ‚
1648 937 1711 974 sed

1035 989 1120 1024 dant
1134 992 1183 1024 Et
1193 993 1327 1035 vulgus,
1341 1002 1556 1035 proceresque
1571 995 1636 1024 etc.
1662 989 1713 1022 Et

1035 1045 1148 1078 Fauni
1158 1046 1332 1090 Satyrique
1346 1050 1410 1079 etc.
1431 1045 1482 1079 E!
1500 1045 1587 1078 telas
1606 1045 1711 1081 cala-

1036 1099 1173 1141 thosque
1183 1104 1246 1132 etc.
1258 1097 1446 1142 Vulgatam
1457 1096 1646 1131 lectionem
1660 1108 1712 1130 re-

1036 1149 1218 1192 tinuimus,
1234 1149 1314 1194 quia
1322 1149 1427 1194 hujus
1442 1148 1546 1183 metri
1558 1147 1713 1193 exempla

1037 1200 1262 1245 reperiuntur
1278 1199 1369 1245 apud
1388 1200 1484 1246 Virg.
1497 1225 1507 1243 ,
1522 1198 1713 1245 praesertim

1037 1251 1073 1285 in
1084 1251 1156 1286 Ecl.
1167 1262 1218 1294 Ν,
1230 1253 1283 1293 5ι;
1294 1257 1331 1286 et
1339 1250 1467 1296 Georg.
1479 1251 1509 1295 1,
1523 1250 1714 1298 279.Ed.-

1038 1307 1196 1340 Proceres
1203 1303 1366 1339 dicuntur
1375 1303 1476 1349 quiin
1488 1302 1624 1338 civitate
1632 1301 1714 1337 emi-

1039 1363 1127 1390 nent
1138 1382 1147 1400 ,
1159 1355 1277 1399 sicuti,
1291 1355 1329 1389 in
1340 1354 1491 1391 aedificiis
1501 1380 1511 1397 ,
1526 1353 1636 1399 capita
1643 1359 1715 1388 tra-

1039 1408 1138 1444 bium
1153 1420 1229 1453 quae
1239 1420 1398 1453 proceres
1412 1406 1637 1452 appellantur.
1649 1406 1715 1440 Ed.

1085 1461 1143 1495 531
1153 1486 1159 1493 .
1173 1461 1257 1502 Quis
1257 1458 1365 1503 fitror.
1374 1459 1522 1494 Summa
1532 1456 1697 1493 orationis
1706 1469 1715 1493 z

1041 1523 1114 1546 non
1131 1510 1306 1545 vincimur
1315 1510 1349 1544 vi
1365 1522 1543 1545 armorum
1559 1508 1717 1544 sortium-

1043 1574 1109 1606 que
1122 1561 1291 1604 virorum,
1302 1560 1363 1596 sed
1375 1561 1536 1595 inanibus
1545 1559 1717 1607 tympanis

1042 1613 1142 1658 pueri
1164 1613 1276 1646 mollis
1296 1613 1609 1656 obscoenorumque
1631 1623 1718 1656 gre-

1043 1679 1127 1713 gum
1141 1692 1150 1709 ,
1175 1665 1269 1710 quod
1300 1665 1560 1700 Thebanorum.
1584 1663 1718 1709 origine

1043 1717 1333 1763 indignissimum.
1351 1717 1394 1751 In
1405 1716 1470 1751 hac
1485 1716 1619 1762 origine
1635 1721 1670 1749 et
1682 1714 1716 1748 in

1043 1769 1099 1803 illa
1107 1768 1250 1803 mollitie
1260 1767 1459 1813 explicanda
1466 1774 1558 1802 totus
1568 1772 1631 1809 est,
1641 1777 1719 1811 pro-

1045 1822 1165 1867 ditque
1175 1822 1332 1856 animum
1343 1822 1392 1856 rei
1402 1820 1619 1867 turpitudine
1627 1831 1720 1854 com-

1045 1874 1287 1909 motissimum.
1306 1873 1473 1908 Abundat
1483 1871 1669 1908 antithetis.
1678 1890 1723 1897 —

1051 1928 1135 1970 Quis
1137 1927 1242 1972 furor
1248 1926 1367 1961 crebra
1377 1938 1442 1960 vox
1451 1924 1719 1972 indignantium.

1048 1980 1102 2014 VI
1114 2006 1123 2023 ‚
1151 1991 1234 2025 ¹70³
1256 1978 1378 2024 Virgil.
1395 1977 1523 2024 Georg.
1547 1977 1615 2021 IV,
1631 1977 1694 2023 495
1714 1991 1722 2015 ι

1049 2031 1164 2066 Tibul.
1177 2031 1193 2065 I
1205 2057 1214 2074 ,
1229 2041 1250 2064 x
1261 2055 1270 2073 ,
1283 2030 1334 2064 33.
1346 2049 1390 2056 —
1401 2030 1615 2074 Anguigenae,
1624 2027 1723 2063 The-

1048 2083 1131 2118 bani
1155 2096 1196 2117 ex
1216 2082 1337 2128 anguis
1354 2081 1516 2116 dentibus
1537 2079 1698 2127 prognati
1715 2106 1723 2123 ‚

1050 2134 1180 2170 Graecis
1194 2139 1330 2181 Σπαρτοί.
1349 2133 1485 2168 Eorum
1499 2132 1582 2167 urbs
1605 2133 1727 2166 draco-

1050 2190 1188 2232 nl‘gena,
1219 2186 1274 2220 III
1299 2186 1389 2220 Fast.
1419 2185 1492 2219 865.
1525 2183 1726 2227 Utrumque

1052 2252 1124 2273 voc.
1143 2238 1185 2273 ab
1201 2237 1274 2283 ipso
1295 2236 1426 2272 Ovidio
1442 2236 1616 2282 signatum
1632 2233 1728 2268 vide-

1052 2298 1110 2326 tur
1120 2290 1162 2325 ad
1173 2291 1323 2324 sormam
1334 2292 1497 2333 terrigena
1505 2287 1729 2322 ‘etc--Pmles

1053 2344 1222 2376 Mavortia
1234 2368 1241 2381 ,
1274 2352 1358 2381 nam
1388 2335 1494 2372 draco
1524 2337 1581 2371 ille
1604 2335 1730 2371 Martis

1056 2394 1148 2428 filius
1162 2394 1286 2427 suerat.

1099 2445 1173 2479 532.
1184 2444 1220 2479 A
1222 2446 1349 2478 [tonuit.
1363 2441 1510 2477 Codices
1521 2437 1631 2475 nostri
1639 2465 1650 2483 ,
1661 2438 1732 2473 At-

1055 2500 1160 2537 tollit,
1178 2496 1272 2542 quod
1284 2495 1458 2541 improbat
1471 2492 1655 2534 Heinsius;
1672 2497 1732 2526 ta·-

1056 2560 1139 2582 men
1151 2549 1298 2582 allonut'l
1307 2546 1446 2581 videtur
1456 2543 1656 2580 emendatio
1672 2554 1731 2576 re-

1057 2598 1265 2633 centiorum.
1276 2599 1341 2632 Ed.
1351 2597 1565 2635 —Attonit1·‚
1582 2592 1662 2638 qui,
1675 2603 1735 2625 au-

1060 2651 1132 2685 dito
1155 2648 1408 2685 Bacchantium
1429 2647 1593 2689 fremitu,
1613 2651 1649 2678 et
1672 2642 1736 2688 ipsi

1059 2704 1219 2738 furorem
1244 2702 1445 2747 concipiunt
1461 2712 1470 2734 ε
1490 2697 1559 2733 vid.
1589 2695 1667 2731 Iani
1695 2694 1736 2728 ad

1062 2754 1188 2789 Horat.
1199 2754 1215 2788 1
1228 2779 1238 2798 ,
1258 2752 1329 2788 Od.
1346 2761 1429 2795 xv1,
1445 2750 1626 2797 7.-AEra,
1641 2756 1739 2791 cym-
