1832 3100
269 215 326 270 40
853 214 1103 262 SER1ES

262 321 437 357 caeteras
452 308 577 375 pinus
604 327 657 357 ex
680 300 789 380 χΑξγ
815 322 946 376 atque
970 329 1179 376 cupressus
1201 329 1224 358 e
1252 309 1474 380 Cyparisso
1496 321 1682 360 mutata.‘

266 385 466 434 Canebat
487 397 631 435 autem
661 385 735 435 ille
766 387 820 434 de
854 399 984 453 raptu
1021 386 1294 457 Ganymedis,
1339 387 1392 435 de
1422 386 1675 456 Hyacinthi,

260 463 316 512 ab
339 461 549 528 Apolline
569 464 700 511 amati
720 475 764 512 et
786 464 1027 521 interfecti,
1052 465 1099 511 in
1133 463 1391 533 hyacinthum
1413 464 1566 512 florem
1587 501 1599 522 ,
1627 465 1681 514 de

270 539 527 588 Cerastarum
547 541 594 588 in
611 551 747 589 tauros
762 581 773 597 ,
800 541 853 589 de
872 541 1202 607 Propoetidarum
1218 542 1266 590 in
1282 541 1437 607 lapides
1450 581 1461 598 ,
1490 541 1544 590 de
1564 542 1683 609 Pyg-

265 616 471 665 malionis
493 627 633 665 statua
647 618 695 665 in
714 618 917 666 mulierem
935 618 1070 667 vivam
1105 618 1261 682 (unde
1283 630 1414 667 natus
1435 618 1678 684 Paphus),

261 691 321 742 'de
344 694 558 764 Myrrhae,
584 706 768 761 propter
787 695 1005 743 incestum
1028 714 1126 743 cum
1151 706 1274 762 patre
1299 695 1609 754 concubitum,
1636 695 1685 743 in

268 770 485 840 Myrrham
507 771 710 819 arborem
725 809 737 828 ,
759 783 890 838 atque
912 772 964 820 de
986 771 1197 822 Adonidis
1210 812 1223 829 ,
1250 772 1322 820 cui
1343 774 1496 821 Venus
1520 771 1687 839 Hzppo-

268 849 392 896 menis
405 861 448 897 et
457 850 678 898 Atalanta?
688 850 734 897 in
750 849 913 916 templo
930 850 1318 899 concumbentium
1334 850 1382 897 in
1396 850 1528 898 leones
1542 861 1686 899 trans-

268 925 554 976 formationes
577 940 844 985 narraverat,
873 928 921 975 in
944 947 1176 976 anemonem
1198 928 1456 992 mutatione.

334 1032 436 1081 LIB.
463 1035 541 1081 XI.
570 1034 688 1081 Hinc
715 1034 761 1081 T
758 1033 908 1082 hracioe
928 1034 1112 1082 mulieres
1127 1053 1263 1100 quum
1286 1033 1468 1100 Orphea
1491 1033 1690 1099 discerp-

271 1110 451 1167 sissent,
478 1120 655 1176 serpente
670 1149 680 1165 ‚
711 1111 787 1176 qui
811 1130 860 1159 os
888 1111 980 1175 ejus
1003 1112 1203 1176 petebat,
1229 1112 1277 1158 in
1297 1110 1472 1176 lapidem
1490 1122 1686 1169 mutato,

271 1187 318 1234 in
339 1188 500 1235 arbores
522 1207 739 1236 conversae
763 1201 868 1237 sunt
885 1209 909 1237 a
924 1189 1123 1247 Baccho,
1150 1189 1252 1255 qui,
1277 1188 1451 1247 relicta,
1474 1185 1532 1236 ob
1549 1188 1689 1236 inter-

270 1265 434 1314 fectum
447 1278 588 1314 vatem
601 1267 787 1315 Thracia
797 1304 808 1324 ,
826 1267 872 1314 in
889 1267 1124 1334 Phrygiam
1140 1287 1185 1315 se
1198 1266 1407 1324 contulit,
1422 1266 1511 1314 ubi,
1519 1264 1685 1322 Midas,

275 1343 346 1391 cui
369 1361 452 1408 pro
486 1343 637 1391 Sileno
668 1344 872 1391 restituto
909 1345 1004 1392 auri
1037 1346 1191 1410 copiam
1223 1344 1339 1393 fecit.
1378 1344 1517 1410 Cujus
1553 1362 1693 1410 quum

275 1419 400 1468 illum
422 1421 675 1486 poeniteret‚
703 1422 750 1469 in
775 1422 949 1469 Pactolo
976 1421 1096 1470 lotus
1125 1440 1268 1470 arenas
1299 1423 1392 1486 ejus
1421 1440 1564 1470 aureas
1592 1420 1693 1469 red-

276 1498 400 1546 didit.
430 1499 592 1547 Postea
612 1500 810 1548 Phoebus
833 1518 915 1565 pro
937 1500 1092 1566 iniquo
1109 1500 1275 1564 judicio
1294 1517 1410 1547 aures
1431 1498 1497 1546 illi
1518 1498 1707 1546 asininas·

277 1575 448 1623 tribuit.
474 1576 579 1638 Quo
598 1576 728 1633 facto,
743 1567 923 1641 Trojam
940 1576 1165 1643 profectus
1179 1575 1361 1643 Apollo,
1377 1573 1694 1623 Laomedontem

276 1671 428 1700 muros
452 1654 672 1718 Trojanos
696 1666 993 1703 exstruentem
1021 1654 1199 1720 adjuvit.
1245 1654 1402 1703 Filiam
1424 1653 1520 1718 ejus
1539 1651 1693 1700 Hesio-

278 1750 353 1778 nen
367 1770 379 1787 ,
410 1750 515 1779 saxo
538 1731 778 1794 alligatam,
806 1732 1009 1780 liberavit
1032 1731 1270 1790 Hercules,
1296 1732 1530 1796 conjugem
1549 1742 1695 1779 autem

281 1807 408 1855 duxit
436 1808 655 1864 Telamon,
685 1809 1054 1875 quemadmodum
1084 1809 1234 1857 Peleus
1253 1808 1442 1858 Thetida
1479 1807 1695 1856 transfor-

280 1903 408 1933 mem.
451 1887 495 1933 Is
529 1886 584 1934 ad
624 1887 808 1954 Ceycem
846 1898 1002 1953 postea
1036 1886 1262 1953 profectus
1280 1924 1292 1943 ‚
1336 1885 1626 1935 Doedalc'onem
1648 1884 1699 1932 in

280 1963 503 2028 accipitrem
524 2003 534 2019 ,
578 1976 622 2012 et
643 1965 782 2031 lupum
809 1964 856 2012 in
889 1983 1035 2012 saxum
1059 1965 1318 2012 conversum
1332 2000 1344 2021 ‚
1383 1962 1545 2028 partim
1565 1958 1698 2009 intel-

281 2039 464 2098 lexerat,
490 2041 650 2106 partim
674 2042 770 2107 ipse
789 2041 968 2090 viderat,
1013 2040 1100 2088 Sed
1134 2039 1249 2111 Ceyx
1271 2040 1319 2087 in
1340 2040 1496 2088 itinere
1520 2039 1576 2087 ad
1600 2058 1698 2088 ora-

285 2116 433 2164 culum
456 2116 652 2165 Clarium
674 2130 878 2184 suscepto
906 2117 1039 2184 periit
1061 2116 1305 2179 naufragio.
1323 2116 1501 2164 Accidit
1518 2115 1696 2181 deinde,

284 2205 336 2241 ut
356 2193 592 2262 Halcyone,
620 2194 778 2242 marito
804 2206 910 2260 post
932 2193 1211 2256 naufragium
1236 2193 1319 2241 sub
1344 2192 1543 2259 Morphei
1559 2193 1705 2256 figura

288 2270 528 2318 secundum
553 2269 745 2336 quietem
769 2282 1006 2335 conspecto
1022 2307 1034 2327 ,
1056 2270 1104 2317 in
1121 2270 1339 2340 halcyonen
1358 2287 1500 2326 avem,
1524 2269 1639 2318 sicut
1655 2281 1701 2318 et

286 2347 483 2404 maritus,
503 2358 757 2395 mutaretur.
779 2347 908 2411 Quos
926 2347 1123 2396 volantes
1142 2366 1279 2414 quum
1295 2346 1701 2396 animadvertissent

289 2425 488 2490 quidam,
512 2424 728 2474 AEsacum
743 2464 755 2482 ,
782 2425 947 2473 Priami
968 2424 1130 2482 filium,
1164 2423 1386 2490 quondam
1419 2424 1467 2472 in
1489 2442 1664 2491 megum
1679 2462 1696 2491 ξ

289 2502 366 2569 qui
390 2511 485 2550 tum
505 2502 619 2551 forte
642 2502 817 2562 aderat,
839 2502 1074 2551 meminere
1099 2501 1471 2552 transformatum.

348 2617 455 2671 Lm.
476 2618 578 2664 XII.
623 2617 740 2665 Huic
761 2629 855 2666 tum
877 2617 1069 2666 Priamus
1089 2629 1233 2684 pater,
1261 2629 1470 2684 tanquam
1491 2628 1669 2666 mortuo
1686 2649 1702 2674 ‚

287 2693 516 2760 exsequias
535 2693 639 2742 fecit
653 2714 741 2743 una
758 2713 857 2744 cum
867 2694 998 2754 filiis,
1018 2707 1198 2762 excepto
1213 2695 1388 2752 Paride,
1414 2693 1554 2761 quiin
1574 2693 1717 2742 Grae--
