1832 3100
304 279 362 322 86
675 280 727 325 P,
768 279 999 326 ov1D11
1038 262 1362 328 NASONIS-

303 372 438 420 Terra
459 360 600 430 ferax,
632 373 736 422 dum
761 385 872 422 terra
899 374 1010 431 fuit;
1035 375 1112 423 sed
1131 387 1327 443 tempore
1350 377 1397 425 in
1419 377 1498 426 illo

306 449 414 522 Pars
438 450 590 508 maris,
617 450 666 498 'et⁴
685 449 799 499 latus
823 451 1070 499 subitarum
1093 471 1271 518 campus
1295 473 1519 519 aquarum.

1650 469 1714 505 315

302 526 436 573 Mons
460 526 525 573 ibi
549 527 786 575 verticibus
810 528 924 594 petit
945 528 1107 577 arduus
1128 541 1242 577 astra
1265 530 1441 579 duobus
1459 569 1471 590 ‚

241 650 243 653 ,
303 603 489 651 Nomine
512 604 754 661 Parnasus,
780 617 1044 671 superatque
1067 606 1288 654 cacumine
1309 607 1465 655 nubes.

302 678 387 726 Hie
407 678 486 727 ubi
510 679 774 738 Deucalion,
804 700 904 729 nam
931 693 1071 731 cetera
1095 693 1261 731 texerat
1282 700 1458 749 aequor,

301 757 414 805 Cum
439 770 642 806 consorte
668 758 752 806 tori
775 778 906 824 parva
928 770 1020 808 rate
1044 771 1192 808 vectus
1220 760 1426 818 adhaesit;

303 833 540 900 Corycidas
564 836 811 902 Nymphas,
837 849 881 885 et
900 837 1080 886 numina
1103 838 1268 886 montis
1292 838 1501 897 adorant,

298 967 375 994 turn
388 960 482 995 illam
497 969 628 996 terram
643 963 811 997 tenebant
827 973 834 995 ε
850 963 916 998 vid.
930 963 974 998 ad

298 1011 372 1055 III,
391 1013 420 1046 8.
444 1013 526 1046 Jam
542 1018 678 1057 separa!
678 1039 739 1048 ......
755 1018 845 1049 areis
860 1015 950 1050 soret
963 1042 972 1058 ,

298 1063 425 1098 Phocis
435 1064 616 1108 interjecta
632 1072 682 1099 est
696 1065 789 1099 inter
800 1067 972 1101 Boeotiam

297 1121 332 1147 et
358 1114 532 1155 Atticam3
558 1115 652 1161 quod
670 1123 721 1151 est
744 1116 972 1151 salsissiinum.

297 1168 415 1202 Immo
430 1170 564 1203 Boeotia
581 1178 716 1214 separat
728 1169 918 1205 Phocidem
930 1172 971 1205 ab

297 1222 423 1256 Attica.
448 1221 667 1267 Confugiunt
686 1235 769 1268 ergo
786 1236 904 1259 rursus
929 1224 972 1258 ad

295 1271 510 1319 hypallagen.
535 1273 583 1307 At
599 1274 674 1318 quis
690 1274 794 1309 talem
811 1274 968 1322 hypalla—

293 1337 362 1368 gen
374 1325 460 1359 serat
473 1325 479 1358 !
503 1324 593 1369 Quis
603 1338 676 1360 non
691 1326 802 1361 rideat
812 1334 949 1372 poetam
960 1353 969 1370 ,

296 1376 355 1419 qui
373 1376 520 1411 Batavos
546 1377 638 1412 inter
654 1379 908 1424 VVestphalos,
931 1387 970 1414 et

297 1427 451 1463 Saxones
474 1428 656 1464 inferiores
681 1431 854 1465 collocet?
885 1432 983 1466 Sine*

296 1479 403 1514 dubio
418 1481 459 1515 ab
476 1481 595 1516 Ovidii
611 1495 720 1516 manu
735 1483 833 1517 fluxit
853 1486 970 1518 OE‘laet‘s

292 1534 336 1565 ab
353 1536 453 1567 arms.
480 1533 571 1568 Nam
589 1533 714 1568 Phocis
729 1534 792 1568 sita
808 1542 860 1569 est
876 1536 969 1570 inter

296 1583 418 1618 OEtam
432 1592 592 1619 montem
607 1592 642 1619 et
652 1586 833 1621 Boeotiam.
851 1587 968 1622 Etiam

292 1637 342 1671 lh.
352 1638 429 1685 349,
438 1640 611 1683 proOEloeo
620 1639 761 1684 quidam
771 1640 968 1675 habentAc-

289 1694 361 1723 toeo.
384 1692 504 1726 Posset
525 1693 630 1726 etiam
652 1692 687 1726 h.
703 1693 723 1727 l.
740 1693 829 1739 legi5·
852 1696 968 1728 OEtaetls·

291 1743 335 1774 ab
340 1741 450 1785 jugis.
815 1753 824 1767 J

334 1793 410 1837 314.
432 1795 523 1828 Dum
539 1800 626 1829 terra
631 1796 715 1839 suit.
736 1796 965 1831 Val'ent‘talia

290 1844 332 1878 ad
370 1846 712 1881 commiserationem
759 1848 965 1883 faciendam.

291 1896 416 1940 Quum
427 1898 517 1942 jam,
535 1912 583 1932 vs.
597 1913 657 1946 291
672 1912 746 1945 sqq.
758 1925 768 1942 ,
782 1900 966 1934 lectoribus

287 1949 507 1992 inculcasset,
537 1953 655 1987 omnia
676 1960 824 1998 pontum
839 1955 941 1989 fuisse
953 1980 962 1996 ‚

287 2002 383 2037 idem
396 2018 469 2038 non
484 2006 632 2042 debebat
643 2019 741 2042 nunc·
749 2007 800 2042 bis
811 2036 820 2050 ,
833 2015 867 2043 et
877 2021 964 2043 vers.

288 2057 353 2091 318
369 2059 476 2092 semel
491 2085 500 2101 ‚
518 2061 639 2104 repeti.

282 2131 286 2135 ‹
329 2110 349 2143 3
357 2124 367 2144 1
376 2125 404 2155 7.
415 2114 597 2148 Parnasus.
607 2114 664 2148 Sic
674 2114 730 2147 lat.
740 2114 964 2149 scribendum

288 2167 366 2202 csse‘
377 2188 386 2206 ,
416 2176 490 2197 non
514 2166 707 2199 Parnassus
723 2192 730 2203 ,
762 2167 824 2200 etsi
851 2166 963 2201 Graeci

286 2218 460 2262 Hoelmoewo'g
473 2241 481 2258 ,
493 2222 616 2249 monet
630 2216 803 2251 Brouckh.
814 2218 855 2251 ad
872 2219 962 2252 Pro-

287 2272 374 2310 pert.
400 2267 456 2309 ΙΙ,
485 2278 602 2311 xxul,
633 2269 681 2302 13.
704 2287 749 2295 ·-
770 2271 959 2311 Parnasus,

284 2329 387 2351 mons
405 2317 566 2353 Phocidis
580 2345 590 2362 ‚
609 2322 736 2354 duobus
760 2323 938 2354 verticibus
951 2349 959 2362 ‚

284 2370 379 2404 unde
407 2374 560 2420 &cxbpufog
571 2397 580 2414 ,
610 2374 722 2416 biceps
752 2379 787 2407 et
819 2375 963 2407 bivertex

284 2421 412 2458 dicitur
436 2449 445 2465 ,
481 2435 633 2467 quorum
662 2424 748 2458 alter
781 2424 934 2469 Apollini
950 2451 958 2467 ,

282 2473 369 2506 alter
385 2474 522 2508 Baccho
538 2488 634 2509 sacer
649 2482 723 2510 erat
737 2489 744 2509 :
762 2476 890 2510 Lucan.
912 2477 958 2519 V,

282 2538 333 2569 '72-
363 2525 421 2560 Oh
447 2527 669 2562 altitudinem
692 2555 701 2572 ,
733 2542 800 2573 qua
826 2535 962 2574 superat

279 2579 399 2616 nubes,
419 2578 490 2612 sere
505 2592 644 2625 semper
658 2580 737 2615 nive
754 2581 883 2615 obsitus
895 2588 958 2615 est.

278 2627 396 2662 Schol.
417 2629 576 2674 Apollon.
590 2632 631 2665 ad
646 2633 701 2675 Η,
723 2633 784 2678 7ι3
796 2659 804 2675 ,
823 2640 858 2667 et
874 2633 957 2679 Ety—

278 2680 361 2714 mol.
375 2681 426 2714 M.
438 2682 475 2715 in
493 2688 666 2732 Παρνασσὸς
682 2684 848 2727 tradunt,
866 2697 956 2730 quo-

275 2731 372 2765 niam
394 2736 408 2773 q‘
429 2735 558 2782 λάρναξ,
577 2735 598 2768 i.
616 2748 645 2769 e.
663 2736 758 2770 navis
771 2736 956 2771 Deucalio-

270 2784 324 2818 nis
339 2797 443 2829 parva
453 2811 462 2828 ‚
476 2785 531 2820 hic
543 2786 742 2829 adhaeserit,
756 2787 839 2822 inde
853 2801 956 2822 mon·

1624 866 1625 870 ¹
1648 853 1714 888 320

1039 971 1112 999 tem
1139 964 1271 1000 dictum
1296 978 1367 1000 esse
1394 964 1591 1015 Λὸφνόισσὸς,
1617 964 1712 1009 unde

1037 1017 1204 1062 paulatim
1229 1018 1359 1051 sactum
1385 1017 1429 1052 sit
1459 1024 1550 1066 ssoepv.
1579 1017 1711 1063 Nugn!

1037 1068 1111 1103 Nec
1126 1068 1290 1103 audiendi
1306 1076 1388 1103 sunt
1406 1068 1462 1106 alii
1463 1095 1484 1112 a
1501 1068 1712 1115 ςιιίΒᾳιιω·

1035 1118 1167 1154 {ionem
1191 1119 1377 1163 deserunt,
1399 1120 1455 1154 vel
1476 1119 1519 1154 ad
1543 1119 1709 1162 AEtnam,

1037 1178 1076 1205 ut
1093 1172 1222 1218 Hygin.
1231 1197 1244 1215 ‚
1260 1172 1313 1206 vel
1325 1184 1405 1207 cum
1417 1171 1541 1222 Servio
1550 1171 1593 1206 ad
1606 1170 1710 1206 Atho.

1081 1224 1156 1258 318.
1180 1225 1249 1258 Hic
1269 1225 1538 1259 ubioeuoalion.
1563 1221 1709 1258 Deuca—

1035 1274 1120 1318 lion,
1134 1275 1337 1310 Promethei
1352 1275 1455 1319 filius,
1463 1275 1518 1310 vir
1525 1273 1663 1327 integer
1671 1284 1711 1309 ac

1035 1327 1121 1372 pius.
1139 1328 1219 1362 Vitl.
1238 1327 1370 1375 Hygia.
1386 1328 1452 1362 sab.
1473 1327 1545 1362 153.
1560 1329 1628 1362 Ed.

1078 1380 1152 1427 319.
1173 1382 1317 1414 Consors
1331 1383 1410 1420 lori,
1439 1387 1504 1415 etc.
1522 1380 1708 1430 ὅμὸλεκτρὶς,

1034 1431 1111 1466 alibi
1129 1433 1234 1466 etiam
1250 1435 1346 1467 socia
1360 1435 1428 1466 tori
1438 1438 1498 1466 aut
1507 1433 1711 1466 thalami.—

1031 1482 1267 1518 Adhoerescere
1292 1497 1388 1518 nunc
1413 1483 1560 1518 omnino
1583 1482 1709 1533 appel&

1032 1535 1103 1569 lere
1118 1562 1127 1579 ,
1145 1548 1255 1581 quum
1268 1549 1320 1581 pr.
1336 1535 1378 1569 de
1394 1535 1538 1570 navibus
1553 1534 1687 1569 dicatur
1698 1560 1708 1577 ,

1033 1600 1110 1633 quae
1126 1587 1167 1622 ad
1187 1588 1343 1633 scopulos
1360 1594 1420 1622 aut
1435 1587 1473 1621 in
1488 1586 1563 1621 loca
1583 1586 1709 1620 vadosa

1033 1638 1241 1682 deseruntur
1258 1665 1267 1683 ‚
1293 1652 1359 1674 uec
1386 1638 1468 1673 inde
1495 1637 1594 1675 avelli
1621 1650 1708 1683 pos—

1031 1699 1123 1726 sunt.
1141 1693 1258 1730 Etiam
1273 1692 1459 1727 SenemN.
1480 1687 1529 1736 Qss
1551 1691 1607 1726 HI
1619 1717 1628 1735 ,
1646 1704 1706 1737 27,

1031 1743 1075 1778 de
1106 1744 1236 1778 diluvio
1258 1757 1266 1779 :
1293 1747 1504 1779 Edt'ttkseimsst
1531 1746 1710 1789 quibusque

1030 1798 1245 1831 adherebant
1257 1800 1402 1842 reliquie
1416 1799 1547 1841 genere?
1561 1798 1708 1831 humant.

1029 1851 1185 1883 -Paroa
1195 1849 1481 1884 ralisill'assGraecis
1488 1850 1612 1898 λάρναξ,
1620 1847 1708 1883 rude

1029 1912 1218 1946 navigium.

1072 1953 1148 1986 320.
1168 1954 1353 1998 Corycidas
1367 1954 1550 2000 Nymphas.
1575 1954 1708 1999 Cotym-i-

1030 2007 1089 2039 des
1107 2012 1171 2040 -aut
1194 2007 1344 2051 Corycia
1363 2004 1537 2052 Nymphae
1549 2031 1559 2048 ,
1584 2004 1682 2040 Pllsti
1695 2031 1704 2048 ,

1031 2057 1251 2103 Delphorum
1264 2057 1361 2091 fluvii
1373 2083 1382 2100 ,
1399 2056 1496 2100 filiae,
1513 2055 1705 2104 Corycium

1028 2108 1065 2142 in
1092 2109 1244 2143 Parnaso
1271 2115 1411 2142 animm
1436 2107 1706 2143 inhabitabann
1773 2131 1780 2137 -

1031 2160 1193 2206 Aponon.
1206 2159 1273 2194 Rh.
1284 2161 1333 2203 11,
1348 2160 1585 2206 7133Paman.
1598 2158 1704 2196 Phoe.

1026 2225 1062 2257 p.
1079 2213 1139 2246 8-11
1155 2238 1164 2254 ,
1195 2212 1257 2256 877
1279 2222 1353 2256 sqq.
1373 2211 1523 2253 Strabo,
1551 2210 1607 2245 lib.
1627 2209 1678 2244 lx
1692 2235 1701 2253 ‚

1028 2267 1249 2319 γνωριμᾶτατον
1265 2267 1317 2299 καὶ
1338 2265 1483 2306 κάλλιςον
1500 2265 1534 2298 τό
1551 2265 1704 2308 Κωρύκιον

1024 2322 1161 2363 ’Νυμφῶν
1174 2319 1286 2366 ἄντρον.
1300 2316 1356 2350 Ab
1369 2316 1435 2350 hoc
1446 2315 1622 2349 diversum
1635 2313 1703 2348 Co-

1026 2367 1363 2415 ryciumantrumin
1376 2363 1496 2401 Cilicia
1506 2366 1600 2400 :vide
1613 2365 1704 2401 Bar-

1026 2433 1099 2454 nes.
1114 2420 1156 2454 ad
1181 2418 1338 2464 Euriptd.
1355 2417 1480 2452 Bacch.
1494 2432 1502 2459 ;
1518 2429 1605 2452 vers.
1627 2419 1702 2464 559.

1026 2472 1100 2506 Has
1122 2498 1131 2515 ,
1164 2478 1199 2505 et
1217 2467 1359 2515 ‘reliqua
1384 2472 1543 2509 numina,
1579 2469 1703 2517 quibus

1024 2536 1126 2559 mons
1134 2537 1242 2568 sacer,
1255 2524 1410 2558 adorant.
1422 2522 1584 2558 Notanda
1595 2522 1702 2557 etiam

1023 2579 1057 2613 h.
1081 2579 1103 2613 l.
1126 2579 1176 2613 est
1200 2578 1350 2626 syntaxis
1363 2605 1372 2622 ‚
1401 2576 1594 2613 Deucalion
1619 2587 1700 2611 cum

1022 2633 1171 2678 conjuge
1184 2634 1344 2674 adhaesit,
1364 2639 1416 2674 et,
1434 2632 1586 2665 adoram.
1603 2629 1701 2664 Solet

1022 2687 1118 2722 enim
1124 2687 1255 2722 Noster
1263 2686 1431 2731 pluralem
1439 2681 1646 2729 ponet-cmlxi
1656 2681 1699 2716 de

1022 2738 1126 2772 duob.
1137 2751 1200 2783 per
1206 2737 1487 2783 praepositionem
1492 2747 1565 2769 cum
1572 2733 1699 2778 iunctis

1021 2789 1098 2834 agit.
1108 2788 1448 2825 Bunm.-Adorant.
1458 2785 1562 2830 Vulg.
1569 2785 1700 2819 adorat.
