1832 3100
293 237 380 292 514

658 239 710 282 P.
751 240 986 306 ovrml
1023 238 1331 284 NASONIS

293 331 674 395 Marmoreamque
692 330 862 387 Paron,
883 349 1100 396 quamque
1117 331 1252 398 impia
1277 332 1474 398 prodidit
1490 333 1610 381 Arne
1638 347 1702 393 465

292 410 515 468 Sithonis,
542 422 719 476 accepto
734 448 745 468 ‚
773 410 893 477 quod
916 419 1040 459 aVara
1064 424 1357 477 poposcerat,
1383 433 1490 461 auro
1513 434 1522 461 :

292 490 466 536 Mutata
488 498 553 536 est
573 487 620 534 in
645 506 790 545 avem,
818 507 913 553 quae
936 506 1053 535 nunc
1078 506 1254 553 quoque
1280 488 1424 552 diligit
1446 509 1599 538 aurum
1619 509 1630 547 ;

290 564 426 626 Nigra
451 563 629 630 pedem,
654 564 792 626 nigris
816 563 954 612 velata
973 563 1207 612 monedula
1233 566 1404 631 pennis.

289 644 351 690 At
372 661 464 689 non
490 641 666 689 Oliaros
680 679 692 697 ‚
722 641 1008 707 Didymaeque
1023 678 1033 697 ‚
1060 653 1104 688 et
1123 642 1272 690 Tenos
1288 679 1299 700 ‚
1324 654 1368 690 et
1386 630 1587 703 Andros,

289 721 349 766 Et
375 718 568 783 Gyaros,
593 717 830 782 nitidaeque
857 717 976 764 ferax
999 717 1268 782 Peparethos
1294 717 1417 767 olivae
1432 756 1444 777 ,

1636 735 1701 782 47⁰

291 794 527 843 Gnosiacas
548 794 695 859 juvere
716 805 830 841 rates
852 813 860 840 :
882 793 1014 842 latere
1039 794 1141 842 inde
1166 795 1345 844 sinistro

290 872 542 938 OEnopiam
565 871 717 918 Minos
740 870 876 936 petit,
904 871 1124 918 AEacideia
1146 890 1291 933 regna.

289 948 541 1014 OEnopiam
562 959 727 996 veteres
755 947 1024 1014 adpellavere
1046 968 1056 996 :
1078 949 1154 996 sed
1177 949 1270 1014 ipse

290 1026 452 1075 AEaeus
477 1025 683 1087 AEginam
711 1025 943 1087 genetricis
964 1025 1142 1073 nomine
1167 1025 1288 1073 dixit.

285 1102 438 1150 Turba
461 1102 577 1160 ruit,
602 1113 818 1167 tantaeque
843 1101 983 1150 virum
1009 1122 1273 1165 cognoscere
1294 1102 1417 1150 famae
1636 1117 1702 1164 475

284 1227 512 1263 offendebant
533 1228 722 1263 nonnullos
735 1254 744 1271 ,
773 1235 812 1262 ut
832 1228 960 1275 Micyl—

283 1280 355 1314 lum
374 1287 409 1314 et
422 1279 629 1322 Heinsium,
650 1291 801 1325 quorum
812 1279 867 1313 ille
880 1292 962 1314 sua-

281 1333 383 1366 debat
409 1332 464 1366 vel
491 1333 736 1376 Florenlemque
765 1345 847 1366 auro
871 1333 884 1375 (
901 1338 961 1365 aut

282 1388 365 1420 viris
390 1384 406 1430 )
436 1387 464 1420 S
453 1399 538 1431 yron
551 1412 559 1425 ‚
599 1385 653 1419 vel
685 1387 868 1419 Hor-entem
894 1389 965 1419 viro

285 1439 296 1480 (
316 1437 448 1472 Achille
465 1464 474 1480 ,
510 1437 569 1482 qui
598 1437 657 1471 illo
688 1444 846 1482 tempore
873 1437 964 1483 apud

283 1490 522 1536 Lycomedem
556 1491 758 1525 servabatur
783 1491 796 1533 )
830 1491 963 1537 Scyron.

281 1542 352 1576 Hic
378 1542 527 1576 malebat
542 1568 550 1584 ,
577 1544 823 1587 Florenlemque
851 1545 964 1587 thymo

282 1594 434 1637 Cythnon
457 1592 511 1626 vel
535 1594 660 1636 Syron5
688 1592 963 1626 laudatissimum

284 1644 380 1678 enim
397 1643 499 1678 fuisse
526 1655 631 1676 omne
649 1643 718 1676 mel
745 1643 962 1690 Cycladium.

283 1695 367 1729 Sine
388 1707 498 1729 causa.
518 1697 656 1728 Florens
672 1696 794 1728 ct‘us‘las
815 1695 963 1728 omnino

282 1747 415 1792 pollens
425 1746 547 1790 opibus
559 1772 568 1788 ,
586 1746 760 1790 opulenta.
773 1744 846 1781 Cic.
861 1747 961 1782 Rosc.

286 1801 324 1834 18
339 1825 348 1842 ,
373 1798 523 1843 majores
541 1800 775 1841 rempublicam
781 1800 959 1842 florente&-

282 1855 401 1885 sz'nmm
426 1852 523 1884 nobis
547 1852 754 1894 reliquerunt.
778 1849 963 1884 Cornelius

282 1903 451 1948 Nepdoss
465 1927 474 1944 ,
492 1916 509 1935 2
522 1927 531 1944 ,
546 1902 846 1946 Decessilflorenle
852 1914 962 1945 tegno.

282 1956 460 1999 -Scyrom
475 1952 632 1997 Quidam
647 1966 727 1988 cum
746 1953 852 1988 MSS.
868 1966 964 1987 non-

283 2005 384 2040 nullis
401 2012 548 2039 tuentur
557 2006 679 2050 Syma,-
696 2018 777 2039 nam
791 2005 863 2039 haec
873 2018 962 2050 quo-

282 2072 348 2103 que
359 2071 428 2092 una
441 2071 480 2092 ex
492 2056 699 2104 Cycladibus
711 2071 718 2099 ;
739 2058 888 2102 reliquas
899 2057 960 2091 vass

283 2111 422 2144 rietates
432 2121 508 2153 quae
522 2109 640 2143 multae
654 2116 816 2146 suntnon
830 2117 961 2154 repeto.

322 2161 397 2209 465.
413 2162 698 2205 Illarmoreamque
715 2163 836 2195 Paron.
853 2160 961 2194 Paros

283 2213 388 2247 etiam
400 2225 470 2247 una
481 2225 498 2246 e
511 2211 719 2259 Cycladibus
728 2239 736 2255 ‚
751 2213 865 2257 primo
877 2213 959 2247 Pla-

282 2272 355 2307 tea,
375 2263 502 2298 deinde
522 2264 653 2298 Minois
676 2264 863 2308 appellata,
885 2277 960 2309 quae

279 2315 432 2360 lapidem
442 2314 619 2359 producit,
636 2327 741 2359 quem
756 2322 880 2349 vocant
891 2317 961 2350 Pa-

281 2367 392 2409 rium,
406 2366 446 2400 ad
459 2379 672 2401 marmoreas
684 2366 875 2411 sculpturas
891 2380 960 2412 ap·-

283 2415 465 2453 tissimum.
475 2419 541 2451 Ed.
557 2435 600 2444 ·-
620 2419 788 2462 Quamque
804 2425 868 2452 etc.
884 2419 959 2452 Fa-

282 2470 363 2504 bula
394 2470 511 2515 ignota
535 2496 544 2513 ,
578 2469 659 2503 hinc
688 2469 788 2503 lectio
817 2470 959 2504 incerta.

284 2523 457 2566 Revocavi
474 2522 638 2567 equidem
655 2528 810 2555 veterem
831 2535 849 2556 a
866 2523 958 2556 Bur-

281 2586 413 2608 manno
430 2581 563 2608 motam
571 2599 580 2616 ‚
600 2586 760 2618 quamque
769 2577 873 2618 impia
877 2587 959 2616 pro-

283 2627 372 2659 didit
391 2627 493 2660 Arne.
507 2643 551 2651 —-
568 2625 620 2660 Ex
641 2625 814 2659 sententia
841 2631 958 2659 tamen

283 2676 451 2711 Lactantii
468 2676 539 2722 lege
551 2677 645 2710 Arne
655 2703 664 2716 ‚
681 2676 898 2711 nominativo
909 2690 959 2711 ca-

281 2739 331 2761 su.
345 2728 410 2763 Ed.
429 2727 603 2761 Praeterea
617 2740 679 2772 pro
692 2729 840 2761 Sithonis
851 2729 958 2762 Hein-

1027 1229 1095 1264 sius
1112 1229 1252 1273 conjicit
1266 1230 1413 1272 Stphnon
1426 1256 1433 1268 ,
1449 1233 1483 1263 el
1493 1235 1648 1274 accepto,
1664 1238 1704 1266 ut

1027 1281 1174 1315 allusum
1185 1281 1228 1315 sit
1239 1280 1279 1315 ad
1300 1280 1510 1316 aurisodinas
1522 1281 1700 1327 Siphnias,

1027 1332 1070 1367 de
1095 1332 1218 1377 quibus
1243 1332 1342 1377 plura
1365 1333 1545 1377 congessit.
1573 1333 1698 1378 Certe,

1026 1398 1099 1420 non
1118 1385 1197 1420 satis
1214 1392 1356 1430 apparet
1367 1410 1376 1428 ‚
1399 1398 1461 1420 cur
1475 1384 1623 1432 Ovidius
1637 1386 1701 1421 in·-

1025 1438 1107 1472 sulae
1123 1437 1228 1482 ipsius
1246 1449 1379 1471 nomen
1393 1437 1549 1472 omiserit
1563 1445 1598 1472 et
1614 1438 1700 1483 peri-

1024 1490 1137 1535 phrasi
1153 1491 1296 1525 obscura
1308 1503 1390 1525 usus
1401 1491 1697 1533 sin—Monada,-

1026 1542 1106 1586 quia
1133 1554 1374 1587 saepenumero
1402 1547 1552 1578 monetas
1582 1556 1700 1579 aureas

1026 1595 1160 1638 aufert,
1184 1595 1265 1629 inde
1283 1608 1416 1630 nomen
1433 1597 1598 1644 accepisse
1616 1610 1701 1632 cre-

1029 1647 1186 1682 debatur.
1203 1666 1247 1674 ·-
1270 1650 1403 1690 Veluti,
1422 1649 1466 1684 de
1482 1650 1606 1694 pennis
1623 1676 1633 1693 ,
1664 1657 1702 1684 ut

1026 1697 1116 1732 XIII
1130 1723 1139 1741 ‚
1163 1699 1214 1732 53.

1068 1749 1141 1794 472.
1156 1750 1316 1792 OEnomb,
1329 1756 1363 1783 et
1377 1751 1505 1784 OEnone
1515 1756 1595 1784 ante
1611 1748 1702 1784 dicta

1025 1799 1081 1833 illa
1110 1799 1231 1835 insula.
1267 1800 1450 1846 Euripides
1477 1801 1515 1835 in
1544 1801 1701 1847 Iphigen.

1027 1850 1191 1897 Aul.699‚
1205 1855 1276 1890 Ζεύς
1286 1856 1397 1888 Azanio
1411 1853 1439 1887 δ”
1453 1856 1557 1899 ’ἔφυσεν
1565 1855 1702 1893 Οἰνώνης

1025 1905 1144 1950 πρόμον.
1156 1902 1209 1936 Ita
1218 1910 1253 1937 et
1264 1904 1468 1948 Pausanias,
1489 1903 1613 1950 Conp.
1629 1918 1700 1938 122.

1026 1954 1224 1999 Stephanus
1251 1954 1294 1989 de
1319 1955 1418 1991 Urbe
1444 1959 1564 1998 Οἰνώνη
1577 1982 1587 2000 ,
1614 1965 1702 1998 νῆσος

1024 2013 1084 2051 μία
1105 2015 1164 2042 τῶν
1180 2012 1345 2045 Αἶακίθων.
1369 2009 1463 2043 Hinc
1481 2016 1516 2044 et
1531 2010 1625 2045 huuc
1639 2010 1700 2044 lo·-

1025 2072 1107 2094 cum
1122 2059 1264 2104 quidam
1279 2060 1515 2095 emendarunt
1533 2062 1700 2096 OEnoncn:

1024 2112 1097 2146 sine
1128 2125 1237 2147 causa.
1269 2113 1413 2147 Etenim
1439 2120 1474 2148 et
1498 2113 1671 2149 Pindarus
1688 2142 1697 2157 ,

1025 2164 1109 2198 Isth.
1126 2175 1216 2207 v111,
1237 2165 1278 2206 43
1289 2191 1298 2207 ,
1322 2171 1411 2200 νᾶσον
1429 2170 1574 2201 Οἰνοπίαν
1591 2166 1675 2201 dixit
1689 2193 1696 2209 ,

1025 2222 1060 2249 et
1068 2216 1195 2250 Noster
1205 2228 1286 2249 mox
1299 2218 1439 2261 OEnopie·
1446 2221 1539 2252 muri.
1546 2218 1699 2252 Nomina

1025 2273 1141 2301 autem
1155 2266 1313 2311 ejusdem
1328 2267 1392 2302 loci
1402 2268 1534 2303 diversa
1544 2269 1591 2303 sic
1602 2282 1701 2304 com:-

1025 2325 1269 2352 memorantur
1294 2326 1329 2353 et
1351 2319 1429 2354 alibi
1454 2333 1472 2354 a
1495 2321 1604 2365 poetis
1621 2347 1630 2364 ,
1661 2329 1700 2356 ut

1026 2370 1108 2403 AEn.
1133 2371 1171 2413 Ι,
1197 2370 1268 2404 108.
1289 2388 1333 2395 —
1358 2373 1518 2414 AEginam
1533 2378 1597 2406 etc.
1618 2372 1698 2407 Vid.

1023 2420 1220 2455 Munkerus
1232 2421 1274 2454 ad
1292 2422 1425 2468 Hygini
1443 2422 1595 2457 fabulam
1612 2426 1663 2457 52.

1068 2473 1142 2516 474.
1163 2474 1300 2507 AEacus.
1317 2473 1467 2507 AEacum
1484 2474 1581 2509 Jovis
1595 2475 1698 2510 fuisse

1023 2522 1135 2556 filium
1151 2531 1285 2558 constat
1296 2537 1304 2558 ι
1315 2525 1370 2558 cui
1381 2532 1450 2560 tres
1460 2527 1603 2560 suerunt
1615 2525 1675 2559 filii
1688 2552 1697 2568 ,

1025 2573 1196 2608 Telamon
1209 2601 1216 2614 ‚
1237 2576 1362 2610 Peleus
1373 2583 1407 2611 et
1419 2576 1567 2611 Phocus.
1578 2576 1633 2610 De
1646 2575 1699 2611 his

1023 2625 1101 2659 vide
1119 2625 1162 2660 ad
1179 2627 1254 2670 XI,
1274 2627 1346 2672 267.
1367 2646 1411 2654 -·
1428 2630 1577 2664 Nomine.
1604 2627 1698 2662 Hinc

1023 2684 1099 2712 orta
1123 2677 1275 2712 Junonis
1300 2679 1444 2722 invidia,
1475 2679 1694 2723 immissaque

1023 2728 1227 2772 pestilentia.
1241 2731 1305 2764 Ed.
