1832 3100
388 226 1109 275 METAMORPHOSEON
1145 227 1278 273 LIB.
1312 229 1350 271 I.
1522 223 1578 273 83

157 325 358 391 Cumque
381 322 488 372 satis
507 320 690 370 arbusta
714 317 874 377 simul,
900 318 1203 386 pecudesque,
1225 320 1457 386 virosque,

155 403 405 468 Tectaque;
432 399 620 466 cumque
644 398 736 447 suis
757 397 939 465 rapiunt
960 397 1201 465 penetralia
1226 399 1374 446 sacris.

156 479 205 528 Si
233 498 320 546 qua
342 477 500 526 domus
522 476 686 524 mansit
703 514 715 534 .,
741 475 980 543 potuitque
1002 476 1206 525 resistere
1232 487 1355 525 tanto

154 555 377 623 Indejecta
398 555 537 614 malo,
564 554 740 604 culmen
763 566 910 603 tamen
933 553 1065 602 altior
1083 553 1218 619 hujus

156 638 290 688 Unda
314 639 447 702 tegit,
472 655 723 706 pressaeque
745 636 897 686 labant
920 637 1005 685 sub
1030 637 1206 699 gurgite
1231 648 1387 685 turres.

1523 662 1589 698 290

155 723 345 790 Jamque
365 740 485 782 mare
507 733 552 771 et
575 719 707 770 tellus
730 719 903 768 nullum
928 719 1167 777 discrimen
1190 719 1429 768 habebant.

157 805 322 855 Omnia
343 816 512 872 pontus
535 815 681 861 erant;
704 803 886 853 deerant
909 821 1087 870 quoque
1113 802 1243 850 litora
1266 814 1420 869 ponto.

158 889 363 956 Occupat
386 888 459 937 hic
483 885 646 936 collem
672 906 683 935 ε
713 887 868 954 cymba
893 886 1016 935 sedet
1039 885 1149 934 alter
1170 885 1362 944 adunca,

145 1031 270 1077 fmus
282 1033 431 1074 cumulo,
449 1043 718 1077 camposqueper
729 1043 843 1066 onmes
901 1035 1017 1076 petum
1047 1032 1179 1074 ingenii
1209 1036 1245 1064 et
1273 1032 1420 1064 materie
1446 1031 1592 1074 pueriles

159 1089 241 1122 Cum
257 1089 404 1122 stabulis
421 1091 572 1132 armenta
587 1088 702 1120 trahit.

198 1141 274 1186 287.
281 1140 406 1174 Sacris.
412 1139 529 1182 Sacra,
539 1139 722 1173 simulacra
731 1139 842 1173 Pena-

153 1199 234 1228 tum
249 1204 402 1238 quorum
415 1191 563 1226 sacraria
574 1196 676 1225 erant
682 1196 843 1235 penetra-

155 1243 301 1279 11·a.vid.
315 1242 431 1278 Cerda
441 1243 483 1278 ad
491 1242 590 1289 Virg.
601 1242 684 1277 AEn.
698 1243 748 1286 ll,
763 1243 838 1291 293,

157 1303 192 1331 et
203 1295 332 1344 Heyne
344 1295 426 1330 Exc.
437 1295 499 1330 IX.
510 1295 714 1335 ——Manere‚
726 1311 842 1340 μενειν,

157 1347 326 1384 dicuntur
343 1359 421 1394 quae
435 1354 566 1382 statum
582 1359 685 1382 suum
700 1353 842 1381 servant

156 1399 410 1436 immota2Liv.
420 1399 530 1443 XXI,
551 1400 603 1434 58.

201 1453 277 1500 289.
291 1452 477 1497 Indelkcta.
502 1450 660 1496 Quidam
677 1452 841 1495 indis-lbe-

155 1509 212 1548 ta,
232 1504 327 1550 quod
339 1503 464 1550 probat
479 1504 678 1539 Burmann.
689 1503 732 1538 ad
748 1503 838 1548 XII,

160 1569 243 1606 109,
262 1556 323 1592 ubi
338 1555 463 1601 docet,
483 1556 618 1601 datm-i,
643 1568 721 1602 quae
737 1569 840 1606 ever-

156 1615 280 1644 tantur
296 1614 332 1643 et
348 1607 576 1643 destruantur
592 1608 638 1643 ita
649 1635 658 1652 ‚
677 1615 716 1643 ut
733 1609 770 1642 in
788 1608 840 1643 di-

155 1664 270 1696 versas
281 1667 397 1708 partes
410 1660 508 1706 quasi
518 1660 607 1706 jacta
621 1661 840 1707 frangantur.

199 1724 276 1761 ²9⁰·
303 1713 443 1748 Labant
465 1725 530 1759 pro
557 1715 667 1747 latent
687 1712 841 1748 restituit

155 1766 303 1811 Heins.,
321 1780 340 1802 e
358 1763 484 1802 senec.
501 1766 545 1803 N.
566 1766 614 1812 Q.
632 1767 711 1810 111,
733 1781 840 1812 27.—

160 1819 299 1861 Turres,
322 1831 417 1854 arces
433 1831 558 1865 regum
585 1819 840 1864 beatorumque

153 1869 343 1906 hominum
361 1871 501 1907 altiores
519 1898 529 1916 ,
558 1878 619 1906 aut
638 1870 782 1906 aedificia
802 1871 842 1905 iu

154 1935 239 1958 mon
245 1923 335 1959 tibus
344 1930 531 1959 exstructa:
540 1923 623 1959 tales
631 1931 843 1968 turres,qua-

154 1975 204 2011 les
212 1988 278 2012 nos
287 1975 424 2011 habem.
429 1977 625 2023 ‚ignoravit
632 1976 742 2022 prisca
751 1983 842 2010 aetas.

199 2041 281 2077 292-
265 2028 359 2064 ·.308
374 2031 498 2064 Omma
502 2034 628 2073 pontus
639 2034 744 2063 erant.
755 2028 839 2062 Lau

156 2078 216 2114 (lat
230 2081 354 2115 Burm.
370 2080 517 2115 Anthol.
532 2081 588 2115 lib.
605 2081 639 2114 11
654 2092 756 2125 ‚.cap
773 2091 818 2114 xz
829 2106 839 2124 ,

160 2130 238 2175 234,
249 2131 309 2166 uhi
321 2131 364 2166 de
376 2131 443 2167 hoc
452 2131 596 2175 diluvio,
607 2134 714 2182 ὒθωρ
699 2147 744 2166 οτι
754 2129 842 2167 πάντ’

158 2187 293 2228 ἐγενήθη.
307 2202 352 2210 -
373 2186 527 2219 Deerant
544 2192 609 2219 etc.
627 2184 714 2219 Haec
735 2184 841 2218 verba

156 2236 212 2279 vix
242 2237 324 2272 ferri
351 2244 496 2283 possunt
511 2252 520 2280 ;
555 2237 643 2272 adeo
672 2239 841 2284 languent

155 2296 235 2336 post
245 2291 509 2326 antecedentia!
522 2291 593 2327 Sed
605 2292 641 2326 in
656 2292 753 2326 omni
768 2304 840 2337 seq.

154 2343 232 2379 loco
249 2344 442 2380 accusanda
461 2352 513 2380 est
536 2345 688 2380 luxuries
708 2346 840 2392 ingenii

156 2395 325 2432 Ovidiaui
337 2424 347 2442 ,
365 2405 511 2444 propter
525 2399 672 2433 nimiam
684 2397 841 2445 longitu-

154 2447 276 2484 dinem
289 2476 299 2493 ,
314 2457 460 2496 propter
471 2451 658 2495 minutias,
675 2463 759 2496 quas
771 2463 840 2486 sec-

154 2507 268 2544 tatur,
288 2508 325 2536 et
346 2501 439 2547 quod
458 2503 631 2537 nonnulla
646 2515 755 2549 prope
776 2503 839 2547 jo·-

153 2565 232 2588 cosa
249 2552 402 2589 admixta
420 2562 504 2590 sunt
515 2581 525 2599 ,
552 2568 629 2602 quae
647 2556 839 2591 abhorrent

155 2618 175 2640 a
200 2613 308 2641 tantae
335 2606 439 2643 cladis
467 2607 710 2655 descriptione.
741 2610 837 2644 Vere

156 2657 280 2694 Senec.
299 2659 342 2695 N.
360 2658 408 2704 Q.
426 2660 503 2702 111,
524 2675 563 2708 ²7
576 2687 585 2705 ,
605 2654 663 2696 ubi
680 2661 713 2698 h.
731 2661 752 2696 1.
771 2674 836 2696 re—

155 2719 275 2748 censet
293 2726 301 2748 :
326 2714 394 2748 Pro
409 2716 638 2758 magnitudine
654 2718 708 2749 rei
723 2717 813 2748 dixit
826 2727 837 2749 .-

159 2763 295 2801 Omnia
306 2773 435 2812 pontus
450 2773 514 2802 etc.
527 2794 536 2811 ,
554 2770 627 2802 nisi
637 2771 766 2802 tantum
778 2770 836 2801 im-

905 1088 1053 1129 ineptias
1071 1086 1261 1119 reduxisset
1279 1095 1290 1115 1
1314 1084 1383 1118 Nat
1408 1084 1509 1130 lupus
1526 1092 1591 1120 etc.

906 1139 983 1171 Non
994 1142 1049 1171 est
1056 1150 1109 1171 res
1121 1139 1208 1171 salis
1217 1138 1349 1176 sobria,
1371 1139 1527 1172 lascivire
1538 1141 1593 1171 de-

908 1193 1022 1223 vorata
1038 1191 1115 1223 orbe
1130 1193 1301 1223 terrarum.
1319 1188 1515 1234 Exspatiata
1528 1196 1594 1223 etc.

907 1242 1090 1287 Magmfice
1108 1243 1172 1275 hoc
1184 1268 1192 1281 ‚
1220 1244 1257 1275 s1·
1274 1254 1339 1275 non
1364 1244 1497 1275 curavit
1513 1243 1598 1286 quid

907 1307 984 1328 oves
998 1299 1035 1328 et
1047 1296 1122 1337 lupi
1123 1294 1275 1338 faciant.
1293 1294 1422 1327 Nalm-i
1433 1297 1544 1326 autem
1556 1296 1593 1327 in

906 1346 1033 1380 diluvio
1036 1349 1154 1390 potest
1163 1347 1182 1381 Ρ
1193 1351 1259 1380 etc.
1272 1345 1408 1380 Primas
1424 1352 1542 1379 autem
1558 1345 1592 1379 h.

906 1397 927 1431 l.
938 1397 1048 1432 lineas
1062 1398 1152 1432 Hor.
1164 1398 1180 1432 Ι
1193 1424 1202 1441 ,
1218 1396 1290 1432 Od.
1308 1409 1358 1441 11,
1373 1398 1458 1431 6-12
1472 1396 1569 1432 duxit
1582 1425 1591 1442 ‚

907 1449 967 1495 qui
983 1457 1018 1485 et
1030 1450 1100 1496 ipse
1118 1450 1189 1495 jam
1205 1450 1357 1496 antiquis
1374 1449 1512 1485 Criticis
1524 1450 1593 1485 dis-

905 1501 1035 1548 plicuit.
1052 1502 1182 1549 Porph.
1199 1503 1241 1537 ad
1260 1503 1357 1538 illum
1375 1504 1492 1538 locum
1505 1517 1513 1537 ι
1525 1505 1595 1537 le·-

906 1558 990 1590 viler
998 1583 1005 1596 ‚
1025 1555 1141 1601 inquit
1154 1582 1163 1599 ‚
1182 1558 1218 1590 in
1231 1569 1267 1590 re
1278 1560 1346 1590 (am
1358 1559 1471 1590 atroci
1479 1558 1594 1600 elpis-

904 1612 993 1642 cium
1003 1609 1274 1652 etpalumbarum
1283 1612 1442 1642 meminit.
1462 1608 1593 1643 Iisdem

905 1661 994 1696 vitiis
1014 1661 1105 1695 infra
1125 1661 1185 1704 ΙΙ,
1204 1662 1271 1696 sab.
1290 1673 1303 1696 1
1316 1689 1325 1706 ,
1348 1661 1503 1696 incendii
1520 1661 1591 1696 de—

903 1714 1045 1761 scriptio
1058 1714 1200 1750 laborat.
1211 1734 1255 1741 ——-
1264 1715 1377 1763 Spero
1389 1728 1446 1749 me
1462 1714 1592 1749 habere

905 1781 976 1814 quo
987 1769 1156 1803 Nostrum
1173 1769 1215 1803 ab
1228 1768 1292 1803 hac
1307 1767 1526 1814 sugillatione
1542 1781 1591 1802 as-

906 1835 1021 1857 seram
1039 1837 1047 1862 ;
1086 1821 1190 1867 idque
1216 1820 1380 1867 principis
1408 1823 1594 1866 poetarum

907 1875 1077 1921 exemplo.
1107 1875 1231 1919 Neque
1261 1873 1358 1908 enim
1389 1872 1445 1907 hic
1464 1900 1472 1914 ,
1512 1873 1593 1908 alibi

906 1928 997 1962 sorte
1013 1954 1022 1970 ,
1049 1926 1202 1970 lascivit,
1226 1925 1286 1961 sed
1307 1925 1398 1960 serio
1421 1932 1455 1960 et
1477 1925 1591 1960 sobrie

908 1987 1007 2015 curat
1018 1978 1102 2025 quid
1121 1985 1198 2024 agat
1212 1978 1313 2025 lupus
1324 1978 1419 2013 inter
1432 1991 1532 2020 oves;
1553 1985 1592 2013 ut

908 2032 967 2077 qui
979 2031 1095 2067 salutis
1104 2044 1174 2066 suae
1182 2037 1311 2078 satagat
1321 2044 1393 2065 non
1404 2031 1591 2076 respiciens

907 2084 1060 2131 praedam
1079 2110 1088 2128 ,
1119 2083 1182 2119 sibi
1212 2083 1397 2130 prospiciat
1416 2110 1424 2127 ,
1459 2084 1591 2130 rapinae

907 2136 1028 2182 utique
1043 2135 1242 2171 immemor.
1251 2135 1374 2181 Virgil.
1390 2135 1519 2181 Georg.
1533 2136 1590 2170 lib.

907 2190 984 2233 III,
1005 2203 1093 2225 vers.
1116 2190 1178 2235 537
1194 2216 1202 2232 ,
1221 2190 1259 2224 in
1276 2188 1486 2237 hypotyposi
1505 2189 1590 2224 dirae

906 2249 942 2277 et
955 2242 1074 2276 omnia
1087 2241 1285 2288 populantis
1296 2241 1399 2287 pestis
1409 2269 1416 2280 ,
1432 2248 1509 2287 post
1520 2249 1595 2276 tau-

904 2307 981 2339 ros,
997 2307 1105 2340 equos
1117 2321 1126 2339 ,
1144 2307 1241 2339 sues,
1262 2294 1422 2329 homines
1434 2321 1443 2337 ,
1462 2294 1590 2331 hostias

904 2346 961 2381 lue
973 2347 1131 2393 abreptas
1144 2374 1153 2391 ,
1167 2347 1285 2392 adjicit
1297 2347 1429 2381 etseras
1437 2347 1567 2391 rapinae
1578 2373 1588 2390 ‚

904 2411 974 2444 prae
993 2399 1133 2445 langore
1147 2426 1156 2443 ,
1171 2399 1420 2440 immemores,
1440 2398 1590 2444 promis—

903 2464 966 2486 cue
987 2451 1081 2486 inter
1098 2459 1248 2487 assuetas
1265 2450 1396 2496 praedas
1415 2451 1589 2485 obambu-

903 2505 973 2540 lare
984 2518 990 2540 :
1004 2507 1080 2540 Non
1092 2507 1192 2550 lupus
1200 2506 1346 2539 insidias
1357 2507 1512 2548 explorat
1519 2508 1592 2539 oui-

902 2560 952 2592 lia
976 2561 1117 2599 circum,
1146 2559 1219 2591 Nec
1235 2559 1390 2608 grebribus
1409 2561 1591 2592 nocturnus

903 2611 1099 2644 obambulat
1104 2621 1114 2651 ,·
1128 2621 1235 2654 quare
1246 2608 1260 2642 ?
1271 2612 1383 2643 acrior
1390 2611 1485 2643 illum
1500 2611 1588 2644 Cura

903 2663 1040 2695 domat:
1053 2664 1167 2696 timidi
1176 2663 1282 2696 damoe
1292 2689 1300 2702 ‚
1320 2664 1469 2707 cervique
1472 2662 1586 2706 suga-'-

901 2726 975 2755 ces,
1001 2715 1098 2747 Nunc
1113 2717 1259 2759 interque
1273 2726 1375 2750 canes
1385 2742 1395 2758 r
1414 2717 1449 2748 et
1469 2717 1591 2749 circum

901 2770 991 2801 tecta
1008 2770 1182 2811 vagantur.
1202 2766 1267 2802 Ed.
