1832 3100
290 212 373 254 126

659 215 710 257 Ρ,
748 215 999 260 OVIDII.
1030 217 1329 263 NASONIS

289 326 311 346 »
339 303 604 366 Virginitate
620 306 764 354 Deam
790 326 801 354 :
823 307 912 356 ritu
936 327 1115 375 quoque
1139 310 1281 359 cincta
1302 311 1454 360 Dianae

1639 329 1707 375 695

289 408 311 428 »
339 385 549 444 Falla-et,
569 399 613 435 et
634 388 752 436 credi
775 401 930 455 posset
952 390 1161 449 Latonia,
1188 392 1223 438 si
1248 411 1340 439 non

287 489 310 510 >›
339 468 540 516 Corneus
560 468 666 516 huic
685 488 837 528 arcus,
864 471 900 518 si
925 488 1014 518 non
1035 471 1150 521 foret
1170 492 1327 522 aureus
1348 473 1414 521 illi
1435 493 1445 522 :

284 571 307 591 »
335 549 407 597 Sic
433 569 611 616 quoque
634 549 815 599 fallebat
841 572 851 598 ε
878 552 1132 601 redeuntem
1156 554 1267 602 colle
1290 556 1433 622 Lyceo

284 652 309 674 »
336 631 430 679 Pan
452 631 571 680 videt
595 632 731 690 hanc,
758 633 958 699 pinuque
983 646 1115 700 caput
1134 635 1396 701 praecinctus
1422 649 1547 685 acuta
1562 675 1574 696 ‚

287 734 310 755 »
337 712 462 772 Talia
484 713 615 761 verba
638 714 785 762 refert.
818 737 839 756 ³>
871 715 1087 763 Restabat
1109 716 1240 764 verba
1262 717 1449 776 referre3

1643 746 1707 779 700

280 796 343 842 Et
363 795 571 861 precibus
596 796 756 862 spretis
779 795 945 858 fugisse
968 816 1048 863 per
1071 798 1165 847 avia
1187 799 1436 866 Nympham
1451 837 1462 858 ‚

282 944 440 980 cundum
463 944 613 978 Homer.
629 944 664 979 h.
682 944 797 990 Apoll.
815 956 879 979 XVI
892 973 902 989 ,
925 946 963 981 in

282 996 393 1031 insula
427 995 576 1043 Ortygia
612 1003 694 1030 nata
728 996 936 1031 credebatur
953 1023 962 1040 ‚

284 1048 584 1093 quemadmodum
596 1048 723 1093 Apollo
732 1048 769 1082 in
779 1048 880 1083 Delo.
897 1049 965 1084 Alii

283 1115 367 1136 vero
377 1101 522 1144 volunt,
534 1101 668 1136 Delum
677 1128 686 1145 ,
699 1102 734 1135 in
750 1114 818 1146 qua
833 1102 966 1137 Latona

285 1161 321 1189 et
338 1154 493 1188 Dianam
512 1160 546 1188 et
565 1153 769 1199 Apollinem
786 1154 885 1188 enixa
900 1155 943 1190 sit
957 1182 967 1199 ,

284 1206 350 1240 alio
361 1205 507 1239 nomine
526 1204 713 1252 Ortygiam
731 1218 802 1240 esse
820 1205 968 1241 dictam:

285 1259 364 1294 vide
378 1258 570 1304 Spanhem.
585 1258 628 1292 ad
648 1258 785 1293 Callim.
800 1259 834 1293 h.
854 1259 967 1305 Apoll.

285 1314 341 1358 59,
353 1317 388 1344 et
398 1309 749 1350 Del-255.—-Slud1'is,
758 1310 944 1345 venatione
956 1325 964 1352 ;

283 1365 399 1402 studia
414 1362 511 1397 enim
527 1363 605 1396 vitae
626 1375 735 1408 genus
749 1389 758 1405 ,
781 1363 874 1407 quod
892 1363 967 1409 quis

284 1418 347 1452 sibi
365 1416 494 1462 delegit
508 1442 518 1459 ‚
547 1429 617 1461 quo
647 1416 797 1450 trahitur
821 1418 885 1451 :cs.
907 1418 963 1460 V,

285 1470 359 1515 257.
371 1468 464 1503 'NIale
476 1468 582 1513 igitur
596 1467 688 1502 Rod.
705 1478 712 1499 :
729 1472 791 1502 mit
802 1470 852 1502 Ei
863 1482 907 1502 er.
922 1487 966 1494 —

285 1523 447 1557 Colebul.
467 1520 687 1563 imitabatur,
706 1520 742 1553 in
764 1533 834 1564 quo
856 1533 965 1565 genus

282 1573 404 1607 cultus.
413 1590 458 1597 -
468 1573 621 1616 Ipsaque,
633 1578 735 1616 atque
748 1571 850 1605 adeo:
861 1585 965 1617 supra

284 1641 371 1661 vers.
388 1626 452 1672 476
464 1639 471 1660 ;
486 1627 637 1670 Iauuploe
647 1628 766 1659 oemula
780 1627 930 1659 Pbaebes.

325 1681 402 1728 695.
422 1678 560 1714 Imm...
582 1680 715 1713 Diam.
740 1678 854 1723 Supra
870 1691 963 1723 genu

282 1733 394 1768 cincta
411 1738 486 1765 erat
505 1741 512 1762 t
530 1730 609 1765 vide
623 1731 755 1776 Spanh.
767 1730 810 1764 ad
826 1730 962 1765 Gallim.

282 1785 315 1820 h.
333 1785 440 1819 Dian.
457 1795 495 1817 XI
507 1811 515 1826 ,
537 1798 610 1818 212.

324 1837 400 1884 696.
419 1838 584 1870 Fallebal.
603 1836 645 1870 In
661 1848 703 1869 eo
717 1835 869 1869 multum
887 1835 962 1870 lau—

281 1889 332 1930 dis
348 1903 358 1923 .-
376 1890 408 1922 V
423 1915 433 1932 ,
460 1887 502 1922 ad
531 1887 609 1930 ΙΙΙ,
641 1889 712 1922 182.
735 1906 780 1912 --
803 1888 961 1923 Latonia.

280 1941 396 1976 Diana
408 1968 416 1981 ‚
436 1940 579 1973 Latonae
596 1938 675 1973 filia.
693 1940 758 1974 Ed.

324 1994 399 2040 697.
414 1992 557 2025 Aureus.
574 1990 698 2025 Dianae
714 1997 814 2024 erant
830 1994 963 2041 παγχρύ-

283 2062 337 2081 σεοι
355 2047 428 2088 τόξα
446 2044 614 2076 ῖΗοῐηεΓ.
631 2042 665 2076 h.
679 2054 706 2075 11
718 2069 727 2085 ,
746 2042 782 2075 in
800 2042 904 2076 Dian.
921 2045 959 2084 5;

281 2096 404 2142 Vir-gil.
418 2094 559 2128 AEneid.
573 2095 626 2128 XI
640 2121 648 2134 ‚
663 2094 738 2128 652.
755 2094 886 2138 Magna
899 2107 962 2127 au—

280 2157 355 2184 tem
372 2148 408 2182 in
425 2147 478 2181 his
496 2145 671 2192 Nymphae
688 2145 961 2179 commendatio.

282 2200 466 2236 Claudian.
483 2200 525 2234 35
538 2225 547 2241 ,
566 2199 610 2244 39
624 2224 633 2240 ,
659 2197 701 2231 de
725 2199 935 2243 Proserpina
951 2212 959 2233 :

279 2258 396 2290 Potuit
408 2255 519 2288 videri
530 2253 652 2285 Pallas
662 2278 670 2291 ‚
689 2254 883 2296 siclypeum
899 2278 908 2295 ,
930 2256 967 2286 si

270 2308 381 2351 serre!
394 2300 536 2348 spicula,

321 2359 397 2406 699.
408 2359 494 2397 Pau,
509 2355 677 2389 Arcadius
688 2354 800 2395 Deus,
817 2356 960 2401 Lyceum

279 2412 316 2445 in
344 2408 464 2455 primis
487 2414 522 2441 et
548 2406 742 2440 Maenalum
755 2432 764 2449 ,
804 2406 960 2441 Arcadiae

280 2468 431 2501 montes,
446 2459 597 2493 incolere
610 2457 835 2492 credebatur:
846 2456 961 2491 Theo-

278 2514 353 2547 crit.
382 2511 433 2546 Id.
452 2511 467 2545 I
483 2537 491 2553 ,
522 2509 603 2550 123;
628 2509 749 2554 virgil.
774 2507 901 2553 Georg.
921 2508 959 2550 Ι,

283 2566 322 2600 15
335 2580 343 2607 ;
360 2565 484 2599 Horat.
499 2563 564 2603 IV,
585 2561 656 2597 Od.
669 2573 733 2596 ΧΠ.
747 2561 800 2596 Ibi
814 2561 961 2595 habebat

280 2623 379 2650 antra
394 2641 403 2658 ,
421 2615 457 2648 in
478 2614 601 2658 quibus
618 2627 637 2647 a
653 2613 839 2646 venatione
854 2613 960 2646 sessus

279 2667 445 2701 recubare
461 2666 614 2700 solebat:
636 2665 773 2699 Callim.
797 2664 831 2698 h.
854 2663 961 2698 Dian.

281 2720 321 2764 87
333 2731 405 2763 sqq.
422 2718 527 2752 Sacra
540 2717 571 2752 ei
582 2721 777 2760 examinas,
798 2721 901 2757 πίτυς,
920 2715 960 2749 si-

1030 947 1151 982 milem
1168 948 1212 982 ob
1232 961 1370 983 causam
1382 975 1391 992 ‚
1410 949 1455 983 ob
1472 961 1578 994 quam
1592 949 1710 995 laurus

1031 1000 1196 1046 Apollini.
1229 1002 1326 1048 Pitys
1356 1002 1452 1036 enim
1479 1010 1514 1038 et
1535 1003 1606 1048 ipsa
1625 1003 1708 1038 olim

1031 1053 1145 1098 puella
1157 1054 1269 1087 suerat
1283 1081 1292 1096 ‚
1309 1068 1414 1099 quam
1425 1063 1600 1090 amaverat
1615 1057 1689 1091 Pan
1702 1070 1710 1091 :

1032 1102 1099 1137 vid.
1112 1103 1287 1138 Brouckh.
1301 1105 1344 1138 ad
1361 1106 1521 1151 Propert.
1535 1106 1552 1141 I
1567 1133 1576 1150 ,
1591 1117 1686 1141 xvut
1698 1134 1707 1151 ,

1032 1167 1086 1188 20.
1101 1155 1222 1200 Itaque
1237 1163 1340 1200 caput
1352 1158 1562 1203 praecingere
1578 1158 1709 1193 solebat

1025 1210 1126 1249 pinu,
1145 1207 1178 1241 h.
1191 1207 1412 1243 e.srondibus
1425 1209 1535 1254 pineis
1546 1236 1554 1249 ‚
1578 1221 1708 1244 corona

1032 1257 1133 1302 pinea
1148 1284 1157 1300 ,
1179 1258 1273 1302 quod
1292 1265 1326 1292 et
1346 1259 1458 1293 Fauni
1482 1261 1595 1294 facere
1610 1260 1708 1294 sole—

1031 1309 1117 1343 bant
1132 1322 1140 1343 :
1159 1310 1308 1345 Herold.
1335 1312 1368 1344 V
1389 1337 1398 1355 ,
1445 1312 1516 1358 137.
1552 1313 1709 1347 Vocatur

1031 1365 1151 1401 acula,
1164 1362 1270 1396 etiam
1284 1361 1328 1396 A.
1340 1362 1382 1398 A.
1397 1363 1451 1407 ΙΙ,
1464 1365 1544 1407 424,
1555 1365 1707 1398 aforma.

1033 1413 1085 1447 Ita
1102 1420 1137 1447 et
1151 1413 1207 1448 ins
1204 1427 1242 1447 ra
1255 1427 1430 1458 cupressus
1441 1420 1554 1451 acuta.
1572 1415 1635 1450 Est
1645 1428 1710 1450 au-

1032 1472 1104 1499 tem
1110 1470 1215 1509 pinus
1230 1466 1315 1512 (qua
1326 1467 1396 1513 ipse
1411 1469 1542 1514 Lyceus
1558 1469 1709 1504 abunda-

1029 1517 1089 1551 bat
1100 1544 1108 1560 ,
1119 1531 1205 1552 vers.
1220 1532 1236 1552 2
1245 1533 1255 1552 1
1265 1519 1297 1563 7)
1311 1519 1343 1552 h.
1357 1519 1375 1553 l.
1385 1519 1548 1555 silvestris
1559 1546 1568 1563 ,
1580 1520 1707 1564 biscr9·

1029 1570 1135 1604 sativa
1147 1571 1246 1604 nobis
1257 1570 1382 1605 dicitur
1393 1574 1710 1607 Pimkheubaum.—-

1029 1623 1244 1663 Pramum,
1260 1623 1362 1666 XIV,
1371 1624 1436 1658 638
1445 1637 1453 1658 2
1463 1626 1577 1658 Panes
1586 1637 1709 1659 cornua

1023 1677 1200 1717 praecincli
1210 1677 1294 1717 pinu
1307 1688 1319 1718 ,·
1335 1675 1388 1710 XI
1399 1700 1409 1716 ,
1427 1688 1449 1722 9
1461 1702 1470 1719 ,
1483 1681 1630 1719 pra-sula
1638 1676 1710 1720 fo-

1029 1728 1096 1760 liis.
1121 1726 1245 1759 Horat.
1263 1726 1280 1761 I
1295 1752 1304 1769 ‚
1329 1726 1400 1761 Od.
1416 1738 1472 1761 vu
1486 1754 1495 1770 ,
1518 1741 1534 1772 7
1548 1754 1556 1767 ‚
1578 1741 1710 1772 prepo-

1028 1790 1112 1811 nere.
1136 1777 1252 1811 Valer.
1279 1778 1390 1812 Flacc.
1411 1779 1490 1822 111,
1509 1779 1594 1822 436,
1609 1792 1709 1823 pra·-

1028 1834 1146 1864 texere.
1170 1828 1354 1864 claudian.
1371 1841 1469 1865 xxxv
1481 1856 1491 1874 ,
1515 1832 1580 1866 325
1592 1857 1602 1875 ,
1619 1844 1710 1875 μητ-

1028 1883 1143 1915 velare.

1074 1946 1146 1978 700.
1157 1933 1283 1977 Reserl.
1295 1934 1379 1968 Post
1389 1934 1612 1979 reserlinepte
1623 1935 1707 1969 olim

1026 1985 1101 2020 haec
1116 1986 1221 2020 verba
1236 1986 1365 2020 inserta
1382 1986 1608 2032 legebantur,
1631 1988 1712 2021 Tibi

1027 2041 1146 2072 nubere
1164 2040 1318 2084 Nympha
1342 2041 1484 2072 volentis
1513 2041 1610 2073 Votis
1628 2042 1708 2073 cede

1026 2092 1104 2124 Dei.
1121 2109 1164 2115 -—
1180 2090 1227 2124 Et
1245 2090 1318 2124 haec
1333 2103 1473 2135 quoque
1489 2091 1594 2130 verba
1610 2103 1707 2136 repe-

1026 2142 1167 2176 riuntur
1182 2142 1218 2175 in
1236 2143 1393 2188 margine
1411 2143 1561 2187 reposita
1577 2143 1612 2176 in
1629 2155 1706 2177 nosf

1027 2201 1083 2232 tro
1097 2193 1185 2228 Cssd.
1199 2195 1240 2228 R.
1258 2195 1298 2228 B.
1316 2207 1336 2228 a
1350 2207 1416 2229 sec.
1428 2207 1542 2236 man.;
1559 2195 1596 2229 in
1616 2195 1705 2229 cod.

1026 2247 1070 2280 A.
1094 2247 1130 2280 in
1157 2253 1251 2280 textu
1275 2246 1410 2292 integra
1429 2246 1616 2292 leguntur;
1639 2260 1705 2282 nec

1026 2298 1109 2333 dicit
1125 2298 1254 2344 Gierig.
1279 2311 1347 2343 qua
1370 2299 1572 2332 auctoritate
1596 2300 1705 2340 fretus

1026 2351 1087 2386 has
1117 2352 1307 2386 sustulerit.
1336 2370 1379 2377 -
1404 2354 1574 2386 Restabat
1594 2355 1704 2389 verba.

1028 2404 1154 2448 Quum
1182 2403 1381 2438 Mercurius
1409 2403 1546 2437 dixisset
1559 2430 1568 2446 ,
1606 2406 1706 2438 Talia

1025 2458 1126 2489 verba
1133 2456 1235 2500 refert
1242 2482 1250 2494 ‚
1265 2455 1336 2499 jam
1346 2455 1600 2490 succubuerant
1609 2468 1706 2490 som-

1025 2519 1072 2540 no
1081 2507 1171 2541 oculi
1182 2507 1265 2552 Argi
1277 2507 1408 2552 :itaque
1418 2507 1527 2541 finem
1539 2508 1706 2542 narrandi

1024 2561 1135 2594 facere
1151 2560 1333 2604 potuissset
1345 2568 1447 2605 poeta
1460 2575 1468 2602 ;
1482 2560 1541 2595 sed
1553 2574 1598 2595 ne
1610 2562 1704 2606 igno-

1025 2619 1119 2645 raret
1133 2611 1242 2646 lector
1254 2612 1425 2656 reliquam
1437 2612 1586 2646 fabulam
1598 2639 1606 2654 ,
1625 2625 1702 2646 eam

1025 2670 1128 2708 poeta
1144 2677 1184 2697 ex
1201 2676 1261 2698 sua
1278 2677 1425 2709 persona
1443 2664 1623 2710 adspergit.
1641 2665 1704 2698 In-
1722 2694 1725 2697 ,

1026 2715 1165 2760 geniose
1197 2715 1255 2749 tali
1285 2723 1487 2750 commento
1520 2728 1599 2750 usus
1623 2722 1673 2749 est
1692 2741 1701 2758 ‚
