1832 3100
344 211 1037 259 METAMORPHOSEON
1071 218 1200 261 LIB.
1235 219 1356 262 VII.

1479 219 1563 261 503

149 298 283 349 Plura
304 300 545 367 loquuturo
572 320 671 350 cum
692 302 838 351 verbis
862 315 1041 366 guttura
1068 306 1248 355 Colchis

149 377 387 443 Abstulit,¹
401 390 446 428 et
466 379 619 428 calidis
643 379 851 429 laniatum
876 383 1029 432 mersit
1050 383 1215 432 ahenis.

213 457 268 504 V.
292 456 427 520 Quod
454 457 541 506 nisi
562 459 768 525 pennatis
790 460 1074 527 serpentibus
1096 462 1204 510 isset
1226 462 1272 509 in
1297 481 1424 511 auras
1442 501 1454 521 ‚
1506 475 1571 510 350

150 535 249 582 Non
273 547 441 584 exemta
464 535 579 584 foret
601 555 742 603 poenae
761 557 770 585 :
795 537 914 602 fugit
937 537 1021 588 alta
1036 576 1047 597 ‚
1074 557 1295 606 superque

149 610 304 660 Pelion
330 613 618 673 umbrosum,
645 614 952 683 Philyreiaque
978 628 1114 675 tecta,
1141 636 1362 684 superque

150 689 327 757 Othryn
341 729 354 750 ,
379 703 424 740 et
445 704 604 741 eventu
628 694 786 742 veteris
807 693 903 742 loca
923 707 1030 743 nota
1057 696 1275 744 Cerambi.

189 807 263 851 348.
290 809 371 843 Cum
387 813 496 845 verbis
507 816 644 855 guttura
659 815 823 854 abstul1'!,·

146 859 297 895 resoluto
319 869 458 908 gutture
477 863 616 899 abstulit
641 865 756 900 verba.
779 883 824 891 —

146 912 326 947 Lane'atmn
335 921 398 949 etc.
410 915 610 960 Pausanias,
621 920 822 963 κατακοψασοι

147 967 272 1011 ipsene
287 966 374 1003 Inde
392 970 559 1009 remansit
579 984 625 1006 ne
646 971 821 1006 tantillum

146 1019 288 1064 quidem
301 1047 312 1065 ,
330 1021 423 1067 quod
436 1022 623 1070 sepulturae
641 1023 730 1058 tradi
747 1036 822 1069 pos-

144 1078 207 1107 set.
223 1073 351 1108 Noster
366 1074 511 1120 abrupte
528 1075 606 1110 finit
620 1076 781 1111 fabulam.

189 1123 357 1171 350—397.
370 1127 482 1160 Jason
497 1139 579 1161 cum
590 1129 714 1161 Medea
729 1127 824 1162 Iolco

146 1183 283 1212 exactus
308 1179 500 1214 Corinthum
521 1180 619 1226 fugit.
642 1180 694 1216 lbi
714 1193 824 1225 quum

147 1228 270 1264 decem
283 1242 394 1265 annos
411 1231 564 1275 vixisset,
582 1231 739 1267 Glaucen
760 1233 826 1266 du-

145 1281 213 1326 cit,
231 1280 396 1318 Creontis
409 1283 499 1330 regis
515 1283 641 1326 filiam
660 1297 729 1330 quo
742 1285 826 1319 Me—

147 1333 212 1369 dea
226 1335 359 1371 offensa
373 1348 514 1371 veneno
529 1336 685 1372 Glaucen
702 1337 827 1372 iuteri-

147 1387 231 1431 mit,
260 1400 409 1434 suosque
436 1387 525 1424 filios
549 1389 709 1424 trucidat.
736 1389 825 1424 Eam

146 1447 266 1476 autem
277 1440 430 1476 fabulam
446 1442 576 1477 Noster
582 1442 736 1477 breviter
746 1451 828 1477 tan-

146 1503 224 1531 tum
234 1496 383 1542 attingit.
395 1495 710 1544 Confer.Apollod.
722 1498 738 1532 1
750 1524 759 1541 ,
771 1509 822 1541 lx,

146 1550 206 1587 28,
226 1548 286 1584 ubi
300 1549 348 1584 illi
364 1549 406 1584 ab
422 1549 549 1584 Acasto
566 1557 600 1585 et
612 1550 826 1585 Iolcensibus

147 1601 380 1647 expelluntur;
393 1609 428 1636 et
437 1602 614 1650 Hyginus,
623 1603 690 1637 sab.
701 1602 756 1645 25,
769 1602 824 1645 26,

146 1665 216 1699 quo
241 1661 382 1690 auctore
406 1655 514 1689 Jason
546 1661 669 1700 sponte
697 1655 825 1689 Acasto

145 1706 250 1752 patris
265 1718 415 1752 regnum
431 1706 547 1742 tradit.
573 1705 718 1742 Confer.
736 1706 826 1741 Dio-

144 1757 251 1794 dorus
260 1757 410 1803 Siculus,
422 1759 490 1803 lv,
503 1759 556 1804 34.
568 1759 717 1794 Pausan.
732 1760 780 1803 ΙΙ,
793 1760 824 1794 3.

145 1810 329 1846 Tractarat
339 1811 411 1847 hec
423 1811 613 1858 Sophocles
629 1812 666 1846 in
683 1811 825 1847 Colchi-

146 1862 256 1898 dibus.
279 1863 401 1898 Restat
426 1863 604 1909 Euripidis
627 1863 767 1898 Medea.
783 1880 827 1888 —

148 1916 191 1951 In
209 1916 334 1951 itinere
352 1915 496 1962 despicit
509 1916 582 1951 loca
599 1916 729 1959 multa,
748 1929 827 1951 me-

147 1967 428 2013 tamorphosibus
460 1968 600 2003 nobilia.
630 1967 701 2003 Sed
734 1975 827 2003 totus

148 2021 205 2058 hic
219 2021 313 2056 loeus
327 2020 425 2056 valde
443 2021 578 2056 vexavit
591 2021 825 2066 Interpreta,

149 2071 435 2120 quandoquidem
452 2072 577 2107 fabulae
589 2072 654 2107 illae
670 2073 751 2107 satis
763 2073 827 2107 ob-

149 2137 257 2161 scurae
271 2131 364 2161 suut.
382 2125 507 2171 Neque
522 2124 652 2159 Medea
668 2132 763 2160 recta
773 2125 828 2159 via

148 2177 258 2222 volat,
278 2177 338 2213 sed
358 2177 455 2212 milvi
472 2178 581 2212 instar
596 2177 740 2212 circinat
757 2190 827 2212 au—

148 2244 203 2266 ras
222 2246 232 2274 ;
259 2229 331 2266 nisi'
352 2230 395 2266 ad
425 2230 660 2267 excusandum
687 2238 827 2277 poetam

148 2283 247 2319 malis
265 2283 380 2318 dicere
394 2309 404 2327 ‚
427 2283 594 2318 Medeam
610 2297 650 2318 ex
662 2283 731 2318 alto
748 2290 829 2318 tan-

149 2342 227 2372 tum
253 2335 374 2382 procul
399 2335 589 2382 despexisse
607 2335 664 2370 illa
685 2336 768 2371 loca.
786 2354 828 2362 —

149 2390 331 2433 pennatis,-
349 2387 534 2423 Claudian.
550 2386 729 2433 XXXVI,
746 2390 806 2438 ¹39
817 2415 827 2433 ,

152 2440 302 2476 Cibebes
317 2440 536 2487 serpentibus
553 2441 674 2476 tribuit
683 2444 826 2485 pinnas,

153 2491 211 2526 ubi
223 2487 402 2527 Gesner-‘us
413 2499 560 2535 monet,
578 2492 645 2527 hoc
660 2505 793 2527 nomen
811 2505 830 2527 a

146 2547 267 2587 pennis
286 2544 421 2590 origine
446 2551 482 2579 et
502 2557 567 2581 usu
590 2545 830 2590 antiquissimo

153 2597 242 2632 sorte
261 2609 334 2631 non
352 2597 492 2632 differre
504 2624 514 2642 ,
535 2597 595 2633 sed
617 2598 830 2643 Quintiliani

156 2655 256 2684 aetate
288 2649 530 2695 grammaticos
559 2649 745 2685 discrimen
771 2651 830 2684 sa—

154 2714 232 2736 cere
245 2702 398 2748 coepisse,
408 2704 595 2748 pinnasque
604 2702 762 2737 tribuisse
774 2702 833 2737 alis

155 2754 331 2799 majorum
352 2755 466 2789 avium
485 2761 518 2789 et
537 2754 702 2800 piscibus:
718 2754 832 2800 itaque

889 826 925 848 se
943 827 1017 848 non
1037 814 1238 860 simpliciter
1253 814 1320 850 hoe
1338 814 1437 858 loco,
1462 814 1569 849 dam-

888 878 974 901 nare
984 872 1154 911 pennatos
1171 873 1361 913 serpentes.

932 919 1007 954 351.
1019 921 1121 960 Alta;
1140 919 1177 954 in
1195 932 1293 961 aere,
1312 926 1352 953 ut
1369 919 1449 954 alias
1460 921 1567 955 subli-

885 974 1016 1004 mis.-
1032 973 1188 1005 Pelion..
1200 998 1207 1006 .
1226 973 1482 1018 Philyreiaque5
1502 984 1568 1004 ex·-

887 1023 1012 1068 pressit
1032 1021 1267 1059 Callimachus
1281 1051 1290 1068 ,
1324 1024 1461 1071 Hymn.
1489 1023 1569 1059 Del.

891 1075 980 1109 118:
1007 1079 1117 1115 Πήλιον
1142 1076 1165 1111 ὦ
1193 1078 1314 1124 φιλύρης
1338 1080 1495 1123 sepphim.
1528 1075 1569 1110 In

891 1128 987 1161 Pelio
1019 1134 1142 1162 monte
1171 1127 1313 1173 Jupiter
1337 1128 1574 1163 concubuerat

890 1191 972 1214 cum
994 1181 1155 1226 Philyra,
1184 1179 1279 1214 unde
1300 1187 1402 1215 natus
1425 1179 1573 1215 Chiron.

892 1250 935 1257 -—
955 1232 1055 1279 Regii
1083 1233 1193 1267 nostri
1223 1232 1352 1268 habent
1378 1234 1574 1280 Philyreia-³

891 1295 978 1327 que,
1012 1297 1089 1329 quae
1118 1284 1220 1319 lectio
1252 1285 1471 1329 praestantior
1497 1284 1574 1329 jure

892 1335 962 1371 visa
988 1344 1039 1371 est
1064 1336 1209 1372 Robert.
1238 1336 1406 1383 Stephan.
1437 1349 1544 1382 quam
1563 1364 1573 1381 ,

891 1389 986 1435 quod
1014 1392 1132 1436 Gierig
1157 1390 1302 1425 dederat
1318 1392 1572 1438 ,Philyreiqna

892 1436 1032 1478 Erravit
1040 1450 1132 1478 certe
1142 1443 1235 1478 idem
1250 1445 1375 1488 Gz'erig,
1387 1457 1496 1489 quum
1506 1444 1573 1480 hoc

892 1493 968 1529 loco
986 1484 1112 1534 dixerit
1127 1509 1167 1530 ex
1181 1495 1370 1530 concubitu
1381 1498 1480 1531 Joeis
1489 1509 1571 1532 cum

891 1532 1034 1594 Philyra
1045 1554 1169 1581 natum
1183 1547 1287 1582 fuisse
1303 1545 1480 1589 Chirona;
1492 1547 1572 1582 vide

891 1610 969 1643 quae
985 1598 1134 1633 certiora
1145 1599 1182 1633 in
1193 1598 1282 1633 libro
1294 1599 1354 1643 11,
1367 1599 1451 1645 675:
1468 1606 1504 1634 et
1516 1599 1573 1634 hic

891 1649 1078 1695 addemus,
1101 1650 1313 1695 Saturnum,
1339 1664 1449 1697 quum
1470 1648 1570 1686 Rhea

889 1705 1018 1749 conjux
1027 1718 1111 1740 eum
1122 1704 1274 1753 Philyrae
1285 1704 1493 1740 adblandien
1499 1712 1570 1739 tem

890 1757 1050 1801 vidisset,
1066 1757 1130 1792 sub
1146 1758 1260 1791 forma
1279 1757 1360 1803 equi
1378 1757 1548 1803 aufugisse
1562 1772 1570 1798 ;

891 1812 927 1843 et
934 1809 1114 1854 Philyram
1124 1822 1187 1854 per
1195 1816 1335 1844 montes
1344 1809 1571 1855 Pelasgorum

891 1861 1057 1895 erravisse
1070 1888 1079 1905 ,
1097 1861 1134 1895 in
1150 1857 1275 1907 quibus
1295 1860 1452 1896 Chirona
1469 1869 1571 1906 partu

892 1912 1001 1947 edidit
1011 1928 1019 1955 ;
1035 1926 1104 1959 quo
1115 1920 1274 1948 monstro
1285 1913 1358 1949 viso
1368 1912 1571 1956 abhorrens,

891 1964 1013 2010 petivit
1030 1978 1048 1999 a
1064 1964 1140 2000 Diis
1154 1972 1194 2000 ut
1207 1978 1268 2000 sua
1280 1966 1393 2000 forma
1408 1971 1572 2002 mutare-

892 2024 951 2051 tur
964 2043 973 2061 ,
1000 2024 1036 2052 et
1059 2017 1203 2063 quidem
1219 2018 1256 2052 in
1277 2018 1386 2053 tiliam
1410 2018 1572 2053 arborem

891 2069 958 2104 suit
979 2076 1123 2105 mutata.
1141 2071 1207 2104 Ed.
1228 2088 1271 2097 —-
1290 2071 1438 2105 Eventus
1451 2097 1459 2111 ,
1492 2070 1573 2104 sor-

893 2127 1002 2164 tuna3
1028 2121 1095 2157 hoc
1122 2121 1198 2157 loco
1219 2122 1386 2165 mutatio;
1406 2123 1439 2157 X
1453 2148 1462 2166 ,
1484 2123 1571 2165 600,

891 2179 1006 2209 euentu
1018 2175 1178 2219 J'uvenum
1194 2178 1369 2211 detem'tus
1380 2199 1395 2217 ,‹
1408 2175 1551 2210 interitu
1566 2188 1574 2215 ;

895 2227 1005 2271 XIII,
1020 2226 1085 2261 506
1093 2253 1103 2271 ,
1114 2228 1514 2273 Evenluquegravtfim‘la
1524 2230 1577 2260 est

887 2281 1027 2324 publica
1050 2282 1186 2321 clades,
1220 2280 1362 2316 excidio.
1379 2299 1422 2306 -
1446 2281 1573 2314 Veteris

896 2333 1067 2377 Cerambi,·
1086 2335 1165 2380 quia
1177 2334 1399 2370 Deucalionis
1416 2339 1571 2378 tempore

893 2385 1026 2421 vixerit.
1035 2386 1188 2421 Auctore
1199 2386 1375 2422 Nicandro
1387 2383 1478 2430 apud
1486 2384 1572 2418 An-

894 2439 1059 2474 toninum
1077 2440 1191 2474 Liber.
1210 2453 1249 2473 22
1261 2465 1270 2482 ,
1299 2439 1480 2472 Terambus
1493 2463 1501 2478 ,
1528 2436 1571 2471 ad

896 2491 1024 2536 pedem
1046 2492 1191 2537 Olhtyos
1207 2489 1355 2534 montis,
1375 2503 1393 2524 a
1410 2490 1575 2536 Nymphis

893 2543 988 2578 iratis
997 2544 1034 2578 in
1045 2544 1255 2577 scarabaeum
1265 2542 1502 2588 cornigerum,
1512 2541 1571 2586 qui

895 2595 1026 2631 Graecis
1046 2598 1215 2630 cerambiz·
1240 2594 1366 2630 dicitur
1379 2620 1388 2639 ,
1400 2600 1568 2644 *mutatus

895 2655 956 2683 est.
974 2648 1026 2682 lbi
1038 2674 1047 2691 ,
1064 2648 1138 2682 sine
1149 2647 1255 2682 dubio
1269 2674 1279 2692 ,
1297 2646 1379 2683 utin
1391 2646 1566 2686 hocloco,

899 2702 1079 2736 Ceratnbus
1095 2700 1283 2747 legendum
1300 2708 1351 2737 est
1365 2728 1374 2745 ,
1398 2700 1489 2747 quod
1508 2699 1572 2733 do-

897 2760 952 2789 cet
971 2767 1035 2789 vox
1051 2757 1227 2790 cerambe'x.
