1832 3100
323 211 410 267 416

695 213 747 256 P.
790 213 1030 258 OVIDII
1063 208 1365 259 NASONIS

323 305 410 354 Seu
431 304 644 372 pingebat
663 324 742 354 acu
767 325 776 353 :
803 305 934 355 scires
957 325 981 355 a
1003 305 1178 355 Pallade
1203 306 1387 355 doctam.

323 381 459 446 Quod
483 393 626 430 tamen
649 382 745 449 ipsa
767 395 919 446 negat;
945 395 1150 450 tantaque
1175 384 1341 432 offensa
1364 383 1569 447 magistra
1584 421 1596 443 ,

325 483 348 503 (ι
378 461 526 509 Certet
539 498 550 519 ‚
571 460 656 518 ait,
675 480 844 510 mecum
860 480 870 519 ;
888 460 1001 509 nihil
1017 473 1108 519 est,
1129 462 1249 528 quod
1266 462 1376 529 victa
1392 481 1598 510 recusem.
1623 484 1646 506 »
1674 479 1718 513 25

319 536 463 586 Pallas
487 557 616 586 anum
639 537 837 595 simulat,
863 537 1085 604 falsosque
1109 538 1155 586 in
1179 550 1375 604 tempora
1399 557 1529 588 canos

319 613 483 673 Addit,
510 626 553 663 et
577 614 772 662 infirmos
793 614 953 663 baculo
977 634 1153 681 quoque
1178 616 1365 664 sustinet
1386 628 1519 664 artus.

319 692 434 740 Tum
457 692 518 740 sic
544 711 640 740 orsa
660 691 785 758 loqui
805 711 814 738 ε
840 713 862 733 «
887 693 989 739 Non
1013 693 1158 740 omnia
1180 693 1386 755 grandior
1405 706 1505 743 aetas
1519 731 1532 751 ‚

321 790 344 810 >›
373 769 485 832 Quae
505 769 748 831 fugiamus,
772 768 908 816 habet
927 788 936 816 :
958 769 1066 816 seris
1087 769 1207 816 ⁷venit
1228 789 1335 818 usus
1356 771 1411 818 ab
1436 771 1572 820 annis.

321 867 344 887 »
373 845 618 893 Consilium
643 864 698 893 ne
723 864 879 910 sperne
902 865 1046 893 meum
1069 866 1078 893 ε
1104 847 1187 894 tibi
1208 846 1321 895 fama
1342 858 1519 913 petatur
1676 864 1718 896 30

323 948 345 967 »
372 927 493 973 Inter
513 925 718 974 mortales
738 925 945 974 faciendae
961 926 1146 975 maxima
1169 926 1288 975 lanae.

323 1029 344 1049 υ
371 1007 486 1056 Cede
510 1008 614 1056 Deae
629 1044 640 1065 ‚
661 1007 916 1074 veniamque
937 1008 1025 1055 tuis
1047 1008 1270 1056 temeraria
1297 1008 1423 1057 dictis

322 1111 343 1130 »
371 1088 580 1155 Supplice
599 1107 704 1137 voce
727 1108 834 1152 roga
854 1110 864 1138 ε
887 1090 1055 1138 veniam
1079 1089 1202 1137 dabit
1221 1089 1295 1138 illa
1318 1090 1506 1152 roganti.
1531 1113 1554 1133 »

316 1170 522 1237 Adspicit
545 1171 658 1219 hanc
681 1171 819 1220 torvis
833 1210 844 1230 ‚
868 1172 1145 1238 incoeptaque
1166 1171 1239 1220 fila
1257 1172 1492 1238 relinquit;

316 1314 383 1357 lv,
408 1326 482 1348 221.
505 1313 732 1348 Burmannus
755 1327 796 1348 ex
818 1327 890 1348 uno
911 1314 986 1349 Co-

316 1366 389 1401 dice
417 1365 519 1411 legit,
547 1369 648 1400 levem
677 1370 788 1407 tereti,
820 1373 859 1401 ut
885 1367 987 1401 simul

316 1418 477 1454 Arachne
502 1431 521 1453 a
536 1419 648 1453 forma
670 1418 852 1461 laudetur3
870 1423 987 1454 teretia

315 1470 411 1503 enim
428 1469 586 1504 membra
598 1496 607 1513 ‚
624 1470 660 1503 in
672 1470 792 1515 primis
802 1475 917 1505 teretes
931 1470 987 1505 (li—

315 1521 374 1565 giti
385 1547 394 1565 ,
411 1522 448 1555 in
459 1528 555 1566 parte
564 1521 831 1566 pulchritudinis
846 1534 985 1566 ponun-

314 1582 381 1609 tur.
394 1575 437 1608 A.
456 1575 498 1609 A.
516 1576 532 1609 1
544 1601 553 1618 ‚
571 1575 645 1608 622.
660 1575 706 1609 Et
722 1576 894 1621 Hypaepas
909 1576 985 1620 pul-

314 1625 503 1661 cherrimas
525 1625 681 1659 habuisse
702 1625 864 1659 mulieres
881 1626 984 1659 tradit

315 1678 522 1723 Stephanus.
532 1678 654 1723 Neque
665 1677 811 1712 dubium
820 1684 889 1721 est,
898 1679 982 1722 quin

313 1731 440 1764 Noster
464 1731 665 1775 expresserit
684 1729 810 1765 Catull.
834 1730 982 1776 Epithal.

312 1782 427 1825 Pelei,
440 1782 500 1816 ubi
512 1808 522 1825 ,
538 1783 708 1816 libratum
721 1785 817 1816 tereti
827 1785 986 1816 versabat

311 1833 562 1878 volliccfusum.
581 1833 734 1879 Contra,
753 1834 898 1868 Heroid.
910 1835 977 1876 IX,

315 1900 352 1932 77
367 1899 374 1920 :
395 1886 566 1922 Hercules
581 1899 698 1921 crassa
768 1889 901 1920 robusto
916 1890 982 1920 de-

311 1942 406 1974 ducit
413 1942 537 1984 pollice
538 1941 618 1985 fila.
641 1940 687 1974 Et
692 1939 798 1983 fusus
810 1945 903 1974 recte
921 1938 981 1972 di-

312 1998 450 2026 ceretur
464 1994 564 2034 Ievis-5
581 1991 687 2026 fiebat
702 1991 797 2026 enim
812 2004 852 2026 ex
866 1992 980 2037 junc0.

314 2043 467 2086 Plinius,
494 2043 565 2086 XI,
585 2043 636 2077 23.

333 2126 337 2132 ,
357 2095 409 2129 273.
425 2097 534 2130 Scires
552 2103 615 2130 etc.
631 2096 701 2131 utI
714 2122 724 2140 ,
745 2096 804 2130 162
820 2123 829 2139 ‚
852 2099 982 2130 sct'rese

311 2150 472 2190 sanguine
500 2153 607 2181 natos.
642 2148 708 2183 His
732 2149 843 2184 verbis
865 2156 981 2183 autem

311 2210 384 2232 non
401 2197 560 2232 laudatur
575 2199 683 2233 modo
700 2200 741 2233 ab
758 2207 830 2234 arte
843 2226 852 2243 ,
870 2200 929 2234 sed
947 2207 982 2235 et

311 2250 528 2296 impudentia
553 2251 627 2296 ejus
650 2252 753 2286 simul
779 2257 921 2286 notatur
943 2253 980 2286 in

312 2303 520 2349 magistram.
531 2321 575 2328 —
591 2305 689 2346 Quod
699 2308 817 2337 lamen.
830 2303 982 2338 Leiden-

312 2354 355 2388 sis
370 2380 379 2398 ,
403 2355 471 2388 Sed
489 2358 597 2388 tamen
610 2380 618 2393 ‚
652 2354 744 2399 quod
773 2366 844 2387 non
865 2354 980 2388 inele—

314 2416 435 2453 ganter
455 2408 585 2443 dictum
607 2408 815 2442 Burmanno
834 2408 978 2443 videtur.

311 2480 354 2488 --
376 2463 547 2507 Tantaque
560 2469 623 2497 etc.
637 2463 901 2507 ignominiosam
917 2462 979 2497 sibi

312 2527 383 2548 esse
405 2521 528 2559 putans
544 2514 762 2560 magistram,
788 2515 866 2549 licet
884 2521 979 2548 tanta

312 2573 424 2601 esset..

356 2617 407 2651 26.
431 2619 552 2651 Pallas
569 2631 667 2652 anum
679 2612 830 2659 simulat,
845 2624 908 2652 etc.
923 2617 977 2652 De

313 2668 369 2701 tali
386 2672 594 2704 simulatione
606 2669 683 2704 vide
700 2670 742 2703 ad
761 2670 815 2705 III
828 2696 837 2713 ,
858 2673 979 2713 275.—

315 2720 414 2754 Amts
427 2722 575 2755 sormam
588 2723 658 2756 sere
673 2723 855 2757 sumebant
870 2722 954 2756 Deae
967 2749 975 2765 ‚
989 2766 996 2774 ¹

1049 1315 1107 1351 ubi
1117 1314 1299 1351 consilium
1310 1315 1392 1350 dare
1403 1315 1574 1350 volebant.
1582 1333 1626 1342 —·
1635 1317 1717 1350 Fal-

1047 1381 1090 1402 sa
1100 1395 1108 1410 ,
1129 1367 1297 1412 fallacia,
1331 1371 1467 1403 mentita
1478 1395 1487 1409 ‚
1521 1369 1710 1407 mendacia,

1049 1419 1225 1464 eleganter
1243 1419 1418 1462 dicuntur,
1436 1431 1513 1464 quae
1526 1418 1601 1464 quis
1617 1426 1715 1453 tem-

1050 1473 1141 1517 poris
1173 1485 1273 1507 causa
1302 1472 1462 1516 assumit,
1489 1479 1530 1506 ut
1558 1471 1717 1507 simulata

1048 1524 1160 1559 forma
1174 1525 1323 1559 alterum
1339 1524 1440 1559 sallat.
1454 1525 1548 1558 —In
1563 1529 1718 1568 tempora.

1049 1577 1185 1611 Novem
1202 1590 1242 1610 ex
1258 1576 1457 1618 melioribus
1468 1602 1477 1620 ,
1493 1577 1544 1610 ad
1551 1579 1711 1620 tempora,

1047 1635 1086 1662 ut
1113 1628 1187 1670 111,
1208 1630 1271 1672 275
1285 1653 1294 1670 ,
1311 1631 1486 1671 posuitque
1506 1629 1558 1661 ad
1571 1632 1718 1671 tempora

1047 1691 1158 1713 canos.
1184 1678 1284 1722 Regii
1301 1678 1410 1712 nostri
1427 1677 1500 1721 hic,
1528 1685 1568 1712 ut
1588 1678 1624 1712 in
1640 1678 1716 1712 loco

1045 1730 1168 1773 citato,
1189 1729 1318 1764 habent
1335 1731 1386 1763 ad
1400 1733 1570 1772 tempora‚·
1595 1735 1714 1763 tamen

1046 1780 1254 1815 mutandum
1269 1780 1355 1814 nihil
1371 1786 1551 1825 putamus;
1568 1787 1715 1814 utrum-

1047 1846 1113 1878 que
1129 1833 1225 1866 enim
1246 1839 1338 1867 recte
1357 1832 1491 1867 dicitur.
1505 1834 1570 1866 Ed.

1090 1886 1142 1919 28.
1159 1887 1235 1920 Non
1250 1887 1361 1918 omnia
1376 1891 1439 1929 etc.
1452 1883 1629 1920 Senectuti
1640 1897 1714 1919 non

1046 1936 1125 1971 solae
1150 1936 1315 1970 molestiae
1337 1935 1507 1980 adjunctae
1524 1943 1626 1980 sunt,
1652 1936 1712 1972 sed

1045 1990 1137 2023 bona
1152 1988 1257 2023 etiam
1272 1987 1430 2033 quaedam
1443 2013 1453 2031 ,
1470 2000 1597 2034 nempe
1612 2001 1710 2030 usus,

1046 2041 1264 2086 experientia.
1279 2041 1359 2074 Jam
1374 2039 1535 2075 Muretus
1549 2039 1714 2075 animad-

1045 2093 1148 2127 vertit
1162 2118 1170 2136 ,
1192 2105 1347 2137 expressa
1360 2091 1433 2127 haec
1448 2105 1519 2126 esse
1533 2105 1574 2134 ex
1590 2090 1710 2137 Eurip.

1047 2144 1168 2179 Phoen.
1183 2157 1267 2179 vers.
1281 2144 1340 2178 531
1357 2157 1364 2179 :
1381 2147 1451 2189 Οὐχ
1459 2146 1574 2180 ἅπαντα
1585 2151 1626 2193 τῷ
1636 2149 1713 2195 γήρᾳ

1045 2200 1122 2233 κακᾶ
1146 2199 1310 2245 πράσεσι-ιν·
1328 2196 1391 2231 ἄλλ’
1410 2200 1424 2239 ἦ
1442 2196 1576 2246 ’μπειριά
1600 2200 1664 2241 ’ἔχει
1682 2214 1712 2232 ’τι

1046 2252 1130 2294 λέξαι
1141 2257 1198 2285 τῶν
1214 2251 1285 2284 νέων
1301 2250 1472 2297 σοφώτερον.
1488 2249 1599 2284 Plaut.
1613 2249 1713 2283 Mos-

1045 2301 1100 2336 tel.
1119 2301 1166 2345 V,
1187 2312 1250 2345 111,
1268 2314 1307 2345 27
1322 2313 1330 2335 ε
1352 2301 1472 2345 Sapere
1489 2303 1599 2334 isthac
1616 2306 1713 2335 oetate

1045 2358 1188 2397 oportet,
1217 2355 1364 2398 quisunt
1377 2356 1487 2396 capite
1505 2354 1657 2386 candido.
1668 2372 1712 2378 —-

1051 2408 1168 2446 Venit,
1195 2411 1344 2450 paratur.
1365 2422 1409 2429 -
1425 2404 1500 2438 Seri
1514 2408 1616 2445 anal,
1649 2418 1711 2440 se—

1044 2464 1174 2491 nectus.
1189 2458 1297 2491 Scrtor
1312 2461 1408 2495 oetas,
1432 2456 1545 2490 Tibul.
1565 2456 1602 2500 I,
1620 2458 1650 2501 4.
1668 2475 1712 2483 —·

1044 2510 1216 2542 Faciendae
1240 2511 1334 2542 lanan
1369 2507 1475 2542 Multi
1500 2520 1540 2542 ex
1563 2509 1710 2553 antiquis

1046 2560 1247 2603 Codicibus,
1261 2563 1351 2604 teloe‚·
1367 2561 1413 2594 ita
1426 2568 1459 2595 et
1477 2561 1574 2606 Regii
1590 2561 1709 2595 nostri.

1042 2617 1166 2650 Facere
1181 2615 1294 2649 lanam
1306 2640 1315 2657 ‚
1329 2614 1455 2649 locutio
1471 2614 1623 2660 propria,
1642 2627 1708 2647 un-

1043 2667 1084 2701 de
1105 2669 1179 2701 lani
1199 2671 1293 2702 cium.

1086 2723 1136 2765 34.
1151 2723 1310 2766 Adspicit
1321 2724 1408 2756 hanc
1424 2728 1486 2756 etc.
1498 2720 1707 2755 Praeviderat
