1832 3100
340 213 431 257 DE
473 211 702 255 OPERE
741 209 1440 255 METAMORPHOSEON.
1554 227 1606 274 19

179 335 231 345 —
257 307 347 364 Vl,
378 305 467 372 19‘2
487 323 586 371 sqq.
604 341 617 363 ,
649 303 798 352 Niobe
823 303 1023 371 quinque
1047 302 1253 352 formulis
1275 316 1405 368 urget
1427 305 1536 367 hoc,
1562 326 1609 356 se

173 396 419 446 liberorum
443 413 630 444 numero
655 395 838 443 Latonae
868 405 1090 462 praestare.
1128 423 1180 430 —
1204 395 1291 442 VII
1308 432 1320 454 ,
1368 413 1456 463 179
1478 415 1577 464 sqq.
1596 436 1608 457 ‚

173 488 312 536 Lunae
326 504 478 535 cornua
491 495 577 534 tota
599 494 763 541 coeunt,
784 483 968 551 efficiunt
979 485 1113 533 orbem
1127 524 1138 541 ,
1159 485 1258 551 ipsa
1272 485 1512 551 plenissima
1524 487 1611 536 ful-

176 588 263 640 get,
284 577 329 626 et
345 575 478 626 solida
492 575 667 642 imagine
690 586 861 642 spectat
875 577 1208 623 terram—XII
1220 613 1232 633 ,
1253 574 1316 637 46
1331 595 1428 643 sqq.
1443 614 1455 634 ,
1479 579 1613 627 Fama

175 678 260 717 tota
258 667 431 734 fremit,
461 685 583 715 voces
601 664 721 733 refert
735 705 746 723 ,
772 666 892 714 iterat
906 665 1019 733 quod
1032 665 1174 723 audit,
1197 666 1339 714 Nulla
1357 667 1467 734 quies
1482 667 1609 729 intus,

174 758 369 825 nullaque
391 757 551 807 silentia
566 767 701 824 parte.
729 756 878 806 Miror
892 757 1040 824 itaque
1062 756 1255 806 Criticos
1270 795 1282 816 ,
1305 758 1382 824 qui
1396 758 1467 807 his
1486 771 1531 807 et
1550 772 1615 808 ta-

175 848 298 899 libus
310 869 403 898 non
419 849 581 901 offensi
596 835 758 907 essent,
775 867 929 898 versus
946 867 1140 897 resecare
1156 847 1365 907 voluisse,
1382 848 1616 915 inquibus

175 939 318 989 multo
331 941 480 989 minus
492 939 811 1000 redundantiae,
825 951 878 988 ut
893 940 1020 998 VIII,
1042 938 1101 1006 87
1117 958 1128 997 ;
1145 938 1226 987 ubi
1238 951 1345 1006 post
1360 939 1495 988 verba
1500 959 1618 1006 μητ-

175 1029 308 1099 (laque
319 1031 456 1098 potita
477 1030 656 1098 nefanda
680 1030 885 1098 sequitur
907 1049 1060 1079 versus
1085 1030 1275 1078 Heinsio
1302 1030 1584 1097 improbatus
1605 1050 1615 1077 :

283 1152 376 1191 Fert
394 1165 523 1192 secum
541 1151 709 1205 spolium
726 1150 878 1190 sceleris
891 1180 903 1202 ,
921 1164 1200 1205 progressaque
1218 1159 1329 1205 porta
1340 1181 1351 1202 ,
1367 1159 1440 1191 etc.

175 1270 304 1320 Talia
337 1270 453 1318 bene
482 1268 623 1319 multa
651 1270 989 1319 commemorari
1013 1282 1211 1337 possent.
1256 1298 1309 1306 —-
1351 1271 1476 1338 Saepe
1502 1273 1621 1321 enim

178 1361 302 1410 otiose
323 1358 543 1409 nonnulla
561 1360 746 1426 subjicit
759 1397 772 1418 ,
795 1372 840 1409 et
859 1359 1086 1408 interdum
1109 1361 1216 1409 satis
1239 1360 1441 1427 languide.
1464 1391 1515 1399 -
1535 1365 1616 1411 ΙΙΙ.

182 1451 275 1518 715
293 1489 305 1509 ,
334 1451 450 1500 bene
473 1450 588 1499 dixit
604 1487 617 1509 ,
639 1451 721 1498 ruit
742 1450 871 1498 omnis
893 1451 935 1498 in
961 1434 1085 1499 uniam
1113 1451 1162 1499 T
1159 1451 1263 1499 urba
1264 1451 1416 1518 furens
1433 1492 1446 1509 ,
1482 1454 1620 1502 modo

177 1562 232 1592 ne
256 1542 513 1601 addidisset,
530 1551 686 1591 cuncta·
707 1552 850 1590 coeunt
861 1551 1094 1608 cunctoeque
1115 1545 1485 1608 sequanina—II,
1514 1542 1618 1600 168,

178 1626 299 1682 Solis
322 1633 428 1700 equi
465 1643 590 1682 ruunt
618 1633 835 1700 tritumque
866 1633 1098 1700 relinquunt
1127 1632 1331 1699 Spatium.
1371 1634 1472 1682 Hoc
1514 1634 1620 1683 satis

176 1723 356 1782 fuisset3
381 1723 460 1773 sed
484 1723 634 1790 inepte
659 1723 829 1790 pergit,
855 1742 929 1772 nec
946 1763 958 1781 ,
998 1742 1077 1790 quo
1093 1723 1214 1790 prius
1231 1763 1243 1780 ,
1273 1723 1414 1771 ordine
1441 1735 1618 1773 currunt.

179 1813 294 1873 Ubi,
317 1814 397 1872 IV,
425 1812 543 1873 300,
560 1814 732 1863 sontem
749 1814 916 1863 clarum
935 1815 1042 1864 satis
1062 1814 1378 1881 descripserat,
1393 1817 1487 1862 non
1508 1826 1620 1874 erat,

179 1923 260 1953 cur
275 1903 477 1964 adderet,
485 1905 729 1972 perspicuus
749 1906 883 1972 liquor
896 1915 968 1954 est.
988 1904 1144 1969 Quid?
1165 1905 1248 1962 XI,
1266 1903 1294 1951 5
1305 1922 1374 1970 19,
1390 1916 1497 1977 post
1513 1904 1622 1953 hor-

179 1993 319 2044 renda
342 1995 619 2062 tempestatis
644 1995 938 2062 phaenomena
955 2006 1131 2054 monet,
1155 1995 1254 2043 vela
1274 1994 1489 2044 maduisse.
1516 1996 1623 2044 Non

184 2084 326 2147 igitur
340 2097 434 2134 erat
446 2123 459 2145 ,
478 2105 557 2134 cur
571 2085 801 2144 Heinsius,
814 2086 917 2145 VII,
940 2084 1048 2153 527,
1069 2085 1203 2134 verba
1216 2103 1309 2153 φατε
1324 2086 1437 2134 victa
1439 2086 1618 2154 jacebat,

181 2186 234 2224 ut
255 2175 402 2224 otiosa
427 2174 700 2242 etblanguida
714 2188 821 2244 post
839 2176 1094 2244 superiora,
1113 2175 1258 2226 deleta
1270 2175 1436 2225 mallet.
1457 2178 1623 2225 Intem-

179 2266 350 2334 pestive
363 2266 496 2316 etiam
510 2266 688 2326 inserit,
709 2286 806 2334 quae
820 2267 1030 2317 brevitati
1049 2279 1093 2316 et
1106 2267 1417 2334 perspicuitati
1437 2267 1620 2315 obsunt.

186 2359 324 2417 -IV‚
351 2356 470 2405 616-
479 2351 557 2424 ιζ),
584 2358 774 2407 Perseus
800 2347 935 2425 super
955 2358 1148 2424 Libycas
1166 2357 1335 2424 pendet
1350 2376 1504 2406 arenas
1519 2395 1531 2416 ,
1552 2369 1597 2406 et
1610 2396 1622 2417 ,

182 2446 278 2495 626
291 2485 305 2507 ,
326 2448 534 2497 consistit
553 2448 600 2496 in
622 2468 762 2512 regno
782 2447 994 2497 Atlantis.
1016 2449 1185 2496 Versus
1203 2448 1342 2510 igitur
1357 2446 1554 2506 620-25,
1574 2448 1623 2495 in

183 2537 349 2604 quibus
370 2537 460 2587 huc
475 2550 520 2586 et
538 2538 666 2599 illuc,
688 2539 745 2588 ad
768 2540 934 2587 Arctos
952 2550 997 2586 et
1013 2538 1068 2587 ad
1087 2538 1308 2586 Cancrum
1323 2537 1457 2596 volat,
1478 2536 1622 2586 alieno

181 2626 286 2676 loco
306 2627 539 2694 interjecti.
566 2629 683 2678 Sunt
708 2640 863 2678 contra
880 2628 1004 2686 loca,
1028 2627 1076 2675 in
1097 2626 1262 2694 quibus
1278 2628 1401 2676 nimio
1423 2627 1626 2678 brevitatis

186 2717 320 2767 studio
341 2719 485 2768 factus
503 2731 567 2768 est
589 2719 833 2767 obscurior.
860 2719 929 2766 Eo
945 2718 1055 2766 vitio
1070 2755 1082 2777 ,
1108 2719 1151 2777 I,
1189 2736 1278 2784 170
1302 2738 1400 2786 sqq.
1414 2756 1426 2775 ‚
1451 2717 1627 2766 laborat
