1832 3100
382 201 1075 247 METAMORPHOSEON
1112 204 1240 248 LIB.
1275 205 1314 248 Ι.
1508 222 1557 266 71

142 297 274 347 Haud
296 297 471 346 timeam
490 297 638 361 magni
662 297 823 347 dixisse
851 296 1019 347 Palatia
1044 296 1150 346 caeli.

129 419 132 422 .
192 377 314 440 Ergo
339 374 419 424 ubi
440 395 686 424 marmoreo
712 375 873 443 Superi
897 375 1046 424 sedere
1070 394 1271 435 recessu,

142 452 316 503 Celsior
336 454 431 522 ipse
454 453 554 503 loco
571 492 582 512 ,
607 465 872 521 sceptroque
895 453 1074 502 innixus
1098 453 1271 502 eburno
1291 491 1303 513 ‚

139 531 395 581 Terrificam
417 532 573 600 capitis
598 533 823 583 concussit
845 544 1000 600 terque
1025 543 1268 600 quaterque

143 610 396 669 Caesariem,
421 629 520 659 cum
549 630 637 678 qua
658 622 841 668 terram,
865 630 1008 669 mare,
1033 610 1177 660 sidera
1192 649 1204 670 ‚
1229 611 1383 661 movit.

1507 628 1569 661 180

142 686 328 737 Talibus
350 688 453 752 inde
475 688 622 737 modis
648 707 725 738 ora
745 688 1020 752 indignantia
1045 688 1179 738 solvit
1198 710 1208 738 :

147 788 170 809 a
196 767 302 814 Non
323 786 406 830 ego
431 786 514 834 pro
537 767 694 816 mundi
718 786 856 830 regno
880 767 1021 834 magis
1044 766 1200 816 anxius
1222 765 1299 815 illa

143 905 251 944 parat.
278 898 414 934 Eadem
439 900 654 946 comparatio
682 907 717 935 et
744 900 801 935 III
813 928 820 941 ,

145 951 249 992 Trist.
266 963 280 987 1
293 979 303 997 ,
322 953 444 989 35-38.
465 954 548 988 Jam
562 953 653 1000 apud
672 955 822 989 Homer.

144 1003 216 1040 Od.
235 1009 274 1050 δ’,
302 1007 362 1053 74,
379 1005 611 1049 Telemachus
628 1020 710 1042 cum
726 1007 825 1042 Jovis

144 1055 324 1105 Olympici
337 1058 435 1093 'aula
459 1059 641 1106 componit
666 1059 824 1095 Menelai

144 1108 288 1156 regiam.

151 1205 154 1209 .
190 1173 205 1195 1
212 1161 264 1206 76.
275 1162 724 1209 Ηαιιᾶίὺιιεωη.ῥιιιιῑιιοι,
734 1163 831 1205 haud

143 1213 299 1249 dubitem.

191 1277 264 1311 177.
273 1267 433 1302 Recessu.
440 1267 587 1303 Junian
595 1271 734 1304 theatro.
743 1269 827 1304 Mo-

145 1323 234 1352 nent
250 1317 376 1355 Heius
391 1327 427 1356 et
447 1319 570 1356 Burm.
595 1328 631 1356 et
647 1321 727 1356 alibi
746 1320 825 1356 talia

144 1369 220 1406 loca
233 1373 373 1408 theate-125
386 1374 580 1422 comparari
590 1402 600 1420 ,
618 1376 697 1421 quia
712 1374 825 1410 Graeci

144 1421 183 1459 in
198 1422 342 1461 theatris
356 1435 551 1473 conventus
568 1429 765 1464 habuerint.
780 1447 826 1455 —

144 1479 246 1523 Ergo.
258 1479 344 1516 Post
353 1469 605 1527 digressionem
612 1489 752 1517 revocat
761 1481 825 1517 lec-

145 1537 262 1567 torem
277 1531 320 1567 ad
335 1534 550 1570 sententiam
565 1536 772 1582 abruptam,
790 1535 824 1574 h

142 1581 167 1618 l.
176 1581 220 1618 ad
229 1596 316 1620 vers.
331 1582 618 1622 166.—Reccssus
629 1595 665 1623 et
674 1600 827 1623 secessus

145 1633 314 1672 dicuntur
331 1637 455 1674 intima
472 1639 603 1674 aedium
625 1640 801 1675 conclavia
814 1667 824 1684 ,

144 1686 183 1723 in
196 1687 321 1733 quibus
334 1690 477 1739 negotia
487 1703 612 1727 arcana
622 1692 766 1727 tractari.
771 1705 827 1728 so-

143 1738 275 1777 lebant.
290 1741 382 1779 Vide
397 1741 574 1779 Schwarz.
588 1743 629 1778 ad
648 1744 739 1780 Plin.
755 1736 825 1780 Pa-

145 1803 225 1838 neg.
241 1791 307 1837 83,
329 1807 356 1828 ι.
374 1794 432 1830 Sic
443 1801 479 1830 et
492 1795 588 1840 vn,
607 1795 695 1842 6703
714 1796 825 1841 XIV,

143 1848 208 1888 ,261
219 1871 229 1890 ,
243 1819 307 1888 ubi
318 1832 422 1884 Circe
434 1851 576 1894 pulchro
590 1851 686 1884 sedet
695 1863 829 1896 recessu

146 1901 307 1942 Sublimis
323 1902 422 1952 soliq.
446 1919 492 1928 —-
510 1903 639 1936 Celsior
655 1905 728 1945 ψη
743 1905 827 1936 loco.

148 1953 342 2003 Sublimior
357 1954 490 1991 caeteris
500 1980 510 1998 ‚
534 1961 574 2003 ut
590 1968 689 2001 reges
705 1954 827 1990 sedere

147 2009 262 2044 solent
271 2035 280 2053 ‚
295 2021 366 2054 quo
376 2008 509 2057 facilius¹
522 2008 754 2054 conspiciatur
767 2021 831 2043 au-

143 2057 334 2107 'diaturque
352 2061 395 2096 ab
409 2061 587 2106 omnibus.
612 2080 656 2086 —
670 2062 832 2105 Sceptro—

148 2125 211 2158 que
217 2116 355 2148 innixus
362 2115 495 2155 eburno.
512 2114 657 2159 Sceptra
670 2119 832 2157 veterum

146 2179 276 2213 regum
286 2173 387 2201 erant
399 2165 553 2209 hastilia,
568 2166 681 2201 aureis
692 2166 831 2200 aereisve

150 2218 252 2254 bullis
269 2224 420 2262 ornata,
449 2230 468 2253 e
493 2218 590 2263 ligno
613 2224 673 2253 aut
701 2218 830 2260 ebore,

152 2284 328 2322 σκηπτρονε
340 2278 476 2312 exin-rm.
494 2272 642 2312 Ianitor,
656 2270 832 2306 incumbo.

150 2325 219 2359 Ed.
229 2342 278 2350 —
291 2323 406 2369 Reges
421 2323 506 2358 olim
523 2321 578 2358 vel
589 2321 708 2358 dextra
724 2330 833 2369 tene·-

150 2375 238 2412 bant
259 2379 423 2420 sceptrum
445 2381 632 2419 erectum,
661 2374 716 2410 vel
732 2375 765 2410 ei
777 2378 834 2410 iuz-

151 2431 352 2464 nitebantur.

201 2494 273 2529 ¹79·
293 2483 536 2527 Terrtficam...„
551 2484 662 2518 movit.
683 2482 836 2528 Expres-

153 2546 234 2570 sum
248 2540 300 2577 est
311 2547 352 2568 ex
363 2535 579 2570 nobilissimo
591 2536 669 2571 loco
683 2536 833 2572 Homer.

156 2588 196 2624 ll.
206 2605 245 2631 α,
260 2590 325 2636 529
338 2601 412 2634 sqq.
424 2580 599 2640 A’psspo'noec
612 2590 674 2625 δ”
655 2607 714 2639 αρα
723 2598 834 2635 χκῖται

156 2645 404 2694 ίςέῥρώῖανῗθν
384 2659 508 2682 ανακτθς
529 2660 634 2698 κραΐθς
652 2643 704 2679 aff,
719 2645 835 2680 ἀθανα*

155 2704 228 2730 ¹:210·
258 2697 354 2739 μέγαν
385 2693 414 2730 δ’
441 2696 567 2739 ι’λέλιξιν
596 2691 750 2739 ὄλυμπον.
783 2695 836 2730 lbi

159 2744 357 2793 Olympum
374 2752 511 2782 tantum
526 2754 668 2790 movet,
693 2747 772 2792 quia
786 2747 835 2782 nil

889 900 957 935 nisi
973 899 1098 935 annuit
1113 899 1225 946 capite
1240 912 1249 935 ι
1270 899 1331 935 sed
1346 899 1404 935 hic
1423 900 1573 946 graviter

888 955 1071 997 indlgtnans
1100 952 1147 987 ita
1179 960 1282 999 caput
1318 953 1474 988 concutit
1488 978 1497 996 ,
1534 960 1575 988 ut

889 1009 977 1039 terra
989 1031 999 1049 ,
1020 1019 1126 1046 mare,
1148 1008 1260 1040 sidera
1272 1012 1426 1040 tremant
1439 1017 1446 1038 :
1459 1019 1574 1052 quan-

891 1071 998 1105 quam
1021 1058 1114 1104 apud
1137 1057 1265 1094 Catull.
1282 1059 1325 1093 63
1338 1086 1348 1103 ‚
1365 1060 1446 1100 203,
1466 1068 1573 1096 nutus

890 1108 1054 1144 eamdem
1061 1109 1133 1144 vim
1142 1109 1247 1144 habet
1256 1123 1264 1144 ι
1273 1111 1389 1144 Tellus
1397 1115 1495 1156 atque
1503 1114 1576 1146 luor-

890 1164 965 1197 rida
978 1167 1241 1198 contremuerunt
1254 1164 1417 1208 AEquora,
1436 1178 1576 1200 concus-

890 1219 998 1259 sitque
1012 1218 1175 1250 micantia
1189 1217 1303 1250 sidem
1316 1219 1466 1252 mundus.
1487 1218 1576 1253 Haec

891 1267 966 1303 loca
977 1267 1196 1303 sublimitatis
1211 1267 1352 1304 laudem
1368 1276 1554 1304 merentur
1563 1296 1573 1314 ,

889 1320 1091 1366 feriuntque
1100 1321 1270 1362 animum,
1279 1321 1360 1356 licet
1368 1322 1496 1358 Noster
1503 1323 1576 1357 vim

890 1372 985 1407 illam
995 1399 1004 1416 ‚
1020 1367 1157 1417 adjecto
1172 1377 1282 1418 terque
1295 1379 1483 1419 quaterque,
1503 1375 1574 1409 sre-

891 1425 990 1472 gerit.
1008 1424 1238 1471 Magnificam
1254 1433 1374 1460 autem
1385 1426 1479 1462 illam
1495 1440 1576 1462 sen-

891 1475 1038 1512 tentiam
1049 1474 1227 1513 transtulit
1240 1485 1273 1513 et
1285 1478 1326 1513 ad
1341 1479 1423 1513 alios
1433 1505 1442 1523 ‚
1456 1479 1550 1515 VIII
1564 1506 1574 1523 ,

894 1531 976 1576 789,
996 1530 1040 1579 ad
1065 1529 1261 1575 Cererem;
1283 1531 1319 1566 11
1339 1544 1379 1566 ex
1396 1532 1500 1567 Pont.
1520 1543 1550 1566 ιι
1564 1560 1573 1575 ,

890 1583 946 1626 65,
960 1582 1003 1617 ad
1015 1582 1214 1629 Augustum
1227 1581 1328 1626 aden,
1342 1596 1453 1628 quum
1466 1586 1578 1618 vultus

891 1638 1056 1686 remiserit
1066 1636 1146 1668 illos
1154 1661 1162 1675 ,
1188 1635 1258 1678 Qui
1265 1647 1377 1669 secum
1393 1639 1499 1670 terras
1510 1638 1577 1669 im-

887 1693 1079 1735 periumque
1097 1694 1235 1724 movent.
1262 1689 1333 1724 Hic
1355 1694 1487 1725 movent
1501 1697 1552 1725 est
1566 1716 1577 1734 ‚

893 1749 1043 1793 regunt3
1060 1742 1122 1778 sed
1133 1749 1255 1777 nostro
1271 1742 1348 1777 loco
1365 1746 1487 1786 movit,
1505 1749 1579 1777 tre-

894 1798 1056 1841 mefecit,
1075 1803 1114 1842 ut
1132 1797 1257 1834 Horat.
1277 1797 1355 1839 ΙΙΙ,
1385 1795 1487 1831 Od.-1
1501 1822 1510 1840 ‚
1535 1798 1577 1839 8,

893 1849 1035 1896 Jupiter
1068 1854 1191 1884 cuncta
1220 1851 1400 1893 supercilio
1436 1861 1579 1884 movens.
1598 1844 1603 1848 ’

897 1905 1079 1943 Concussio
1090 1902 1230 1947 signum
1246 1901 1498 1947 indignationis
1512 1929 1522 1947 ,
1538 1910 1580 1938 ut

895 1955 955 1998 11,
982 1957 1046 2003 849
1061 1981 1070 1998 ,
1098 1968 1172 1990 cum
1192 1967 1280 2000 qua,
1310 1967 1379 2000 qua
1403 1967 1579 1991 concussa.

897 2008 989 2042 Nota
1014 2014 1134 2042 autem
1158 2019 1301 2053 gravem
1324 2019 1454 2042 sonum
1473 2033 1483 2050 ,
1511 2021 1581 2053 qua

898 2058 997 2094 omni
1027 2058 1062 2093 h.
1094 2058 1115 2092 l.
1139 2059 1244 2094 verba
1271 2059 1443 2094 incedunt
1459 2086 1469 2103 ‚
1510 2073 1580 2105 quo

896 2111 1005 2146 etiam
1017 2110 1212 2159 asyndeton
1227 2111 1265 2146 in
1281 2116 1402 2147 terram
1419 2119 1485 2147 etc.
1495 2112 1583 2148 mul-

896 2171 976 2209 tum
993 2164 1141 2200 confert.

946 2218 1017 2252 182.
1036 2218 1113 2253 Non
1128 2229 1258 2265 egopro
1274 2201 1395 2252 munde
1402 2223 1467 2252 etc.
1488 2216 1582 2263 Quae

898 2271 1056 2317 sequitur
1079 2271 1213 2314 oratio,
1238 2278 1274 2305 et
1288 2270 1379 2305 iram·
1393 2271 1523 2317 spirat,
1546 2278 1583 2306 et

899 2323 1057 2370 gravitati
1081 2323 1178 2358 Jovis
1200 2322 1376 2358 convenit.
1403 2322 1582 2368 Maiestati

898 2377 997 2413 Jovis
1022 2377 1240 2412 conveniunt
1265 2376 1340 2419 illa,
1367 2388 1445 2422 quae
1462 2375 1506 2410 de
1524 2389 1582 2410 re·-

898 2443 970 2477 gno
988 2429 1113 2465 mundi
1126 2456 1136 2473 ,
1165 2428 1209 2464 de
1225 2427 1414 2474 puniendis
1433 2428 1582 2463 sceleri-

897 2484 964 2519 bus
975 2511 985 2525 ,
1004 2482 1047 2518 de
1062 2483 1163 2518 novis
1177 2481 1298 2517 incolis
1314 2489 1417 2517 terrae
1433 2480 1557 2517 dandis
1570 2507 1581 2525 ,

900 2536 944 2571 de
964 2535 1113 2581 imperio
1128 2547 1192 2569 suo
1219 2535 1257 2569 in
1276 2534 1373 2569 Deos
1386 2560 1396 2578 ,
1414 2533 1581 2580 loquitur.

896 2587 1153 2634 Indignitatem
1161 2586 1212 2621 rei
1219 2585 1405 2627 commode
1416 2599 1479 2632 per
1485 2598 1581 2622 com-

901 2640 1122 2686 parationem
1142 2652 1225 2674 cum
1240 2638 1434 2686 Gigantum
1452 2645 1582 2674 conatu

901 2693 1026 2740 (quem
1050 2693 1159 2729 lector
1183 2691 1291 2727 modo
1311 2690 1493 2738 cognovit)
1519 2703 1583 2726 os-

903 2745 1037 2790 tendit3
1066 2753 1141 2782 erat
1158 2745 1256 2782 enim
1280 2752 1316 2782 et
1332 2745 1399 2780 hoc
1412 2771 1421 2789 ,
1447 2743 1582 2780 crimen
