1832 3100
213 251 242 294 6
723 248 1096 295 ῬΒιἘῈΑΤΙΟ

217 362 380 409 quum,
409 341 531 409 quod
554 343 593 391 ei
617 342 779 409 pudori
803 355 916 401 erat,
943 355 1010 392 ter
1030 343 1172 392 victus
1201 356 1315 392 esset
1348 345 1402 392 ab
1438 342 1627 392 Hercule

215 430 418 479 nondum
448 431 559 479 Dec.
594 432 760 480 Cornix
789 431 898 480 adeo
922 450 1054 479 corvo
1084 450 1170 480 una
1197 430 1384 489 volanti,
1409 450 1505 497 quae
1530 450 1628 481 aves

217 518 415 583 quaedam
437 537 575 584 passae
599 531 741 577 erant,
766 508 921 567 notum
938 519 1055 568 facit.
1081 521 1165 567 Est
1183 519 1331 576 etiam,
1354 518 1435 567 ubi
1447 517 1629 566 Themis

211 606 479 655 mutationes
503 607 674 655 futuras
697 607 972 655 vaticinatur.
1001 607 1257 655 Nonnullos
1279 607 1456 672 mythos
1478 605 1630 672 paucis

212 706 344 759 poeta
380 695 660 752 transmittit,
685 707 736 743 ut
755 695 918 744 Bacchi
939 697 1133 744 nutrices
1154 695 1320 743 vetulas
1336 732 1348 753 ,
1374 695 1538 761 quibus
1556 695 1631 760 ju—

213 793 368 846 ventus
384 801 408 829 a
424 783 582 830 Medea
597 783 808 842 redditur,
821 796 884 839 et,
903 783 1024 849 quod
1036 783 1227 841 mireris,
1245 781 1631 831 celebratissimam

215 868 323 917 adeo
359 869 782 932 Gigantomachiam.
820 871 1071 933 Quosdam,
1097 871 1263 937 quippe
1285 872 1445 937 parum*
1463 888 1632 919 memo·-

215 958 405 1017 rabiles,
431 960 567 1007 verbo
605 970 772 1007 tantum
800 959 953 1022 tangit.
989 959 1066 1007 >Sic
1097 978 1185 1007 una
1216 979 1268 1007 ex
1301 958 1630 1025 Minyeidibus,

215 1045 425 1093 dubitans
437 1082 448 1103 ,
467 1046 575 1111 quid
590 1066 612 1094 e
626 1046 778 1095 multis
794 1047 1076 1113 potissimum
1092 1047 1270 1104 referat,
1285 1058 1330 1094 et
1343 1045 1476 1094 altera
1487 1082 1499 1104 ,
1520 1064 1631 1111 prae-

214 1133 418 1181 teritione
443 1132 661 1182 rhetorica
690 1146 840 1192 utens,
866 1134 1062 1201 plurium
1090 1146 1343 1207 argumenta
1376 1132 1630 1181 brevissime

214 1233 461 1278 recensent3
482 1240 561 1270 nec
581 1221 707 1271 aliter
721 1241 766 1270 se
782 1222 969 1280 habent,
991 1240 1087 1288 quae
1103 1221 1306 1269 Arachne
1324 1220 1455 1277 texit,
1471 1231 1515 1268 et
1535 1237 1631 1285 quae

219 1308 420 1356 Minerva
441 1328 540 1356 cum
558 1328 606 1356 ea
630 1321 800 1358 certans
823 1310 870 1357 in
888 1311 1091 1359 extremis
1108 1310 1241 1358 vestis
1261 1309 1464 1376 partibus
1486 1307 1630 1375 ponit.

218 1386 377 1443 Medea
399 1394 603 1443 sublimis
627 1395 800 1458 fugiens
822 1416 874 1444 ex
896 1403 991 1445 ae're
1009 1397 1194 1463 despicit
1215 1396 1309 1444 loca
1330 1395 1468 1444 multa
1490 1397 1633 1444 transss

215 1481 557 1531 formationibus
580 1495 709 1540 nota,
731 1503 826 1549 quae
842 1503 932 1531 non
951 1495 1201 1541 narrantur,
1222 1483 1299 1532 sed
1312 1483 1632 1531 tantumattin-

218 1581 398 1630 guntur.
439 1571 605 1618 Verum
628 1570 676 1618 in
701 1570 830 1633 longe
855 1570 1058 1637 plurimis
1082 1570 1248 1633 ingenii
1271 1570 1419 1636 copias
1443 1569 1633 1617 Ovidius

215 1655 396 1715 effudit,
418 1668 460 1704 et
479 1669 691 1723 quantum
708 1659 842 1707 rebus
854 1659 1037 1722 'flumine
1055 1657 1266 1707 orationis
1283 1655 1545 1704 exornandis
1560 1674 1634 1704 va-

213 1744 323 1792 leret
337 1745 553 1813 ostendit,
572 1765 620 1793 ea
637 1736 814 1811 quidem
829 1746 1055 1803 varietate,
1074 1756 1124 1793 ut
1138 1743 1493 1814 nune-historici,
1514 1761 1634 1791 nunc

214 1831 440 1879 dramatici
460 1843 607 1898 partes
629 1844 800 1894 ageret;
827 1852 912 1897 qua
929 1833 1026 1899 ipsa
1046 1851 1092 1880 re
1111 1830 1358 1895 plurimum
1374 1830 1528 1892 gratiae
1541 1848 1635 1878 can-

213 1919 323 1966 mini
349 1918 621 1967 conciliatur.

279 2007 429 2054 Primo
449 2006 675 2068 ingenium
698 2005 853 2054 lectori
871 2005 919 2055 in
935 2003 1398 2064 transformationibus
1420 2004 1531 2069 ipsis
1557 2004 1630 2053 de-

216 2089 462 2138 scribendis
476 2089 716 2154 approbat;
737 2089 783 2149 in
796 2105 905 2154 quas
914 2089 1032 2137 ‘enim
1043 2089 1143 2136 novi
1162 2089 1363 2154 corporis
1376 2099 1522 2154 partes
1540 2089 1631 2137 sin-

214 2173 317 2235 gula
329 2173 480 2220 formae
498 2172 660 2238 prioris
676 2172 870 2220 membra
891 2172 1155 2229 transierint,
1168 2172 1426 2231 suavissime
1445 2183 1630 2229 enarrat,

212 2268 343 2322 atque
368 2256 427 2304 ita
451 2255 693 2304 multorum
715 2255 1023 2313 animantium,
1044 2254 1281 2304 multarum
1298 2256 1402 2304 item
1421 2254 1630 2309 arborum

213 2339 488 2406 aliarumque
508 2359 654 2388 rerum
678 2351 878 2387 naturam
900 2338 1080 2387 mirifice
1098 2339 1257 2405 pingit.
1287 2338 1422 2409 Cycno
1439 2337 1485 2386 in
1509 2356 1630 2387 avem

213 2422 283 2469 sui
310 2423 504 2470 nominis
525 2422 801 2480 transeunti,
821 2423 890 2480 II,
914 2420 1007 2487 373
1024 2458 1044 2479 „

326 2563 336 2573 .
353 2562 363 2573 .
379 2562 390 2573 .
426 2536 514 2576 Vox
535 2545 593 2576 est
611 2544 760 2578 tenuata
778 2536 883 2586 viro,
904 2549 1079 2588 canaeque
1095 2534 1248 2588 capillos

319 2601 569 2641 Dissimulant
591 2602 750 2655 plumae,
771 2603 987 2656 collumque
999 2617 1026 2652 =a
1048 2610 1201 2657 pectore
1222 2601 1381 2656 longum

318 2666 557 2721 Pon-igitur,
579 2668 794 2722 digitosque
812 2669 902 2724 ligat
919 2669 1093 2722 junctura
1112 2665 1312 2706 rubentes:

319 2732 446 2772 Penna
465 2732 560 2773 latus
579 2734 711 2781 vestit3
737 2742 841 2774 tenet
862 2749 905 2775 os
930 2734 1010 2775 sine
1033 2734 1203 2775 acumine
1217 2740 1394 2774 rostrum.
