1832 3100
285 256 371 317 370
398 297 401 299 ,

654 253 706 298 Ρ.
739 253 973 300 OVIDII
1005 246 1309 299 NASONIS

286 350 398 398 Cum
422 346 636 411 genetrice
652 384 664 407 ‚
687 346 859 405 favent,
886 346 1148 414 ululatuque
1171 349 1280 396 atria
1303 347 1540 415 complent.

285 426 373 476 Sed
396 445 532 475 sonus
557 444 778 476 armorum
799 436 998 492 superat,
1026 425 1301 492 gemitusque
1323 425 1584 484 cadentum;

284 504 575 571 Pollutosque
600 503 733 553 semel
750 502 892 552 multo
911 501 1096 550 Bellona
1119 503 1305 551 Penates
1637 515 1699 551 155
1738 527 1742 531 ·

281 583 503 646 Sanguine
526 580 777 649 perfundit3
803 590 1097 645 renovataque
1120 579 1271 645 praelia
1293 581 1459 630 miscet.

1672 626 1697 643 s

283 661 522 720 Circueunt
544 678 683 708 unum
706 658 929 714 Phineus,
954 668 998 705 et
1019 656 1138 705 mille
1163 658 1341 724 sequuti

281 737 447 786 Phinea
467 758 476 785 :
499 736 584 785 tela
604 735 757 784 volant
774 734 961 783 hiberna
983 734 1194 797 grandine
1218 734 1347 801 plura

280 817 443 864 Praeter
466 826 701 879 utrumque
726 812 841 861 latus
856 849 868 871 ‚
895 811 1139 879 praeterque
1160 824 1204 860 et
1226 811 1375 861 lumen
1389 849 1401 870 ‚
1428 824 1471 860 et
1492 830 1631 861 aures.

278 892 487 959 Adplicat
509 892 613 940 hinc
640 891 846 940 humeros
870 889 923 937 ad
946 909 1113 952 magnae
1137 908 1238 938 saxa
1261 889 1500 947 columnae3

1636 903 1699 936 160

277 977 480 1041 Tutaque
503 986 623 1038 terga
647 992 800 1038 gerens
814 1010 826 1030 ,
850 972 1115 1039 adversaque
1138 973 1185 1020 in
1209 972 1382 1036 agmina
1404 990 1555 1020 versus
1573 1009 1586 1030 ‚
1644 1027 1646 1029 v

278 1049 476 1106 Sustinet
496 1057 711 1105 instantes
733 1075 742 1103 :
763 1055 990 1103 instabant
1011 1066 1135 1121 parte
1159 1054 1337 1102 sinistra

280 1138 505 1188 Choanius
527 1137 736 1204 Molpeus
753 1175 764 1196 ‚
791 1137 943 1185 dextra
964 1137 1202 1185 Nabataeus
1224 1135 1459 1184 Ethemon.

276 1222 423 1285 Tigris
445 1233 519 1279 ut,
547 1220 707 1269 auditis
732 1219 902 1268 diversa
920 1218 1030 1267 valle
1055 1218 1246 1267 duorum
1280 1218 1285 1224 '

275 1303 567 1352 Exstimulata
589 1302 700 1350 fame
725 1300 972 1364 mugitibus
996 1311 1294 1348 armentorum
1310 1336 1322 1358 ‚
1636 1311 1696 1347 165

275 1387 452 1444 Nescit,
480 1397 579 1433 utro
601 1384 755 1451 potius
777 1395 904 1442 ruat3
931 1394 974 1431 et
996 1401 1122 1431 ruere
1147 1381 1270 1430 ardet
1294 1392 1482 1447 utroque
1502 1399 1511 1426 :

274 1532 350 1562 ven!
358 1531 417 1560 aut
432 1526 567 1558 student
580 1522 638 1567 qui
650 1528 844 1566 spectantes
857 1519 954 1555 dictis

272 1587 308 1615 et
330 1578 425 1612 sactis
448 1576 647 1617 declarant,
666 1574 721 1607 cui
742 1573 830 1618 parti
846 1572 955 1607 dediti

271 1630 569 1668 sint.—Ulalatus‚
582 1626 715 1660 clamor
724 1625 953 1659 seminarum:

271 1684 396 1720 confer
413 1679 484 1715 XII
500 1705 509 1722 ,
532 1678 606 1711 225.

321 1737 390 1778 154.
404 1734 558 1775 Superat,
577 1728 762 1772 obstrepit,
785 1728 953 1773 ἀνι-φωνεῖ.

272 1787 377 1822 ...Ut
391 1786 510 1819 Pallas
523 1788 558 1815 et
574 1781 720 1814 Fortuna
731 1806 740 1820 ‚
763 1779 809 1813 sic
825 1785 861 1813 et
877 1779 955 1812 Bel-

271 1844 353 1876 Iona
360 1837 442 1872 huic
455 1844 580 1880 pugnae
592 1831 770 1865 intererat.
780 1848 824 1856 —-
834 1832 954 1864 Pena—

274 1899 324 1928 tes
340 1891 476 1926 stabant
488 1888 522 1920 in
535 1886 608 1930 ipso
618 1883 706 1918 atrio
719 1882 760 1916 ad
780 1883 908 1916 focum.
924 1881 954 1916 Ii

264 1945 504 1991 polluebantur
517 1936 684 1982 sanguine
711 1935 837 1979 injuste
866 1935 952 1968 suso.

273 1998 326 2032 Ita
346 1993 495 2041 graviter
512 1988 650 2024 ornavit
668 1986 771 2021 illud:
787 1992 885 2020 aucta
903 1992 953 2019 est

273 2049 383 2085 caedes
401 2045 508 2081 semel
532 2049 653 2088 coepta.
687 2039 777 2074 Satis
805 2039 923 2073 suisset
942 2065 951 2082 ,

273 2105 408 2137 renovat
422 2099 570 2142 proelt'a‚·
593 2093 653 2129 sed
672 2092 808 2138 plenius
822 2118 831 2135 ‚
853 2104 954 2125 reuo—

275 2151 353 2191 va'ta
373 2156 498 2186 miscet.
533 2150 578 2183 Et
605 2147 730 2181 milites
759 2151 954 2191 pugnantes

274 2202 549 2248 mt'scmlpraelia,
560 2200 656 2244 Virg.
669 2198 798 2243 Georg.
814 2198 861 2240 II,
876 2197 952 2240 282,

275 2269 310 2297 et
328 2259 386 2305 qui
404 2270 462 2292 eos
479 2255 627 2290 excitant
644 2251 685 2286 ad
712 2250 953 2296 pugnandum.

322 2314 393 2347 158.
413 2311 580 2344 Hiberna,
601 2316 706 2349 quam
733 2301 890 2348 procellae
916 2302 952 2335 in

273 2372 404 2400 terram
417 2358 594 2404 dejiciunt.
614 2355 696 2390 AEn.
712 2353 745 2388 X
758 2380 767 2396 ,
786 2355 846 2387 801
860 2365 932 2396 sqq.
946 2364 953 2385 :

278 2418 424 2460 Telaque
443 2412 643 2456 c'onl'ztt'unt,
660 2434 685 2443 ..
697 2434 704 2442 .
727 2409 819 2441 velut
841 2405 953 2449 effusa

270 2474 309 2505 si
323 2470 453 2514 quando
473 2466 635 2509 grandine
661 2462 768 2495 m‘mbi
787 2460 953 2500 Praectjot‘-

200 2526 213 2540 s
274 2525 362 2555 tant.
376 2519 513 2560 CLIX,
531 2516 606 2551 668.
620 2512 721 2558 Apud
738 2512 950 2551 Homerum,

274 2573 315 2608 Il.
334 2572 374 2606 lu
388 2598 397 2614 ,
421 2570 501 2612 156,
518 2580 601 2602 vero
622 2566 687 2600 tela
699 2565 820 2611 νιᾳάᾶες
842 2565 881 2600 ὥς
904 2566 954 2596 πί-

272 2642 342 2661 πτω
359 2629 455 2674 ἔραζε.
466 2639 510 2648 —-·
524 2623 652 2655 Proeter
663 2622 831 2661 utrumque
840 2618 929 2648 lalus
940 2625 952 2654 ,·

274 2679 369 2724 juxta
386 2683 574 2718 utrumque
594 2673 679 2706 latus
694 2696 703 2713 ‚
731 2677 766 2704 et
790 2668 952 2722 dextrum

275 2737 311 2766 et
327 2729 525 2770 sinistrum,
543 2736 720 2771 propeque
737 2729 773 2757 et
788 2721 904 2756 oculos
918 2726 953 2754 et

278 2794 387 2818 aures.
402 2781 466 2814 Ed.

1069 1521 1140 1555 150.
1165 1520 1335 1564 Adplicat
1355 1521 1434 1554 hinc
1458 1520 1611 1553 humeros
1633 1524 1696 1552 etc.

1021 1572 1181 1608 Similem
1205 1571 1394 1606 Alexandri
1418 1582 1574 1617 pugnam
1597 1570 1697 1604 rese-

1019 1631 1105 1658 runt
1122 1623 1221 1658 Curt.
1241 1624 1292 1657 IX
1305 1650 1314 1667 ,
1334 1625 1353 1658 5
1366 1647 1378 1667 ,
1400 1630 1436 1657 et
1451 1623 1580 1657 Justin.
1598 1622 1670 1657 XII
1686 1649 1695 1665 ‚

1019 1688 1041 1722 9
1053 1700 1062 1718 ,
1081 1685 1185 1719 quam
1202 1675 1348 1708 minime
1365 1673 1588 1716 credibilem,
1604 1679 1640 1706 et
1657 1684 1698 1706 ex

1019 1727 1083 1762 hac
1093 1727 1210 1761 Persei
1220 1726 1333 1760 sabula
1341 1725 1458 1760 fictam
1467 1732 1566 1770 putat
1573 1725 1698 1771 Burm'g.

1018 1781 1190 1823 adplt‘care
1202 1778 1297 1812 verb.
1315 1789 1431 1823 propr.
1450 1777 1487 1811 in
1503 1776 1567 1812 hac
1583 1789 1632 1811 re.
1654 1794 1697 1803 -·

1019 1831 1083 1864 Ad
1093 1843 1199 1870 saza,
1218 1829 1313 1863 saxis.
1330 1829 1430 1863 Atria
1446 1835 1564 1862 autem
1580 1827 1697 1862 media

1019 1894 1146 1926 magna
1170 1881 1254 1914 olim
1269 1880 1511 1914 innitebantur
1526 1882 1695 1914 columnae.

1068 1933 1138 1967 162.
1167 1934 1357 1967 Instabanl.
1387 1930 1536 1967 Codices
1559 1931 1669 1966 nostri
1685 1957 1695 1974 ,

1018 1987 1181 2021 instabat.
1189 1983 1280 2018 Vide
1293 1996 1370 2029 quae
1379 1983 1527 2018 diximus
1538 1995 1640 2028 supra
1654 1983 1697 2018 ad

1019 2041 1159 2081 erzjoient
1169 2063 1176 2077 ,
1199 2036 1236 2070 in
1247 2048 1348 2070 versu
1365 2037 1643 2070 12.-Choan1·us
1653 2061 1662 2075 ‚
1679 2047 1698 2069 a

1022 2088 1226 2123 Chaonibus
1244 2088 1303 2133 qui
1320 2100 1360 2122 ex
1376 2087 1614 2132 antiquissima
1631 2087 1698 2122 Pe·

1019 2142 1193 2187 lasgorum
1206 2142 1310 2186 stirpe
1328 2147 1428 2174 erant
1438 2165 1448 2183 ‚
1461 2139 1697 2175 vetustissimis

1019 2195 1237 2240 temporibus
1255 2206 1333 2239 pars
1354 2193 1452 2239 Epiri
1467 2192 1696 2227 habitabatur.

1020 2247 1168 2290 Strabo,
1193 2260 1223 2292 p.
1250 2247 1334 2292 498;
1353 2245 1444 2280 Plin.
1466 2244 1533 2288 IV,
1551 2256 1695 2289 prooem.

1020 2300 1115 2334 Male
1131 2306 1248 2333 autem
1269 2300 1438 2333 Chaonius
1455 2304 1492 2332 et
1513 2299 1696 2332 Nabalaeus

1020 2350 1124 2397 (vide
1136 2352 1176 2386 ad
1195 2352 1232 2394 1,
1250 2351 1289 2385 61
1304 2351 1384 2393 )hic
1394 2351 1600 2395 junguntur.
1611 2350 1695 2385 Non

1019 2404 1124 2449 igitur
1140 2402 1293 2437 dubitavi
1310 2415 1328 2436 e
1346 2401 1478 2449 Micylli
1494 2401 1697 2446 conjectura

1022 2458 1190 2492 Choam‘us
1197 2455 1357 2490 exhibere
1363 2455 1497 2500 :probat
1503 2467 1582 2489 eam
1590 2456 1696 2490 etiam

1020 2508 1243 2544 Harduin.ad
1260 2507 1415 2542 Plinium
1426 2533 1435 2550 ‚
1449 2508 1502 2543 VI
1516 2534 1525 2551 ‚
1539 2509 1580 2543 28
1595 2521 1619 2542 s.
1629 2508 1671 2542 32
1682 2534 1692 2551 ,

1018 2563 1075 2597 ubi
1087 2562 1128 2596 de
1145 2563 1309 2600 Chaonis,
1325 2561 1460 2596 Arabiae
1474 2560 1607 2603 incolis,
1621 2559 1695 2605 agi-

1019 2621 1086 2648 tur.
1104 2631 1146 2640 ·—
1170 2614 1278 2656 qurt's
1295 2619 1359 2647 etc.
1377 2612 1474 2646 Bene
1492 2611 1623 2646 delecta
1638 2610 1692 2644 si-

1018 2665 1187 2699 militudo.
1200 2665 1349 2698 Homer.
1357 2676 1440 2698 vero
1453 2670 1489 2697 et
1500 2663 1596 2707 Virg.
1607 2661 1690 2697 AEn.

1018 2719 1071 2756 15(
1083 2744 1091 2759 ‚
1105 2718 1169 2764 339
1180 2744 1188 2759 ,
1208 2730 1288 2751 cum
1299 2720 1391 2751 leone
1402 2718 1546 2759 impasto
1556 2713 1670 2759 potius
1680 2739 1689 2755 ,

1018 2782 1124 2814 quem
1137 2782 1262 2804 vesana
1266 2769 1382 2813 sames
1393 2769 1551 2808 stimulat,
1564 2765 1692 2800 sortem
