1832 3100
311 206 397 262 254

681 210 732 252 P.
768 210 1002 256 OVIDII
1037 211 1168 256 NAS
1186 213 1346 258 ONIS

309 301 412 349 Vim
437 299 538 349 tulit
559 319 569 349 :
593 301 718 349 enixa
739 314 806 351 est
827 314 954 351 utero
978 302 1274 369 pulcherrima
1294 303 1427 371 pleno

309 377 548 433 Infantem,
574 377 792 444 Nymphis
810 379 899 444 jam
921 398 1040 428 nunc
1063 381 1139 447 qui
1161 393 1311 447 posset
1334 382 1494 439 amari3
1569 420 1572 423 n
1653 397 1719 442 345

306 454 646 521 Narcissumque
668 467 796 504 vocat
815 475 825 504 :
847 456 899 505 de
925 476 1013 523 quo
1038 457 1292 516 consultus,
1318 478 1374 508 an
1394 471 1509 509 esset
1661 473 1663 475 ’

306 535 525 600 Tempora
545 545 724 582 maturae
746 534 921 583 visurus
944 534 1078 597 longa
1102 548 1283 584 senectae
1302 555 1312 593 ;

306 610 528 659 Fatidicus
550 623 669 665 vates
683 649 695 670 ,
719 611 767 659 Si
792 631 836 660 se
859 631 952 660 non
973 612 1153 671 viderit,
1178 612 1338 679 inquit.

305 689 430 737 Vana
453 689 530 737 diu
554 688 643 737 visa
665 700 731 737 est
754 708 840 737 vox
862 689 1039 753 auguris
1061 710 1070 737 :
1092 690 1234 739 exitus
1254 689 1397 748 illam,

305 756 483 832 Resque
506 766 690 832 probat,
717 765 881 832 letique
905 786 1066 829 genus,
1088 767 1351 833 novitasque
1373 765 1551 815 suroris.

1652 779 1719 814 3500

303 844 489 909 Jamque
514 855 579 891 ter
598 843 653 890 ad
678 844 837 909 quinos
859 864 997 893 unum
1023 845 1259 911 Cephisius
1284 864 1448 893 annum

303 920 568 978 Addiderat3
594 933 856 988 poteratque
881 941 992 988 puer
1009 922 1270 988 juvenisque
1292 922 1443 971 videri.

304 996 440 1044 Multi
461 996 586 1045 illum
606 997 812 1062 juvenes,
837 999 987 1051 multae
1011 990 1185 1066 cupiere
1206 998 1378 1066 puellae.

303 1073 389 1120 Sed
415 1073 501 1121 fuit
521 1075 568 1122 in
592 1087 745 1123 tenera
768 1088 857 1123 tam
881 1076 976 1124 dira
1001 1077 1210 1142 superbia
1230 1076 1396 1135 forma;

302 1149 425 1199 Nulli
449 1150 574 1200 illum
593 1152 799 1217 juvenes,
825 1153 959 1202 nullae
982 1154 1160 1218 tetigere
1185 1153 1355 1220 puellae.

1654 1164 1720 1199 355

365 1227 573 1295 Adspicit
593 1229 735 1289 hunc,
762 1230 960 1297 trepidos
985 1231 1222 1294 agitantem
1244 1231 1291 1278 in
1312 1229 1423 1279 retia
1447 1247 1622 1286 cervos,

301 1305 478 1354 Vocalis
501 1307 727 1373 Nymphe3
752 1326 849 1373 quae
869 1327 950 1356 -nec
973 1308 1155 1356 reticere
1175 1307 1397 1374 loquenti,

301 1385 392 1432 Nec
416 1385 540 1450 prior
562 1385 659 1451 ipsa
682 1384 805 1451 loqui
830 1385 1008 1445 didicit,
1030 1384 1295 1435 resonabilis
1317 1384 1458 1434 Echo.

300 1517 415 1558 Idem,
431 1531 519 1553 vers.
535 1518 599 1553 332
612 1544 621 1561 ,
639 1517 683 1553 de
693 1518 761 1553 hoc
775 1525 811 1553 et
821 1518 863 1553 de
874 1519 977 1566 Hya-

297 1568 418 1603 cintho
430 1595 439 1612 ,
456 1582 545 1604 nunc
558 1572 688 1616 inclyta
705 1573 856 1614 germina
870 1574 973 1612 veris,

296 1623 499 1655 Praeslanles
511 1624 590 1655 olim
600 1634 731 1665 pueros.
760 1621 885 1656 Solent
904 1635 976 1656 au·-

296 1680 370 1707 tem
380 1672 418 1707 hi
427 1672 498 1707 duo
508 1680 543 1707 et
554 1673 665 1720 Hylas
677 1680 819 1718 propter
823 1676 976 1718 pulchri-

297 1726 442 1758 tudinem
458 1725 636 1770 conjungi.
654 1744 698 1751 —
718 1727 826 1766 Tulit,
847 1726 975 1761 intulit.

341 1776 417 1819 345.
449 1778 626 1822 Nymphis.
658 1776 808 1812 Codices
835 1778 944 1812 nostri
962 1804 972 1820 ‚

296 1830 457 1875 Nymphe.
475 1829 554 1863 Vox
570 1841 680 1874 graeca
707 1834 819 1876 Νύμφη
836 1856 845 1873 ,
876 1838 916 1864 ut
931 1831 974 1866 sit

296 1879 462 1927 Nympha
483 1880 556 1925 ipsa
582 1881 722 1927 Liriope
738 1907 747 1925 ‚
771 1894 848 1926 quae
875 1882 975 1916 enixa

295 1934 358 1975 sit;
374 1946 448 1969 non
459 1934 487 1968 is
499 1935 560 1980 qui
573 1942 688 1980 posset
703 1935 813 1970 amari
828 1949 847 1970 a
862 1936 974 1983 Nym-

297 1985 382 2030 phis.
403 1985 579 2022 *Deleatur
595 1987 729 2032 virgula
754 1994 831 2033 post
852 1988 976 2032 insan-

296 2042 360 2071 lem
372 2064 379 2077 ‚
399 2045 434 2072 et
450 2046 643 2084 reponatur
659 2046 737 2084 post
753 2042 927 2087 Nympbe,·
941 2047 977 2075 et

296 2101 374 2122 earn
389 2089 577 2125 lectionem
597 2092 787 2137 genuinam
805 2092 976 2137 praetule—

296 2142 382 2176 rim:
395 2142 474 2176 vide
486 2143 577 2178 infra
592 2157 678 2179 vers.
695 2145 758 2190 357
770 2171 779 2188 ,
793 2145 853 2179 ubi
864 2146 976 2192 Nym-

295 2194 363 2240 pbe
387 2195 572 2239 reperitur.
598 2198 664 2230 Ed.
687 2213 731 2224 ·—
752 2199 873 2241 Nunc;
894 2197 974 2232 vide

296 2246 339 2280 ad
356 2246 372 2281 I
388 2272 398 2289 ,
418 2246 494 2281 321.
506 2263 551 2273 ·—
565 2249 742 2283 Fatidicus
756 2254 851 2283 vales
863 2276 872 2293 ,
893 2266 976 2299 χρη-

295 2303 415 2349 στήριος
425 2300 542 2344 μάντις.
552 2318 597 2326 —
610 2302 728 2334 Videre
742 2305 904 2344 tempora,
923 2303 975 2336 vi-

294 2349 410 2384 vendo
433 2363 476 2384 eo
491 2350 685 2396 pervenire.
707 2369 752 2376 —
766 2354 890 2392 Furor,
909 2352 974 2385 in·-

296 2414 399 2435 sanus
417 2414 526 2437 amor.

338 2453 415 2489 352.
429 2456 519 2488 Puer
518 2453 720 2498 juvemkque
730 2480 739 2494 ,
759 2453 781 2488 i.
794 2466 823 2488 e.
836 2452 973 2488 medius

295 2510 370 2538 erat
393 2503 486 2539 inter
510 2511 721 2550 utrumque;
744 2504 822 2539 vide
838 2503 880 2538 ad
896 2504 970 2547 IV,

299 2569 347 2599 17.
360 2574 405 2582 ·--
422 2559 564 2600 Cupere,
583 2564 623 2591 ut
633 2562 763 2600 petere,
782 2556 825 2590 de
843 2568 971 2590 aman-

296 2609 385 2642 tibus
415 2615 450 2643 et
483 2609 657 2644 connubia
692 2610 902 2654 optantibus.
928 2627 972 2634 —-

297 2661 455 2705 Quidam
467 2689 476 2706 ,
488 2667 623 2706 petiere.
638 2664 756 2699 Nostri
778 2664 877 2709 Regii
891 2689 899 2706 ,
917 2676 972 2697 cu-

290 2717 391 2757 piere.
409 2732 452 2739 --
475 2716 508 2748 T
502 2727 618 2756 encra,
637 2715 790 2760 pulchra.
806 2734 850 2742 -
871 2717 970 2750 Dira.

1042 1519 1111 1553 Alii
1128 1518 1260 1553 habent
1278 1519 1363 1552 dura
1379 1516 1474 1562 quod
1491 1528 1566 1551 non
1583 1515 1719 1560 impro-

1038 1572 1098 1607 bat
1118 1572 1366 1613 Burmannus,
1394 1569 1475 1614 quia
1498 1571 1634 1612 tetigere
1656 1580 1720 1602 se·-

1039 1622 1174 1666 quitur,
1190 1633 1254 1666 pro
1274 1633 1344 1665 quo
1361 1627 1480 1654 tamen
1497 1619 1552 1653 alii
1562 1644 1572 1662 ,
1580 1621 1717 1663 flexere.

1040 1671 1144 1706 Idem
1169 1671 1275 1706 verba
1287 1671 1396 1715 suit...
1411 1669 1549 1713 forma,
1570 1682 1635 1714 per
1648 1681 1719 1714 pa—

1040 1723 1219 1758 renthesin
1244 1722 1379 1766 adjecta
1406 1727 1515 1767 putat.
1535 1738 1585 1754 ,·-·
1615 1720 1717 1766 Regii

1043 1774 1190 1811 Codices
1201 1800 1211 1817 ,
1227 1774 1586 1817 dum—superbiant
1595 1784 1717 1808 aman-

1040 1827 1130 1862 tium
1143 1853 1152 1870 ,
1176 1826 1237 1871 qui
1251 1825 1422 1865 fastidiosi
1434 1837 1508 1862 non
1522 1824 1718 1860 redamant.

1041 1878 1158 1913 Tibul.
1174 1879 1211 1921 I,
1228 1887 1300 1912 vnl
1312 1903 1323 1921 ,
1339 1877 1385 1924 69
1395 1902 1406 1920 ,
1416 1877 1580 1921 fastidia.
1603 1876 1716 1912 Iidem

1041 1935 1127 1973 diri,
1144 1931 1311 1966 crudeles.
1325 1931 1408 1966 Non
1423 1930 1530 1976 igitur
1545 1936 1638 1973 erat,
1654 1941 1717 1964 cur

1039 1985 1267 2020 Burmannus
1287 1985 1373 2018 dura
1390 1983 1520 2018 mallet.
1544 2001 1589 2011 -ο-
1617 1985 1717 2017 Ταϋ-

1037 2051 1130 2082 gere,
1156 2037 1297 2072 flectere
1314 2037 1390 2082 ejus
1408 2037 1567 2072 animum
1585 2043 1717 2082 potue-

1039 2098 1140 2130 runt,
1159 2097 1199 2124 ut
1224 2091 1291 2133 IV,
1312 2089 1382 2134 164.
1407 2090 1455 2125 Et
1469 2096 1522 2124 est
1537 2091 1664 2134 flexere
1678 2088 1717 2122 in

1040 2144 1144 2178 Varr.
1157 2143 1250 2177 Leet.
1261 2142 1479 2177 Lusuautem
1488 2142 1562 2186 illo,
1572 2154 1636 2176 vss.
1651 2141 1716 2176 353

1039 2201 1075 2229 et
1084 2195 1161 2236 355,
1174 2194 1338 2239 expressit
1350 2193 1465 2235 Catul.
1478 2193 1597 2229 Cat-m.
1607 2193 1716 2238 Nupt.

1040 2248 1082 2281 58
1099 2259 1107 2280 :
1125 2247 1231 2280 Multi
1240 2248 1334 2279 illum
1355 2249 1471 2290 pueri,
1494 2247 1604 2279 mulla·
1619 2249 1717 2287 opla-

1038 2312 1109 2333 verc
1119 2301 1250 2342 puelle.
1265 2300 1358 2332 Idem
1378 2311 1476 2343 quum
1491 2300 1587 2332 tenui
1596 2300 1716 2340 captus

1037 2352 1189 2394 deflorut'l
1210 2353 1330 2394 ungui,
1358 2351 1459 2383 Nulli
1477 2351 1572 2382 illum
1592 2351 1713 2391 pueri,

1037 2406 1136 2437 nullae
1159 2407 1311 2446 optavere
1323 2404 1454 2446 puelle.
1599 2409 1605 2414 ·

1081 2454 1156 2490 356.
1177 2454 1339 2497 Adspicit
1353 2455 1442 2488 bunc
1454 2460 1519 2488 etc.
1542 2453 1595 2488 Ut
1615 2453 1713 2487 Nar-

1036 2507 1140 2541 cissus
1159 2505 1201 2540 ad
1220 2505 1319 2540 Echo
1340 2506 1378 2540 in
1396 2506 1487 2541 silvis
1513 2501 1712 2540 versantem

1036 2565 1071 2593 et
1087 2558 1130 2592 ad
1144 2559 1279 2593 sontem
1291 2557 1478 2593 commode
1496 2557 1619 2593 deduci
1630 2569 1708 2602 pos-

1035 2618 1108 2654 set,
1127 2618 1312 2657 propterea
1327 2624 1459 2646 venans
1471 2610 1711 2645 inducitur.—

1041 2666 1194 2703 Vocalis,
1214 2675 1297 2697 voce
1314 2662 1485 2697 notabilis.
1506 2661 1634 2696 Obiter
1647 2660 1711 2693 'sed

1035 2714 1219 2750 commode
1240 2714 1343 2759 hujus
1359 2713 1531 2760 Nymphae
1553 2712 1620 2746 sata
1644 2723 1709 2744 su·-
