1832 3100
352 262 1040 316 METAMORPHOSEON
1075 265 1204 309 LIB.
1237 266 1338 308 III.

1467 263 1556 325 249

137 385 161 408 »
189 362 278 411 Det
298 360 383 410 tibi
406 358 689 427 complexus;
713 377 879 424 suaque
907 368 1006 406 ante
1028 358 1221 421 insignia
1247 369 1403 407 sumat.
1429 380 1451 401 »

133 439 317 489 Talibus
339 438 535 502 ignaram
557 438 680 486 Juno
707 436 944 486 Cadmeida
973 435 1102 484 dictis

133 518 362 567 Fomiarat
381 537 392 565 :
415 510 544 580 rog'at
563 515 638 565 illa
660 516 815 564 Jovem
838 515 932 563 sine
956 514 1137 563 nomine
1161 531 1338 562 munus.

135 595 221 644 Cui
243 596 389 654 Deus,
419 617 443 638 «
467 593 620 658 Elige,
642 594 728 653 >ait;
751 592 918 642 nullam
940 592 1106 660 patiere
1129 591 1363 658 repulsam.

124 689 162 717 '>›
187 673 548 741 Quoquemagis
573 673 746 731 credas,
774 672 917 739 Stygii
942 689 1122 739 quoque
1144 671 1322 719 conscia
1346 681 1476 718 sunto
1499 693 1562 728 πρυ

137 775 160 795 n
186 752 379 801 Numina
400 752 608 801 torrentis
633 771 643 799 :
670 751 803 799 timor
825 762 869 799 et
891 751 1014 799 Deus
1037 748 1111 798 ille
1138 749 1351 797 Deorum.
1376 770 1399 790 »

132 831 252 879 Laeta
275 828 422 888 malo,
439 829 716 896 nimiumque
738 840 923 896 potens,
947 827 1233 894 perituraque
1255 824 1443 874 amantis

134 907 369 974 Obsequio
393 906 588 966 Semele,
616 930 647 960 (ι,
667 906 860 972 Qualem
883 905 1113 963 Saturnia,
1138 904 1276 961 dixit,

137 1007 160 1028 n
186 987 252 1035 Te
275 984 390 1034 solet
411 983 639 1052 amplecti,
665 985 852 1034 Veneris
877 1004 1017 1051 quum
1034 983 1179 1032 foedus
1202 982 1325 1030 initis
1339 1019 1350 1039 ,

137 1087 160 1107 »
187 1064 259 1113 Da
281 1063 392 1112 mihi
414 1075 456 1112 te
479 1063 623 1112 talem.
649 1086 671 1106 >›
698 1063 858 1112 Voluit
875 1064 1000 1112 Deus
1024 1082 1101 1110 ora
1122 1061 1347 1128 loquentis
1497 1073 1561 1119 ²95

135 1142 402 1209 Opprimere
420 1163 430 1190 :
453 1142 617 1190 exierat
637 1142 725 1207 jam
749 1160 835 1189 vox
856 1152 1096 1208 properata
1118 1139 1202 1188 sub
1227 1158 1366 1188 auras.

135 1219 386 1282 Ingemuit;
408 1238 552 1287 neque
579 1219 695 1267 enim
716 1238 806 1267 non
829 1219 921 1267 haec
948 1231 1124 1286 optasse
1139 1257 1150 1277 ,
1176 1237 1320 1285 neque
1343 1217 1417 1265 ille

135 1298 241 1346 Non
262 1297 430 1362 jurasse
453 1297 604 1364 potest
629 1317 639 1346 ε
666 1315 770 1360 ergo
792 1297 1104 1346 -moestissimus
1129 1295 1267 1345 altum

138 1375 324 1425 AEthera
343 1364 627 1434 conscendit,
651 1387 853 1442 nutuque
878 1374 1108 1440 sequentia
1131 1374 1263 1422 traxit

127 1453 333 1523 .Nubila;
360 1455 460 1522 quis
484 1454 663 1502 nimbos
678 1491 690 1513 ,
713 1453 1001 1519 immixtaque
1020 1451 1198 1515 fulgura
1221 1451 1363 1501 ventis

1499 1465 1564 1498 300

137 1532 352 1591 Addidit,
377 1544 422 1582 et
445 1533 659 1590 tonitrus,
684 1544 728 1580 et
748 1530 1001 1579 inevitabile
1023 1529 1204 1579 fulmen.

134 1612 240 1676 Qua
262 1622 405 1659 tamen
427 1620 570 1676 usque
590 1620 766 1676 potest,
789 1609 903 1657 vires
928 1607 1014 1657 sibi
1039 1607 1208 1657 demere
1234 1619 1399 1656 tentat:

134 1749 206 1787 Od.
230 1761 280 1785 lv.
301 1769 346 1778 —
368 1751 565 1791 bbmarat,
590 1750 813 1786 instruxerat.

135 1802 218 1839 Vid.
233 1802 348 1839 Graev.
365 1801 410 1838 ad
425 1802 557 1838 Justin.
574 1803 663 1846 XX,
683 1814 740 1846 Jv,
760 1803 792 1837 3.

179 1859 399 1906 291,..1'e’mor
419 1861 456 1892 et
476 1858 572 1892 Deus
597 1863 662 1892 etc.
688 1855 814 1892 Ordo:

133 1915 169 1946 cl
182 1913 243 1946 ille
256 1911 353 1946 Dans
367 1914 422 1946 αἱ
434 1913 534 1945 timor
546 1910 705 1949 Deorum,
718 1908 814 1944 hunc

136 1974 289 2009 quoque.
301 1961 364 1997 Dii
391 1961 517 1997 timere
542 1961 666 1997 solent.
692 1961 817 1995 Burm.

131 2014 233 2053 Mate
248 2014 367 2060 itaque
383 2012 485 2048 Rode
504 2039 515 2056 ,
537 2015 592 2048 die
607 2014 733 2048 Furcht
748 2040 757 2055 ‚
771 2015 817 2058 ja

137 2071 194 2104 die
212 2069 366 2104 Gottheit
375 2069 437 2104 det:
451 2069 598 2103 Goeller.

182 2132 258 2168 ²9²·
267 2121 478 2164 Nimiumque
485 2123 618 2164 potens.
628 2117 688 2153 Sic
700 2130 819 2153 rursus

139 2178 286 2218 occupat
304 2177 472 2206 eventum
490 2170 552 2205 rei.
581 2172 728 2205 Nimium
745 2183 818 2215 po-

138 2230 232 2266 tens,
250 2224 404 2260 nimium
419 2222 538 2258 valens
553 2222 711 2268 precibus
727 2221 819 2268 apud

139 2277 332 2313 Jovem.—
343 2276 510 2321 Obsequio
524 2278 683 2312 amantis.
700 2274 819 2309 Etiam

139 2330 232 2366 Fast.
247 2329 300 2366 VI
313 2356 322 2374 ,
342 2330 406 2374 485
416 2342 424 2364 :
434 2329 580 2364 Arsera!
591 2332 748 2374 obsequio
759 2330 820 2364 Sc-

138 2386 223 2418 mele
237 2384 347 2419 Jovt‘s.
361 2382 530 2428 Exposuit
546 2381 589 2416 de
603 2381 638 2416 h.
653 2395 684 2417 v.
695 2381 820 2417 Burm.

140 2434 185 2470 ad
193 2435 347 2481 Quintil.
359 2435 466 2480 vlu,
479 2435 565 2473 Inst.
581 2433 682 2470 Orat.
694 2446 753 2478 111,
765 2435 817 2470 35.

139 2506 185 2515 —-
202 2487 461 2533 Venemsaedus
469 2491 564 2523 inire.
581 2486 745 2533 Apollod.
762 2489 821 2533 οἷος

142 2543 209 2582 ἦλθε
233 2543 455 2586 μνηςευέμενος
484 2532 574 2591 ἦραν.
598 2540 697 2575 Infra
724 2541 796 2576 VII
807 2567 817 2584 ,

143 2604 228 2638 710,
246 2592 383 2637 sadera
407 2594 496 2627 lecti.
526 2592 568 2627 A.
595 2592 638 2627 A.
664 2593 706 2636 I,
724 2592 789 2636 462
808 2619 818 2637 ‚

140 2646 337 2679 concubitus
351 2643 496 2688 sedem.
515 2644 619 2680 Silius
632 2670 643 2690 ,
662 2645 697 2680 II
709 2670 719 2688 ‚
749 2645 792 2678 85
809 2670 818 2689 ,

147 2697 285 2731 Veneni
291 2697 772 2742 jamsoedempassae.-Dare
785 2710 822 2731 se

142 2750 254 2784 aldan·
264 2748 345 2784 alias
369 2749 412 2784 de
438 2749 606 2795 obsequio
627 2756 663 2784 et
682 2748 821 2795 gratifi-

143 2801 277 2837 catione
305 2801 451 2847 dicitur,
481 2801 540 2838 sed
564 2814 660 2839 nunc
677 2800 720 2836 de
738 2814 818 2836 am-

879 1750 1044 1797 plexibus.
1067 1769 1112 1777 —-
1137 1751 1330 1795 opprimere
1343 1775 1352 1790 ,
1380 1746 1563 1783 claudere:

879 1803 958 1839 vide
968 1804 1142 1838 Buenem.
1153 1801 1196 1837 ad
1208 1803 1365 1837 Lactant.
1378 1801 1462 1835 Inst.
1473 1799 1520 1843 V,
1536 1813 1564 1833 1.

923 1870 998 1904 299.
1032 1854 1139 1902 Apud
1166 1853 1329 1901 Apollod.
1351 1853 1459 1887 intrat
1478 1850 1564 1886 tha-

879 1908 1015 1943 lamum
1027 1935 1037 1952 ‚
1053 1909 1099 1956 ‘'50’
1113 1910 1248 1959 ἅρματος
1258 1900 1414 1956 ἆςραπαῗς
1430 1907 1503 1951 ἐμοῦ
1513 1909 1567 1941 καὶ

882 1967 1029 2011 βρονταῖς.
1049 1961 1097 1995 H.
1108 1961 1130 1995 l.
1142 1961 1250 1995 sumit
1262 1959 1420 1994 habitum
1432 1984 1442 2002 ,
1457 1970 1565 2004 quem

882 2014 1007 2049 caelum
1032 2020 1192 2060 tempore
1210 2012 1425 2058 tempestatis
1450 2011 1566 2046 habet.

883 2083 928 2093 -
942 2068 1097 2112 Nuluque
1119 2065 1288 2101 Heinsius
1306 2064 1403 2100 dedit
1427 2076 1469 2098 ex
1491 2075 1566 2098 uno

884 2131 949 2164 pro
962 2121 1153 2164 vultumque
1168 2125 1228 2152 aut
1244 2120 1428 2162 vultusque.
1448 2134 1492 2142 —-
1508 2115 1566 2151 Sic

884 2178 920 2206 et
934 2170 1045 2206 nostri
1061 2170 1183 2216 Regii,
1199 2172 1398 2213 vultumque.
1413 2185 1457 2194 —-
1470 2168 1574 2212 Sequi

883 2222 1050 2259 dicuntur
1064 2235 1142 2268 quae
1156 2221 1254 2257 facile
1271 2228 1419 2267 parent:
1436 2219 1513 2254 vide
1525 2218 1567 2254 ad

884 2275 976 2311 Plin.
986 2275 1061 2311 VII
1074 2302 1083 2320 ,
1099 2275 1165 2320 Ep.
1178 2286 1217 2311 lx
1228 2301 1237 2319 ,
1259 2288 1272 2308 1
1283 2288 1295 2309 1
1313 2300 1322 2318 ,
1334 2280 1370 2308 et
1387 2273 1473 2308 Pan.
1484 2283 1567 2316 xnv,

886 2331 916 2364 5.
932 2346 976 2354 —
994 2330 1143 2373 Fulgura
1168 2334 1204 2362 et
1216 2327 1351 2372 fulmen
1375 2326 1568 2361 disserunt:

874 2381 1010 2426 fulmen
1024 2389 1076 2417 est
1086 2381 1197 2417 telum
1209 2380 1293 2416 illud
1306 2407 1315 2424 ,
1333 2379 1428 2426 quod
1445 2393 1464 2414 a
1478 2379 1567 2413 Jove

884 2434 921 2470 in
931 2441 1063 2469 terram
1074 2433 1212 2468 demitti
1223 2430 1572 2475 credebatur3sul5ur

885 2493 1004 2522 autem
1017 2513 1026 2530 ,
1044 2486 1247 2521 coruscatio.
1257 2503 1301 2511 -
1313 2483 1369 2518 De
1378 2483 1570 2518 fulminum

886 2539 1090 2586 generibus,
1106 2538 1197 2573 Plin.
1218 2537 1253 2572 ΙΙ
1266 2563 1276 2580 ,
1296 2538 1350 2570 51.

930 2594 1006 2628 302.
1031 2594 1108 2636 Qua
1118 2619 1127 2634 ,
1159 2592 1196 2626 in
1214 2583 1398 2636 quantuni.
1428 2588 1487 2624 sie
1503 2601 1569 2623 ex—

886 2646 1033 2692 plicatur
1047 2644 1085 2679 in
1102 2643 1375 2689 glossa.—Se'b1',
1398 2641 1476 2676 telis
1490 2641 1570 2676 suis.

888 2698 921 2733 A
940 2696 1062 2743 Vix-gil.
1080 2695 1221 2731 AEneid.
1237 2695 1254 2730 1
1267 2722 1277 2739 ,
1292 2695 1357 2730 665
1368 2721 1378 2739 ,
1394 2693 1493 2728 Jovis
1503 2696 1572 2727 lela

893 2752 1042 2798 Typhoea
1056 2754 1396 2792 commemorantur,
1414 2754 1454 2782 ut
1467 2746 1571 2780 maxi-

888 2816 946 2840 me
965 2802 1152 2849 terribilia,
1172 2801 1253 2848 quia
1276 2802 1442 2849 Typhoeus
1458 2826 1466 2841 ‚
1492 2799 1568 2834 iin-
