1832 3100
244 226 303 268 38
636 245 638 250 v
744 290 750 294 l
832 224 1103 269 SERIES.

241 316 477 364 adventum
496 314 671 371 Thesei,
703 335 833 382 quem
855 336 979 383 paene
1002 336 1171 365 veneno
1197 316 1508 365 interfecisset.
1535 317 1665 380 AEgei

242 393 403 457 gaudia
427 393 480 441 de
503 392 596 440 filio
621 405 798 459 recepto
824 394 983 442 turbat
998 394 1167 450 Minos,
1198 393 1366 442 bellum
1391 405 1546 443 contra
1566 414 1667 444 eum

240 489 425 538 parans,
450 469 644 518 collectis
663 470 862 536 undique
887 471 1053 537 copiis,
1080 471 1210 519 etiam
1231 490 1253 519 e
1275 471 1390 519 Paro
1406 508 1418 529 ‚
1444 471 1525 519 uhi
1545 473 1669 520 Arne

241 549 289 596 in
311 547 567 596 monedulam
594 547 736 595 fuerat
760 567 989 605 conversa,
1023 547 1306 614 AEacumque
1330 548 1376 596 in
1397 559 1545 614 partes
1566 567 1667 597 suas

241 625 413 673 trahere
436 625 633 691 cupiens.
672 626 735 672 At
757 624 831 673 ille
852 625 906 673 ab
930 626 1071 688 AEgeo
1096 625 1242 682 stetit,
1277 636 1322 674 et
1343 625 1399 673 ad
1423 644 1523 673 eum
1545 624 1668 695 Myr-

240 703 418 750 midones
438 721 563 760 suos,
587 714 693 768 post
717 721 892 764 gravem
916 713 1083 768 pestem
1100 721 1122 750 e
1125 701 1315 768 sormicz's
1334 713 1458 750 ortos
1471 739 1483 759 ‚
1501 700 1666 750 auxilio

241 781 396 839 misit,
424 780 531 828 duce
568 780 753 846 Cephalo
783 780 1071 838 Atheniensi,
1098 779 1174 846 qui
1197 779 1349 827 Phoco
1365 816 1377 837 ,
1402 779 1527 827 AEaci
1547 778 1666 837 filio,

243 870 394 907 narrat
414 896 425 916 ,
464 858 693 924 quomodo
721 859 776 906 ab
801 859 976 907 Aurora
999 869 1042 905 et
1074 869 1229 923 raptus
1256 869 1300 905 et
1324 857 1409 904 alia
1423 856 1570 923 sonna
1599 857 1670 905 in·-

242 935 400 993 dutus,
427 935 602 983 Procrin
625 954 808 983 uxorem
832 935 878 982 in
897 934 1161 983 adulterium
1183 934 1432 1000 pellexerit,
1456 935 1512 984 ab
1532 954 1671 1002 eaque

239 1033 295 1062 ex
317 1014 424 1075 fuga
446 1032 617 1061 reversa
641 1032 777 1060 canem
809 1025 852 1061 et
874 1014 1060 1080 jaculum
1085 1013 1328 1078 acceperit,
1370 1032 1563 1079 quorum
1594 1012 1668 1062 ille

242 1110 343 1138 cum
371 1091 497 1154 vulpe
520 1090 735 1138 Thebana
759 1090 806 1137 in
829 1109 976 1138 saxum
998 1106 1236 1138 conversus
1261 1090 1340 1149 sit,
1364 1091 1451 1139 hoc
1475 1102 1622 1139 autem
1645 1109 1670 1139 a

242 1186 288 1215 se
311 1167 592 1233 imprudente
613 1167 798 1215 missum
821 1186 1005 1215 uxorem
1027 1168 1305 1216 interfecerit.
1511 1160 1518 1168 ¹

308 1266 410 1312 LIB.
438 1266 562 1312 VIII.
607 1265 750 1312 Minoi
774 1265 950 1313 interim
978 1266 1206 1328 Megaram
1227 1264 1454 1313 obsidenti
1491 1264 1661 1335 Scylla,

244 1360 391 1389 amore
416 1342 510 1406 ejus
529 1354 677 1408 capta,
703 1342 890 1408 patriam
907 1361 1005 1390 cum
1025 1343 1143 1391 crine
1161 1343 1266 1392 Nisi
1279 1343 1419 1409 patris
1439 1360 1666 1409 purpureo

239 1419 413 1485 prodit3
435 1420 511 1467 sed
525 1431 670 1486 spreta
684 1419 830 1468 abillo
850 1439 987 1486 quum
1003 1420 1208 1468 abeuntis
1225 1420 1327 1468 navi
1343 1419 1575 1467 inhaereret
1587 1456 1600 1477 ‚
1618 1419 1667 1467 in

248 1498 346 1545 cirin
373 1517 491 1545 avem
504 1535 516 1555 ,
542 1510 667 1564 pater
691 1509 835 1546 autem
859 1498 907 1545 in
931 1497 1147 1546 halioeeton
1173 1508 1414 1545 mutantur.
1448 1498 1668 1545 Reversus

242 1574 396 1622 Minos
419 1575 468 1622 in
500 1576 674 1624 Cretam
697 1576 981 1623 Minotaurum
999 1614 1012 1631 ,
1050 1574 1346 1641 opprobrium
1371 1573 1542 1637 generis
1565 1573 1666 1630 sui,

242 1649 500 1717 labyrintho
527 1646 697 1700 Daedali
721 1664 812 1700 arte
834 1652 1006 1719 posito,
1031 1652 1222 1700 includit
1239 1689 1251 1710 ,
1275 1664 1321 1700 et
1340 1651 1503 1700 Atticis
1519 1649 1670 1716 pueris

243 1729 387 1795 pascit
398 1766 409 1787 ‚
437 1749 460 1778 e
476 1730 641 1795 quibus
661 1730 845 1778 Theseus
858 1741 1107 1778 monstrum
1121 1729 1341 1788 interficit,
1357 1741 1489 1797 atque
1505 1726 1669 1778 An‘ad·

243 1826 317 1854 nen
333 1847 345 1863 ,
373 1808 498 1872 cujus
523 1826 608 1874 ope
633 1827 685 1855 ex
702 1806 957 1874 labyrintho
976 1826 1021 1855 se
1044 1807 1348 1873 expediverat,
1375 1824 1522 1854 secum
1541 1822 1668 1872 epa-

244 1885 328 1933 tria
352 1885 528 1933 ductam
550 1886 598 1932 in
622 1885 708 1933 Dia
731 1884 877 1932 insula
899 1884 1132 1950 relinquit,
1156 1885 1235 1933 ubi
1256 1905 1350 1933 eam
1371 1884 1572 1933 Bacchus
1596 1902 1667 1932 as-

244 1961 379 2009 sumit
393 1998 404 2018 ,
427 1962 610 2027 ejusque
629 1961 815 2009 coronam
831 1961 948 2009 inter
963 1961 1097 2009 sidera
1113 1960 1314 2009 collocat.
1336 1960 1548 2010 Doedalus
1562 1979 1666 2008 vero

245 2030 396 2104 quum·
418 2057 468 2086 ex
504 2038 649 2087 insula
684 2038 761 2087 illa
796 2038 1004 2101 aufugere
1038 2058 1132 2087 non
1155 2051 1332 2105 posset,
1367 2038 1447 2087 alis
1475 2038 1666 2087 inventis

243 2121 458 2178 evolavit,
483 2121 560 2168 sed
592 2122 742 2169 Icarus
771 2134 876 2187 post
907 2134 1077 2189 patrem
1110 2123 1262 2172 volans
1298 2111 1552 2172 submersus
1583 2134 1662 2171 est.

244 2197 354 2261 Ejus
390 2198 618 2263 exsequias
655 2198 949 2247 celebrantem
983 2199 1094 2247 vidit
1131 2211 1300 2265 patrem
1314 2235 1327 2256 ‚
1369 2198 1666 2264 gaudiumque

247 2285 405 2322 testata
420 2287 487 2322 est
501 2275 676 2341 perdix,
700 2295 722 2323 e
740 2276 911 2324 Perdice
929 2288 1006 2324 aut
1018 2276 1150 2334 Talo,
1175 2276 1409 2339 ingenioso
1428 2275 1665 2324 multarum

244 2351 390 2400 rerum
412 2353 668 2412 inventore,
705 2373 835 2420 quem
866 2353 1073 2402 Daedalus
1104 2353 1269 2401 invidia
1297 2365 1446 2401 motus
1482 2372 1534 2401 ex
1568 2371 1665 2402 arce

245 2429 455 2478 'Minervae
471 2431 738 2497 praecipitem
751 2432 941 2489 miserat,
956 2430 1467 2479 transfonnata.Theseus
1483 2431 1663 2490 interea,

244 2523 381 2570 quum
404 2504 713 2555 celeberrimus
734 2508 822 2572 jam
842 2519 956 2556 esset
970 2545 982 2565 ,
1009 2508 1066 2556 ad
1086 2526 1229 2574 aprum
1267 2507 1537 2578 Calydonium
1572 2507 1663 2556 tol-

241 2581 423 2630 lendum
439 2596 620 2633 vocatus
638 2597 705 2633 est
717 2623 729 2643 ,
751 2605 882 2651 quem
903 2586 1113 2635 Atalanta
1126 2586 1268 2652 prima
1284 2585 1542 2634 vulneravit.
1562 2585 1663 2634 Me-

241 2661 376 2727 leager
392 2673 538 2710 autem
562 2662 806 2721 interfecit,
839 2663 964 2728 cujus
995 2675 1194 2727 mortem·
1207 2662 1463 2711 acceleravit
1485 2661 1666 2712 Ahhoea

240 2750 401 2797 mater,
429 2739 667 2788 combusto
694 2740 845 2807 stipite
868 2741 1002 2790 fatali.
1041 2741 1238 2791 Theseus
1257 2760 1308 2790 ex
1326 2741 1410 2790 ista
1429 2739 1660 2790 venatione
