1832 3100
297 241 387 297 344

657 245 711 287 P.
756 244 992 289 OVIDII
1028 244 1331 291 NASONIS

300 334 656 401 Admonitorque
682 355 865 402 operum
889 336 992 385 caelo
1016 336 1280 387 clarissimus
1302 338 1392 387 alto

298 412 475 461 Lucifer
499 424 622 461 ortus
647 425 738 461 erat
758 434 768 462 ε
789 414 946 480 pennis
971 414 1078 474 ligat
1095 414 1169 462 ille
1190 415 1394 463 resumtis

298 489 428 538 Parte
454 489 509 537 ab
534 500 719 555 utraque
740 489 899 555 pedes;
925 489 1103 556 teloque
1127 490 1377 554 adcingitur
1398 510 1542 550 unco;

1622 506 1709 542 ⁴665

295 568 357 616 Et
377 565 596 632 liquidum
617 567 751 615 motis
776 565 986 615 talaribus
1011 586 1108 616 aera
1130 567 1272 616 findit.

300 644 521 692 Gentibus
544 643 785 692 innumeris
807 643 1057 710 circumque
1078 644 1278 711 infraque
1299 645 1462 695 relictis
1478 683 1489 704 ‚
1534 682 1537 686 -

296 721 561 786 AEthiopum
586 720 805 786 populos,
835 720 1026 786 Cepheia
1050 722 1267 788 conspicit
1287 742 1398 772 arva.

294 796 391 845 Illic
415 797 678 846 immeritam
699 808 906 846 maternae
923 798 1113 864 pendere
1136 799 1296 862 linguae

287 934 459 962 resectum
471 933 506 961 et
521 926 634 961 adhuc
641 926 796 973 calidum
805 926 962 963 Medusae

286 989 390 1025 eaput
404 994 411 1015 2
424 980 483 1015 sed
503 980 650 1015 Ovidius
662 980 736 1015 haec
748 981 961 1026 coniungere

289 1032 411 1067 maluit
421 1045 501 1066 cum
513 1033 732 1066 Andromeda·
748 1032 965 1075 liberatione,

291 1098 367 1129 quoe
382 1098 463 1119 sane
477 1091 528 1119 est
538 1098 615 1130 pars
625 1084 821 1129 gravissima
832 1085 967 1119 sabulae.

289 1137 379 1172 Earn
392 1164 400 1174 .
421 1149 526 1182 quam
540 1135 878 1183 Hygin.nol1'sse'mas
894 1139 967 1170 his-

288 1193 393 1224 lort'as
402 1195 517 1230 vocat,
536 1194 722 1222 tractarant
733 1187 922 1232 Sophocles
932 1195 967 1222 et

287 1242 482 1287 Euripides.
493 1240 716 1286 Independet
726 1240 898 1274 Eratosth.
914 1255 924 1274 1
933 1243 964 1284 5,

294 1295 356 1338 16,
377 1308 424 1339 ¹7·
449 1293 530 1327 Vid.
549 1300 584 1328 et
601 1293 732 1339 Hygin.
748 1293 816 1327 sab.
839 1292 903 1336 64,
931 1299 967 1327 et

290 1347 330 1380 P.
354 1346 391 1380 Α.
412 1346 469 1387 11,
492 1359 605 1392 9-113
635 1344 794 1390 Apollod.
819 1344 876 1387 II,
902 1355 963 1387 lv,

289 1399 330 1439 3;
350 1398 465 1433 schol.
476 1397 647 1444 Lycophr.
661 1396 742 1436 836;
761 1395 900 1430 Conon.
912 1397 965 1439 4ο.

287 1469 331 1477 —
342 1453 478 1485 AElerno
493 1463 633 1484 carcere.
652 1449 818 1483 Heinsius
832 1448 965 1483 suade-

286 1503 344 1536 bat
360 1508 501 1542 terreno,
520 1502 746 1536 subterraneo
758 1526 768 1543 ,
783 1501 867 1535 item
885 1502 965 1546 Tyr-

286 1557 386 1589 rheno
397 1562 456 1588 aut
471 1559 630 1588 nocturno
638 1564 650 1595 ‚⁶
667 1554 841 1587 Junianus
850 1578 859 1595 ,
872 1557 965 1585 aeler-

287 1619 359 1641 nos.
377 1607 463 1641 Haec
478 1605 642 1639 vocabula
658 1604 755 1637 valde
778 1602 964 1637 offendunt

287 1660 501 1703 Interpretes
512 1685 521 1701 ,
538 1657 597 1692 sed
615 1658 689 1692 sine
707 1669 816 1691 causa.
845 1656 962 1691 Intel-

287 1711 413 1756 ligatur
424 1710 473 1744 nii
484 1709 575 1744 aliud
588 1736 598 1753 ,
613 1709 678 1744 nisi
690 1716 856 1754 perpetua
869 1721 963 1742 ven-

285 1770 403 1798 torum
421 1762 518 1797 sedes
531 1788 540 1805 ,
555 1762 591 1795 in
609 1774 715 1806 quam
728 1788 738 1803 ,
764 1760 868 1794 AEolo
886 1761 961 1794 im-

284 1822 428 1861 perante
444 1841 453 1857 ,
470 1813 597 1848 reverti
613 1820 750 1857 semper
766 1819 960 1858 coguntur,

286 1867 344 1901 ubi
363 1866 526 1900 mandata
557 1865 704 1900 exsecuti
731 1871 834 1908 sunt,
859 1871 894 1899 et
918 1864 962 1898 ad

286 1931 405 1963 quam,
419 1925 584 1962 tanquam
601 1916 641 1951 ad
658 1928 847 1959 carcerem,
861 1915 962 1949 dam-

284 1970 357 2004 nati
373 1976 454 2004 sunt
467 1983 485 2003 a
501 1970 605 2012 Jove,
619 1980 729 2013 quum
739 1974 841 2001 antea
852 1967 960 2001 libere

284 2030 495 2068 vagarentur
515 2035 576 2067 per
596 2022 729 2055 orbem.
746 2019 849 2065 Apud
864 2019 961 2065 Virg.

285 2074 367 2107 AEn.
380 2074 396 2107 I
407 2100 416 2117 ,
437 2074 545 2108 52-63
555 2100 564 2116 ‚
586 2072 706 2107 AEolus
716 2074 833 2106 clauso
844 2075 960 2104 vento-

281 2137 352 2157 rum
362 2137 492 2158 carcere
505 2129 635 2168 regnat,
655 2134 732 2167 quae
748 2122 852 2156 verba
871 2120 961 2156 Ovi-

282 2175 358 2209 dius
372 2182 452 2209 ante
470 2175 586 2209 oculos
602 2174 731 2208 habuit.
754 2173 811 2208 Sic
835 2174 907 2207 sere
924 2180 959 2208 et

281 2227 335 2260 vir
350 2226 472 2260 doctus
483 2226 518 2259 in
531 2225 674 2259 Miscell.
693 2224 779 2259 Obs.
791 2225 857 2259 voi.
871 2226 956 2268 VII,

282 2285 369 2312 tom.
389 2288 419 2311 ΙΙ
436 2304 446 2321 ,
471 2290 547 2322 pag.
570 2278 642 2320 274.
666 2293 710 2301 ·—
726 2278 954 2320 Hippotades,

282 2330 405 2366 AEolus
417 2356 426 2367 ‚
450 2329 613 2375 Hippotae
627 2341 743 2373 nepos.
763 2346 807 2355 —-
822 2329 961 2371 Lucifi’r

279 2382 440 2427 praeclare
475 2383 662 2415 admonitor
695 2393 825 2424 operum
844 2407 852 2418 .
886 2393 956 2425 quo

279 2435 414 2469 oriente
436 2434 596 2468 homines
613 2446 631 2468 e
650 2446 775 2468 somno
798 2433 957 2468 excitan-

278 2494 337 2521 tur
355 2493 390 2521 et
406 2486 447 2520 ad
467 2499 553 2531 opus
575 2499 676 2521 suum
694 2485 807 2520 redire
825 2485 955 2519 admo—

277 2545 418 2573 nentur.
437 2538 607 2572 Similiter
626 2537 721 2582 Virg.
741 2536 868 2581 Georg.
887 2537 953 2580 IV,

280 2590 359 2625 186:
381 2592 505 2634 Vesper
516 2592 675 2624 admonet
686 2591 840 2623 decedere
854 2603 954 2624 cam-

270 2642 337 2683 pis.
359 2640 498 2674 AEneid.
518 2641 568 2674 Xl
580 2666 590 2684 ,
624 2640 682 2675 183
700 2652 708 2674 :
723 2640 857 2674 Aurora
866 2641 953 2683 refie-

274 2702 350 2723 rens
365 2702 463 2734 opera
477 2695 574 2735 alque
584 2693 723 2725 labores.
741 2691 954 2725 Tenendum

273 2741 378 2776 etiam
387 2748 439 2778 est
449 2741 515 2777 hoc
524 2767 534 2785 ,
546 2745 724 2778 mom‘tores
736 2742 845 2778 dictos
858 2755 929 2779 esse
939 2767 950 2787 ,

1033 929 1091 974 qui
1110 941 1195 974 opus
1217 930 1421 965 facientibus
1439 936 1626 975 praeessent
1638 955 1649 973 ,
1672 936 1707 964 et

1030 980 1187 1015 facienda
1216 979 1392 1016 docerent.
1421 980 1529 1016 Corte
1556 980 1600 1016 ad
1624 980 1707 1016 Sal—

1032 1029 1173 1066 lustium
1187 1057 1196 1075 ,
1227 1032 1308 1078 Jug.
1327 1043 1466 1076 Lxxxv,
1495 1045 1545 1067 ιο.

1076 1080 1150 1124 664.
1178 1083 1419 1126 Ltjgal-penm}
1436 1084 1541 1127 pedes
1554 1108 1565 1123 ,
1594 1081 1708 1128 alligat

1031 1146 1164 1178 pennas
1180 1134 1334 1179 pedibus.
1341 1153 1385 1161 —
1394 1137 1498 1170 Parte
1506 1138 1551 1170 ab
1561 1139 1707 1180 ittaque.

1035 1183 1125 1218 Vide
1143 1184 1185 1219 ad
1202 1186 1274 1220 XII
1285 1211 1295 1230 ,
1315 1199 1388 1232 272.
1409 1187 1488 1221 Hoc
1503 1187 1580 1222 loco
1594 1186 1709 1222 Hein-

1032 1236 1100 1271 sius
1132 1238 1348 1282 conjecturat
1377 1242 1525 1286 ct'traque
1550 1242 1709 1285 ultraque.

1033 1288 1152 1323 Nostri
1182 1290 1281 1336 Regii
1307 1290 1438 1326 habent
1457 1291 1643 1337 vulgatam.
1665 1309 1708 1318 —

1037 1341 1178 1375 Talaria
1194 1367 1203 1381 ,
1233 1344 1390 1388 itt-epicuro:
1413 1345 1519 1377 πέδιλα
1533 1368 1543 1386 ,
1573 1345 1709 1392 πτερωτὰ

1032 1396 1233 1439 ὑποδήματα,
1253 1401 1289 1429 et
1313 1395 1446 1441 galeam
1467 1396 1614 1431 Perseus
1637 1395 1707 1431 ad·-

1030 1459 1149 1481 versus
1168 1447 1356 1482 Medusam
1371 1447 1591 1493 proficiscens
1604 1459 1707 1483 aece-

1030 1500 1080 1544 pit
1095 1500 1148 1534 vel
1164 1514 1182 1534 a
1198 1501 1377 1535 Mercurio
1388 1526 1398 1544 ,
1416 1501 1548 1548 Hygia.
1559 1500 1627 1535 sab.
1638 1500 1684 1544 64
1696 1526 1706 1543 ,

1029 1554 1082 1587 vel
1100 1566 1118 1586 a
1137 1553 1307 1599 Nymphis
1322 1567 1431 1600 prope
1449 1554 1632 1599 Gorgonas
1642 1553 1708 1588 ha·-

1029 1605 1217 1640 bitantibus
1230 1632 1240 1648 ‚
1259 1607 1406 1640 Pausan.
1423 1607 1549 1641 Lacon.
1565 1619 1598 1652 p.
1616 1609 1676 1641 251
1695 1620 1704 1648 ;

1029 1657 1190 1702 Apollod.
1206 1658 1240 1691 d.
1254 1658 1297 1701 l.;
1316 1659 1447 1705 Hygin.
1462 1659 1502 1694 P.
1517 1659 1561 1693 A.
1578 1659 1633 1702 Π,
1655 1672 1705 1692 12.

1071 1708 1146 1744 668.
1156 1711 1295 1753 Populis
1306 1722 1367 1755 per
1381 1709 1634 1754 appositionem
1645 1708 1705 1743 ad-

1028 1759 1078 1794 dit
1090 1774 1172 1794 arva
1182 1787 1191 1800 ,
1217 1773 1316 1796 more
1332 1760 1441 1806 poetis
1457 1760 1615 1795 familiari
1631 1787 1642 1804 ,
1658 1760 1702 1795 de

1028 1825 1098 1857 quo
1106 1813 1183 1848 vide
1195 1813 1384 1848 Heinsium
1395 1821 1429 1849 et
1441 1814 1703 1848 Burmannum.

1027 1866 1242 1910 —Cepbeum‚
1252 1865 1424 1900 Phoenicis
1431 1865 1556 1908 filium,
1568 1864 1702 1900 AEthio-

1027 1930 1112 1962 pum
1130 1930 1250 1962 regem
1269 1918 1401 1952 faciunt
1418 1917 1523 1952 etiam
1545 1917 1702 1964 Euripid.

1028 1969 1120 2014 apud
1134 1969 1308 2004 Eratosth.
1321 1982 1395 2015 cap.
1419 1971 1477 2013 15,
1491 1976 1528 2004 et
1540 1968 1702 2015 Apollod.

1027 2019 1061 2053 d.
1086 2020 1105 2054 l.
1125 2033 1133 2061 ;
1158 2020 1219 2055 sed
1249 2020 1363 2065 plures
1394 2021 1635 2066 Joppensem‚
1663 2027 1704 2055 ut

1027 2072 1175 2106 Pausan.
1191 2086 1223 2117 p.
1239 2073 1325 2119 370,
1347 2073 1473 2108 Strabo
1486 2098 1496 2116 ‚
1522 2072 1613 2108 XVI
1629 2098 1639 2117 ,
1667 2080 1703 2107 et

1026 2137 1112 2169 quos
1128 2125 1308 2160 laudamus
1325 2126 1367 2159 ad
1383 2138 1525 2161 versum
1537 2126 1614 2160 688.

1067 2176 1143 2223 669.
1160 2178 1350 2212 Materna...
1365 2180 1496 2222 lingua.
1516 2176 1679 2223 Cassiope
1690 2203 1701 2221 ,

1027 2225 1162 2273 Cephei
1183 2241 1281 2272 uxor,
1301 2241 1411 2274 quum
1433 2241 1469 2263 se
1494 2228 1704 2263 formosissi—

1024 2292 1119 2313 mam
1137 2281 1301 2324 jactaret,
1322 2279 1518 2316 Nereidum
1534 2280 1702 2315 invidiam

1021 2331 1085 2366 sibi
1114 2331 1316 2367 conciliavit.
1345 2332 1417 2367 111ae
1444 2344 1527 2366 vero
1552 2331 1702 2376 impule-

1021 2389 1105 2416 runt
1121 2384 1345 2428 Neptunum,
1372 2389 1410 2416 ut
1437 2381 1573 2428 Cephei
1590 2390 1699 2418 terras

1021 2431 1150 2467 diluvio
1166 2439 1334 2475 vastaret,
1353 2445 1371 2466 a
1391 2446 1460 2478 quo
1476 2459 1486 2478 ,
1505 2434 1594 2468 Jove
1612 2435 1702 2468 Am·-

1020 2497 1116 2518 monc
1141 2483 1264 2529 (cujus
1284 2485 1454 2530 templum
1478 2484 1700 2530 AEthiopibus

1019 2535 1171 2570 vicinum
1189 2536 1203 2578 )
1220 2543 1389 2571 monente
1407 2562 1417 2579 ,
1449 2536 1588 2571 liberari
1605 2535 1698 2570 haud

1019 2593 1154 2632 poterat
1169 2613 1178 2631 ,
1200 2587 1266 2622 nisi
1284 2587 1513 2622 Andromeda
1527 2613 1537 2630 ,
1554 2586 1694 2631 scopulo

1019 2639 1164 2685 alligata,
1172 2646 1248 2674 ceto
1257 2640 1478 2685 objiceretur;
1487 2640 1541 2674 cui
1552 2638 1695 2683 quidem

1018 2692 1158 2726 oraculo
1169 2692 1282 2737 paruit
1298 2691 1473 2737 Cepheus,
1485 2689 1695 2735 AEthiopum

1016 2744 1051 2778 vi
1075 2744 1282 2790 compulsus.
1300 2742 1462 2788 Apollod.
1486 2741 1520 2776 d.
1543 2741 1565 2776 Ι.
1582 2741 1688 2786 Apud
