1832 3100
303 249 389 305 408

664 253 715 295 P.
761 252 1003 298 OVIDII
1038 253 1343 299 NASONIS

300 364 322 384 >›
350 342 558 391 Advehor
581 343 832 410 Ortygiam;
858 363 953 410 quae
976 364 1044 394 me
1068 347 1330 409 cognomine
1355 348 1479 396 Divae

1637 363 1704 410 ⁶4«.

302 443 323 461 »
356 420 488 470 Grata
507 439 633 478 meae,
657 440 836 488 superas
860 422 1011 470 eduxit
1033 422 1173 488 prima
1196 424 1280 473 sub
1305 444 1443 474 auraS.
1468 447 1491 468 »

364 520 387 540 »
416 498 510 545 Hac
530 497 751 547 Arethusa
772 510 897 547 tenus
924 518 933 545 :
961 499 1159 561 geminos
1183 501 1277 549 Dea
1298 501 1454 551 fertilis
1476 520 1639 564 angues

299 576 513 625 Curribus
537 576 728 625 admovit
742 613 754 634 ,
779 576 1000 642 frenisque
1020 577 1213 644 coercuit
1236 597 1311 627 ora
1325 616 1337 637 ,

295 656 356 701 Et
378 653 570 702 medium
593 653 684 702 caeli
707 665 916 719 terraeque
933 691 946 711 ,
970 671 1050 719 per
1072 671 1169 702 aera
1188 665 1309 702 vecta
1327 666 1426 713 est;.

291 783 371 818 bula
382 784 536 818 confutat
549 783 642 817 idem
657 781 783 816 Strabo
795 808 804 826 ,
816 780 962 818 ibidem:

292 847 444 880 namque
476 835 604 868 ostium
628 833 754 878 Alphei
780 834 964 869 manifesto

290 887 328 921 in
341 900 436 922 mare
450 886 559 928 exire;
573 899 687 931 neque
700 886 783 921 ullas
798 899 962 933 apparere

289 941 404 974 sauces
417 950 493 984 quae
507 951 649 973 amnem
658 939 880 974 absorbeant:
896 952 962 974 ne-

291 1005 358 1037 que
382 991 459 1026 fieri
475 1004 572 1036 posse
589 998 628 1025 ut
645 1004 732 1037 aqua
750 991 856 1027 dulcis
879 1004 962 1026 ma-

288 1051 388 1088 neat,
406 1045 433 1079 si
448 1058 510 1089 per
525 1057 621 1079 mare
633 1071 643 1088 ,
661 1044 715 1078 vel
733 1045 850 1080 subter
860 1052 961 1080 'mare

288 1104 457 1142 permeet.
492 1099 556 1132 Ed.
572 1117 615 1124 —
642 1100 781 1145 Ortygia,
807 1106 857 1133 est
885 1111 962 1143 pars

287 1151 536 1198 Syracusarum
550 1177 559 1194 ,
577 1151 613 1185 in
624 1164 690 1196 qua
704 1152 855 1197 erumpit
870 1151 964 1186 Are-

285 1203 386 1237 thusa
400 1204 507 1250 (499),
520 1209 554 1237 et
571 1217 747 1247 cognomen
760 1204 900 1248 Dianae,
918 1205 935 1239 I
949 1231 958 1248 ,

287 1253 601 1300 694.—]7Ieed14x1‘l‚
618 1255 664 1289 ibi
680 1255 800 1300 prodii.
811 1256 880 1291 Hic
890 1269 959 1290 am-

285 1305 330 1338 bo
356 1304 391 1338 in
422 1304 521 1339 Elide
554 1306 745 1341 miscentur
770 1315 805 1343 et
833 1307 959 1351 junctis

285 1358 380 1402 aquis
391 1359 453 1392 sub
467 1366 556 1393 terra
569 1359 732 1394 labuntur
744 1375 751 1402 ;
769 1360 828 1395 sed
840 1373 959 1395 secun-

285 1409 370 1443 dum
393 1410 474 1445 alios
503 1410 657 1456 Alpheus
683 1412 773 1446 solus
802 1419 958 1457 permeat

285 1474 388 1496 caecas
397 1475 580 1506 cavernas,
593 1464 674 1497 etin
687 1464 802 1498 Sicilia
813 1463 963 1505 demum

282 1525 362 1546 cum
382 1514 555 1548 Arethusa
573 1527 699 1559 aquam
720 1516 850 1551 miscet.
864 1517 958 1550 Pau-

283 1577 354 1597 san·
375 1578 406 1608 Ρ·
426 1578 501 1611 799·

320 1616 480 1659 642-661.
495 1618 691 1660 Triptolemo
702 1620 847 1651 insidias
857 1622 960 1652 struit

267 1669 425 1720 ¹Lyncus.
439 1668 569 1714 Hygin.
587 1669 652 1703 sab.
673 1672 757 1716 2593
777 1670 816 1703 P.
837 1669 877 1703 A.
895 1670 931 1703 ΙΙ
943 1696 952 1713 ,

283 1721 331 1760 14.
343 1719 597 1764 Triptolemus,
613 1719 731 1763 Celei,
748 1721 837 1766 regis
849 1721 954 1755 Eleu-

277 1772 375 1814 sinii,
410 1772 517 1814 filius,
549 1773 641 1815 (etsi
663 1773 824 1807 ‹Musaeus
843 1799 852 1817 ,
880 1773 954 1808 Or-

243 1839 250 1852 ι
279 1823 413 1868 pheus,
447 1822 619 1858 Choerilus
637 1850 647 1867 ,
681 1824 772 1869 apud
800 1824 953 1859 Pausan.
965 1847 976 1873 4,

279 1876 384 1910 Attic.
401 1890 433 1921 p.
453 1877 495 1919 34
506 1903 515 1919 ,
531 1875 684 1922 aliter)a
701 1876 832 1911 Cerere
851 1877 953 1922 adju-

278 1934 332 1962 tus
342 1954 351 1971 ‚
364 1935 520 1973 tempore
536 1928 735 1972 Erechthei,
749 1929 833 1964 sexti
843 1929 953 1964 Athe-

279 1979 452 2013 niensium
471 1980 558 2025 regis
570 2005 579 2023 ‚
602 1993 695 2014 anno
712 1981 848 2015 circiter
869 1983 953 2024 1420

279 2038 358 2065 ante
378 2030 558 2066 Christum
573 2058 581 2075 ,
600 2032 845 2078 agriculturam
854 2032 952 2067 Grae·

277 2083 323 2117 cis
339 2109 348 2125 ‚
375 2096 413 2117 ac
426 2083 580 2128 primum
597 2083 739 2129 quidem
753 2084 953 2119 Athenien-

281 2134 371 2169 sibus
383 2161 392 2177 ,
413 2136 601 2170 ostendisse
615 2136 832 2170 credebatur.
843 2137 953 2171 Hom.

280 2186 374 2234 hym.
391 2187 427 2221 in
449 2187 529 2222 Cer.
547 2189 696 2222 Pausan.
714 2188 818 2223 Attic.
837 2202 869 2234 p.
887 2189 948 2233 314,

279 2239 438 2274 Corinth.
457 2254 489 2284 p.
505 2241 564 2284 143
580 2254 588 2280 ;
606 2241 736 2274 RIarm.
756 2241 892 2275 Arund.
911 2242 948 2286 Ι,

278 2305 314 2325 12
339 2305 433 2337 sqq.;
452 2291 555 2326 Diod.
573 2292 631 2327 Sic
649 2294 695 2335 V,
708 2294 749 2335 4;
769 2294 860 2339 Hyg'.
881 2294 948 2327 sab.
960 2290 967 2295 ¹*

274 2356 347 2388 277.
375 2343 446 2377 Sed
469 2343 702 2388 antiquiorem
728 2344 841 2377 multo
857 2345 948 2389 agri-

274 2394 446 2429 culturam
464 2395 557 2429 inter
579 2395 717 2429 Graecos
733 2395 863 2440 judicat
875 2395 947 2429 Go-

267 2453 353 2490 ·guet
375 2460 439 2480 von
475 2449 663 2491 Ursprunge
688 2450 748 2481 der
771 2449 914 2482 Gesetze
930 2474 938 2488 ,

274 2505 359 2531 tom.
373 2499 431 2541 ΙΙ,
447 2512 480 2543 p.
501 2501 571 2542 157.
592 2497 722 2533 Censet
738 2499 833 2533 enim
847 2525 856 2542 ,
873 2499 946 2543 jam

271 2556 430 2593 tempore
448 2550 616 2584 Titanum
629 2577 638 2594 ,
666 2550 788 2595 quibus
808 2551 945 2595 aequalis

273 2601 381 2637 Ceres
397 2629 407 2645 ,
430 2602 569 2638 Graecos
586 2603 946 2649 agriculturam'acce-

268 2653 355 2698 pisse
369 2680 378 2696 ,
391 2667 468 2688 eam
480 2667 564 2689 vero
577 2655 749 2690 exstinctis
762 2655 944 2689 Titanibus

266 2705 640 2752 interiisse.Aliquanto
647 2714 723 2753 post
731 2720 839 2752 quum
850 2708 942 2741 same

267 2757 438 2794 laboraret
448 2759 580 2795 Graecia
593 2786 602 2803 ,
619 2760 795 2794 advenisse
808 2759 940 2794 Erech-

1030 783 1152 818 theum
1165 810 1175 828 ,
1193 797 1434 830 magnamque·
1446 779 1615 821 frumenti
1631 786 1702 821 vim

1027 848 1146 870 secum
1192 836 1386 882 apportasse
1411 863 1420 881 ,
1468 836 1702 884 eumdemque

1027 888 1147 922 arandi
1178 895 1289 923 artem
1321 889 1357 923 in
1392 889 1520 935 campis
1551 890 1703 925 maxime

1027 939 1210 976 Eleusiniis
1235 941 1445 985 restituisse,
1475 948 1577 988 atque
1607 955 1702 988 sacra

1029 991 1167 1027 Cereris
1186 992 1424 1028 introduxisse.
1450 994 1546 1029 Hinc
1569 994 1700 1028 sactum

1027 1057 1122 1088 esse,
1152 1051 1191 1079 ut
1222 1044 1285 1080 sub
1309 1045 1382 1089 ejus
1414 1044 1560 1090 imperio
1593 1044 1701 1080 Ceres

1027 1097 1183 1131 Athenas
1194 1097 1326 1132 venisse
1342 1097 1552 1132 crederetur.
1564 1115 1608 1124 --
1619 1093 1700 1132 Cae—

1027 1156 1145 1184 terum
1160 1148 1341 1194 quomodo
1357 1147 1467 1183 Ceres
1479 1149 1516 1184 in
1532 1147 1629 1184 Celei
1642 1149 1701 1184 do—

998 1214 1001 1218 ·
1026 1214 1125 1236 mum
1152 1202 1356 1246 intraverit,
1381 1202 1641 1247 Triptolemum
1661 1202 1698 1236 in

1024 1253 1122 1288 cunis
1141 1252 1411 1287 decumbentem
1426 1252 1553 1287 foverit
1566 1279 1576 1297 ‚
1595 1253 1697 1298 eique

1025 1305 1239 1350 agriculturae
1249 1304 1478 1350 propagandae
1489 1317 1619 1339 munus
1625 1311 1699 1339 tra-

1024 1357 1150 1392 diderit
1162 1384 1171 1400 ,
1189 1365 1335 1393 narrant
1354 1358 1501 1401 Noster,
1520 1357 1611 1392 Fast.
1625 1357 1695 1401 IV,

1024 1411 1201 1455 507-560;
1218 1409 1406 1455 Apollod.l
1418 1435 1428 1454 ,
1444 1419 1487 1453 v,
1506 1424 1544 1452 ας
1563 1409 1697 1459 Hygia.

1021 1461 1087 1495 sab.
1099 1476 1110 1495 ι
1118 1463 1168 1506 47.
1176 1481 1220 1488 —-
1227 1463 1335 1496 Hac...
1345 1467 1440 1496 lenus
1450 1461 1624 1497 divulsum
1633 1475 1697 1508 per

1022 1514 1168 1557 tmesin,
1196 1513 1238 1548 de
1256 1527 1325 1560 qua
1339 1514 1417 1549 vide
1435 1513 1635 1550 Ciosanum.
1651 1533 1697 1542 --

1019 1567 1172 1605 Fertilis,
1197 1567 1276 1610 quia
1293 1567 1475 1602 fertilitatis
1490 1565 1696 1618 (ιύεἱι-ηρίοις)

1020 1617 1116 1661 Dea,
1142 1618 1204 1651 sub
1221 1631 1292 1662 quo
1316 1620 1460 1653 nomine
1478 1619 1612 1664 templa
1637 1618 1695 1654 ha-

1017 1667 1102 1701 buit.
1107 1671 1257 1712 -Blgt‘s
1269 1675 1455 1712 serpentum
1463 1670 1572 1704 Ceres
1582 1677 1693 1714 vecta,

1018 1726 1053 1753 et
1069 1719 1159 1764 apud
1176 1727 1332 1755 auctores
1345 1727 1380 1754 et
1399 1721 1435 1754 in
1451 1723 1694 1757 monumentis

1018 1770 1166 1814 antiquis
1181 1772 1340 1805 occurrit.
1356 1772 1409 1806 Ibi
1425 1779 1596 1817 apparent
1609 1785 1693 1807 mox

1018 1823 1118 1867 alati,
1144 1834 1225 1858 mox
1244 1824 1319 1859 sine
1343 1824 1412 1859 alis.
1430 1825 1510 1859 Vid.
1528 1825 1693 1874 Spanhe-

1017 1875 1077 1908 mii
1094 1874 1238 1909 Dissert.
1254 1875 1320 1919 iv,
1335 1889 1368 1920 p.
1381 1888 1456 1910 211.
1467 1876 1692 1912 Describun—

1018 1934 1075 1961 tur
1088 1941 1106 1961 a
1121 1926 1692 1976 flauduanxxx111,79'l'1⁴iptole-

1017 1991 1077 2012 mo
1090 1992 1145 2013 eas
1155 1979 1266 2022 misit,
1283 1986 1323 2014 ut
1333 1979 1494 2014 omnium
1504 1980 1691 2015 nationum

1016 2038 1124 2065 terras
1135 2027 1334 2065 circumiret
1341 2031 1472 2076 ,iisque
1481 2027 1614 2066 s'emina
1624 2026 1689 2067 lar-

1016 2084 1155 2129 giretur.
1185 2084 1224 2118 P.
1252 2083 1293 2119 A.
1326 2083 1386 2126 ΙΙ,
1408 2086 1485 2128 14,
1496 2085 1578 2119 ·.sab
1608 2086 1689 2134 ιᾷῃ

1015 2135 1176 2180 Apollod.
1195 2132 1227 2168 d.
1244 2135 1265 2170 l.
1283 2135 1354 2170 Sed
1370 2134 1560 2181 Gogu'etd.
1574 2136 1596 2172 l.
1614 2135 1688 2171 illas

1012 2194 1217 2232 serpentum
1241 2184 1334 2233 bigas
1357 2187 1481 2233 accipit
1499 2187 1542 2222 de
1556 2187 1688 2230 callidis

1013 2239 1159 2273 consiliis
1169 2264 1178 2282 ‚
1198 2239 1321 2283 quibus
1334 2239 1594 2289 Triplolem'um
1609 2239 1687 2275 eri-

1012 2292 1127 2336 puerit
1152 2291 1260 2326 Ceres
1274 2283 1375 2327 variis
1391 2292 1560 2337 periculis.
1579 2291 1688 2338 Trip-

1012 2343 1142 2377 tolemo
1156 2351 1319 2387 mortuo,
1326 2343 1506 2378 'Antheas
1513 2354 1589 2390 ejus
1599 2348 1688 2388 curf—

1010 2408 1090 2429 rum
1108 2394 1330 2438 conscendit,
1347 2395 1407 2429 sed
1428 2389 1510 2430 inde
1527 2397 1687 2454 excussus

1011 2447 1109 2492 perit.
1140 2442 1307 2481 Ρ3353ιι.’
1321 2444 1460 2481 Ach'aic.
1487 2459 1520 2492 p.
1547 2447 1624 2483 558.
1640 2466 1684 2474 —

1009 2517 1053 2524 —-
1068 2499 1220 2532 coercuit
1226 2525 1234 2537 ‚
1254 2497 1350 2532 rexit.
1359 2496 1460 2532 lior.v
1471 2498 1505 2541 Ι,
1514 2515 1516 2517 >
1525 2497 1595 2542 Od:
1605 2493 1681 2539 vu,

1009 2562 1068 2583 ora
1083 2548 1197 2593 frenis
1213 2553 1412 2593 temperare?
1433 2549 1577 2584 Phaedr.
1602 2549 1660 2583 ῙΠ
1672 2575 1681 2591 ,

1009 2601 1031 2635 6
1045 2627 1054 2645 ,
1086 2613 1145 2634 om
1164 2604 1328 2635 comittere
1335 2619 1337 2621 >
1337 2601 1461 2645 fremk.
1476 2608 1522 2626 -’-
1533 2602 1682 2635 ladrum

1007 2656 1085 2688 caelc·
1106 2659 1169 2687 ete.
1195 2652 1358 2687 Medium
1381 2653 1476 2699 inter
1497 2652 1620 2687 caelum
1646 2657 1682 2686 et

1008 2713 1159 2749 terram,
1185 2711 1225 2739 ut
1245 2704 1297 2739 VI
1314 2730 1324 2748 ,
1357 2706 1449 2751 409¹:
1463 2704 1585 2748 juguli
1605 2716 1680 2738 me—

1006 2759 1081 2791 dius
1096 2760 1276 2801 summique
1287 2759 1412 2791 lacerti.
1425 2755 1515 2791 Vide
1533 2754 1575 2790 ad
1588 2758 1676 2790 vers.
