1832 3100
336 292 1037 341 METAMORPHOSEON
1064 297 1198 341 LIB.
1241 299 1366 343 VII.

1472 299 1557 342 533

124 389 300 439 Vertice
323 388 377 438 de
396 407 569 438 summo
594 406 767 455 semper
789 387 992 438 florentis
1017 389 1220 455 Hymetti

124 469 264 520 Lutea
283 485 411 516 mane
434 466 558 515 videt
580 464 724 533 pulsis
746 467 924 516 Aurora
949 466 1145 516 tenebris
1163 505 1175 525 ‚

126 544 406 612 Invitumque
429 544 547 612 rapit
571 565 580 594 :
603 543 734 594 liceat
751 544 863 594 mihi
887 563 987 594 vera
1008 543 1171 594 referre

127 623 237 671 Pace
258 623 363 672 Deae
378 660 390 681 ‚
415 623 538 690 quod
562 623 622 672 sit
643 642 775 672 roseo
799 622 1057 691 spectabilis
1081 642 1157 672 ore
1175 660 1188 681 ‚

1498 638 1563 684 705

127 697 265 763 Quod
289 710 436 750 teneat
457 700 571 750 lucis
585 738 598 759 ‚
623 712 771 750 teneat
792 699 987 750 confinia
1009 699 1156 750 noctis
1171 737 1183 758 ‚

125 776 349 826 Nectareis
374 778 497 845 quod
518 777 661 828 alatur
682 778 810 846 aquis
833 798 842 826 :

869 796 953 842 ego
976 776 1164 826 Procrin
1185 776 1385 826 amabam
1403 796 1414 835 3

128 855 313 903 Pectore
335 856 514 905 Procris
538 867 658 915 erat,
683 856 862 905 Procris
883 855 994 905 mihi
1018 873 1191 922 semper
1211 854 1259 903 in
1284 874 1373 904 ore.

128 934 262 983 Sacra
285 933 396 993 tori,
422 934 658 1002 coitusque
681 954 827 984 novos
842 973 854 994 ,
881 933 1187 1001 thalamosque
1208 930 1404 984 recentes
1420 971 1432 994 ‚

129 1012 365 1079 Primaque
389 1012 551 1062 deserti
572 1012 816 1062 referebam
839 1012 1005 1063 foedera
1026 1012 1142 1062 lecti.

1500 1037 1566 1074 710

130 1090 259 1139 Mota
282 1091 377 1140 Dea
398 1102 489 1150 est;
516 1103 586 1150 et,
614 1113 637 1134 α
667 1091 774 1140 siste
797 1103 922 1149 tuas,
946 1090 1118 1154 ingrate
1134 1128 1146 1150 ‚
1174 1089 1403 1158 querelas:

135 1188 158 1210 ἰ
184 1168 371 1218 Procrin
391 1168 507 1218 habe
522 1207 534 1228 ‚
558 1168 671 1218 dixit
691 1188 702 1218 z
724 1168 847 1236 quod
870 1168 909 1218 si
933 1184 1029 1218 mea
1050 1168 1238 1236 provida
1263 1187 1389 1217 mens
1413 1179 1480 1217 est
1497 1205 1515 1226 2

179 1318 253 1352 70²·
278 1307 417 1342 Mor-cns
442 1305 623 1354 Hymettos
647 1305 755 1341 etiam
775 1305 813 1341 in

134 1360 212 1395 Art.
226 1359 343 1396 Amat.
357 1361 413 1396 111
422 1385 432 1405 ‚
453 1360 517 1406 687
530 1373 604 1406 sqq.
618 1386 627 1404 ,
642 1360 702 1395 ubi
713 1373 815 1396 causa

133 1411 239 1459 huius
252 1411 397 1459 epitheti
410 1411 573 1448 redditur
584 1439 594 1457 ,
611 1412 693 1459 quia
706 1413 817 1459 'mnu-

134 1465 241 1500 meris
256 1464 424 1500 arborum
440 1471 476 1499 et
490 1463 683 1499 herbarum
707 1477 817 1511 gene-

134 1517 230 1552 ribus
239 1523 361 1551 tectus.
372 1515 429 1551 Ad
439 1515 593 1552 radicem
602 1517 706 1562 hujus
717 1529 818 1551 mon-

136 1569 179 1604 tis
194 1568 390 1604 venabatur
404 1568 495 1603 bene
514 1581 619 1604 mane
635 1596 644 1615 ‚
663 1581 817 1615 eumque

134 1620 222 1657 vidit
239 1621 377 1657 Aurora
389 1649 400 1666 ‚
415 1622 476 1657 ubi
492 1629 629 1668 partem
646 1622 719 1658 caeli
736 1622 819 1657 atti-

136 1683 247 1720 gerat,
257 1687 335 1720 quae
345 1682 421 1710 erat
432 1687 537 1721 super
545 1680 702 1711 verticem
712 1688 819 1710 mon-

136 1727 188 1764 tis.
203 1745 248 1755 --
262 1728 374 1763 Lutea
385 1754 394 1767 ‚
416 1739 561 1771 crocea,
577 1727 685 1763 etiam
702 1728 816 1772 XIII,

136 1781 224 1828 579;
249 1786 286 1814 et
301 1778 424 1826 Virgil.
441 1779 527 1815 AEn.
543 1780 619 1816 VII
637 1806 647 1824 ,
672 1780 727 1815 26.
745 1781 820 1815 Lu-

135 1836 206 1867 tum
221 1831 339 1868 herbo
361 1845 494 1878 genus,
523 1831 641 1878 gallice
654 1859 664 1876 ,
689 1833 819 1868 Gaude.

141 1883 308 1932 Hyginus
322 1896 331 1919 ε
351 1885 433 1919 Cam
448 1887 615 1919 matutino
632 1889 774 1928 tempore
788 1887 824 1918 in

136 1940 280 1971 montem
305 1939 436 1971 cult-set
448 1963 458 1978 ,
493 1937 628 1972 Aurora
643 1963 651 1978 ‚
685 1937 827 1971 Tithoni

137 1988 265 2033 coniux
275 2015 284 2030 ‚
300 2001 374 2024 eam
384 1990 711 2034 adamaoitpetitqae
724 1991 769 2023 ab
782 2002 823 2024 co

138 2043 348 2076 concubitum
367 2054 378 2075 t
400 2044 462 2076 cui
474 2042 644 2085 Cephalus
657 2044 794 2086 negavit
808 2068 817 2083 ,

139 2095 460 2140 qaodProcrifidem
469 2096 609 2130 dederat
614 2106 628 2138 ,·
644 2094 738 2140 quod
750 2107 825 2141 pos·

141 2155 299 2183 tremum
322 2145 500 2194 Cephalus
520 2146 607 2183 'mox
631 2151 768 2194 copiose
790 2156 826 2184 et

141 2201 294 2236 suaviter
302 2200 538 2246 persequitur,
550 2201 727 2246 praefatus,
739 2207 779 2236 ut
787 2200 826 2235 fi-

144 2250 228 2286 dem
236 2263 335 2287 suam
347 2251 770 2297 amplificaret,nonnulla
781 2251 826 2287 de

144 2303 296 2340 Aurorae
304 2303 576 2350 pulchritudine.
596 2303 702 2350 Apud
718 2303 828 2350 Apot-

144 2357 308 2394 todorum
322 2384 332 2402 ‚
348 2358 406 2394 111
420 2385 430 2402 ,
446 2369 523 2401 xlv,
536 2358 574 2402 3,
590 2357 677 2393 alius
697 2359 828 2402 Cepha-

143 2414 220 2453 lus,
240 2423 259 2447 a
279 2417 403 2448 nostro
415 2409 591 2454 diversus,
609 2410 780 2447 Mercurii
792 2418 829 2447 et

147 2466 279 2501 Herses
295 2464 407 2509 filius,
424 2468 556 2510 rapitur
572 2464 616 2500 ab
633 2464 784 2501 Aurora.

192 2517 266 2562 704.
281 2517 404 2552 Liceat
411 2517 498 2550 mibi
509 2522 574 2551 etc.
587 2515 685 2551 Licet
695 2516 740 2552 sit
751 2516 830 2552 Dea

149 2574 184 2603 et
200 2567 456 2614 pulcherrima,
475 2575 511 2604 et
529 2569 771 2615 potentissima
794 2575 831 2604 et

149 2620 349 2656 suavissime
355 2621 570 2666 vivens,quae
578 2620 714 2667 singula
724 2620 831 2655 alium

150 2671 342 2708 movissent
355 2684 363 2707 :
379 2671 421 2707 ad
432 2671 698 2707 multitudinem
711 2684 833 2707 rerum

150 2725 320 2762 lectorem
331 2723 481 2760 advertit
491 2724 681 2770 repetitum
691 2726 836 2770 quod.—

152 2779 266 2813 Boseo
281 2805 305 2814 ..
316 2805 324 2813 .
340 2789 420 2820 ore,·
440 2777 610 2823 quoniam
624 2777 784 2823 sequitur
797 2779 835 2812 in

156 2843 230 2872 ore,
258 2831 488 2866 Burmannus
509 2829 606 2865 malit
632 2843 715 2865 auro
730 2842 742 2864 .-
757 2841 835 2875 quae

879 1306 1083 1352 conjectura
1101 1318 1243 1352 prorsus
1260 1305 1392 1341 inutilis
1405 1332 1414 1349 ‚
1440 1318 1486 1339 ne
1506 1303 1569 1339 di·-

880 1371 957 1394 cam
974 1359 1073 1404 plura
1087 1373 1096 1400 ;
1111 1371 1196 1393 nam
1215 1357 1299 1403 quid
1317 1365 1369 1393 est
1385 1358 1501 1392 aarum
1517 1370 1570 1391 ro-

881 1414 1001 1449 seum?
1017 1411 1084 1447 Ed.
1095 1430 1139 1439 —
1149 1413 1302 1457 Carfinia
1317 1413 1406 1446 lucis
1422 1423 1432 1445 .·
1449 1410 1570 1445 confer

882 1464 950 1509 IV,
969 1465 1044 1513 399.
1055 1483 1100 1490 —
1111 1466 1281 1499 Nectarea·
1297 1476 1396 1509 aqaoe
1407 1490 1415 1504 ‚
1434 1469 1571 1505 nectar,

882 1525 943 1562 ut,
963 1518 1000 1553 II
1013 1545 1022 1562 ‚
1053 1530 1116 1553 120
1133 1544 1142 1562 ,
1169 1518 1357 1552 Ambrosie
1375 1518 1508 1550 succus.
1526 1534 1570 1540 —

882 1570 948 1606 Vis
963 1577 1015 1605 est
1030 1570 1068 1605 in
1086 1570 1238 1615 repetito
1259 1569 1407 1603 nomine
1424 1569 1570 1602 Procris,

884 1621 943 1656 Sic
953 1620 1121 1666 Virgilius
1132 1647 1142 1664 ,
1162 1619 1293 1666 Georg.
1310 1619 1377 1663 IV,
1394 1619 1458 1663 465
1471 1631 1545 1663 sqq.
1562 1632 1569 1651 ε

889 1675 938 1708 Te
948 1701 956 1714 ‚
983 1676 1092 1708 dulcis
1105 1673 1232 1717 conjux
1244 1699 1252 1713 ,
1283 1677 1316 1706 te
1334 1674 1409 1706 solo
1426 1674 1460 1706 in
1478 1674 1574 1705 litore

882 1738 994 1760 secum
1003 1752 1012 1767 ‚
1037 1727 1085 1760 Te
1096 1728 1247 1760 veniente
1254 1727 1310 1759 die
1321 1750 1330 1765 ,
1350 1729 1384 1758 te
1395 1724 1575 1758 decedente

884 1780 1038 1813 canebat.

932 1844 948 1876 7
957 1842 1005 1864 10.
1014 1831 1193 1874 Primaque
1202 1835 1266 1863 etc.
1277 1827 1413 1863 Rodius
1423 1840 1430 1862 :
1439 1840 1505 1862 von
1517 1829 1577 1862 der

891 1884 1138 1926 Treulosigkeit
1156 1884 1219 1916 den
1228 1881 1346 1926 fizlrcb
1368 1879 1577 1926 gekndpsten

886 1938 994 1972 Bund
999 1949 1043 1970 ιιι
1054 1937 1203 1970 brechen.
1217 1935 1340 1970 Potius
1343 1934 1482 1979 foedera
1496 1937 1580 1968 lecti

886 1988 1194 2024 suntconcubitus.
1208 1987 1287 2022 Art.
1301 1987 1419 2022 Amat.
1429 1986 1465 2021 11
1476 2012 1485 2030 ‚
1496 1986 1573 2030 452,

878 2042 996 2086 sadus
1006 2044 1202 2076 concubitus
1212 2047 1332 2086 petere
1344 2055 1352 2082 ;
1367 2047 1402 2075 et
1414 2039 1484 2082 111,
1499 2039 1575 2086 593,

888 2096 1024 2129 rivalem
1028 2092 1361 2138 partitaquesaedera
1375 2095 1479 2135 lecti,·
1494 2091 1577 2125 He-

890 2145 979 2181 roid.
1006 2147 1021 2181 I
1034 2172 1043 2189 ,
1073 2160 1090 2191 7
1105 2172 1116 2189 ,
1142 2147 1297 2179 temerati
1307 2143 1441 2188 soedera
1467 2146 1548 2178 lecti
1563 2154 1574 2184 ‚²

892 2198 1012 2234 Sabin.
1032 2198 1069 2242 Ῑ,
1093 2198 1150 2232 131
1167 2223 1176 2240 ,
1194 2196 1267 2232 dies
1280 2223 1290 2240 ‚
1307 2195 1575 2242 quircnoretsae·

891 2253 973 2285 dcra
981 2253 1081 2294 lecti‚·
1097 2263 1202 2295 supra
1213 2275 1223 2293 ,
1238 2249 1313 2293 ΙΙΙ,
1334 2262 1416 2297 292,
1442 2251 1578 2284 Veneris

882 2304 1003 2349 sadus
1014 2306 1111 2338 inire.
1134 2302 1221 2337 Mox
1238 2314 1311 2336 non
1330 2308 1474 2347 apparet
1487 2326 1496 2344 ,
1515 2313 1578 2335 cur

891 2361 1058 2403 ingratum
1075 2355 1209 2391 dixerit,
1236 2355 1405 2390 Heinsius
1420 2381 1428 2398 ‚
1447 2367 1489 2389 ex
1504 2353 1579 2388 Βο-

893 2408 1057 2444 noniensi
1073 2435 1082 2452 ,
1100 2407 1218 2442 laudat
1233 2411 1366 2452 ignare,
1385 2406 1493 2451 idque
1511 2417 1578 2440 ex·-

894 2463 1020 2509 plicat,
1042 2473 1185 2496 morum
1207 2461 1323 2496 uxoris
1347 2467 1416 2495 tuae
1447 2459 1580 2505 ignare:

896 2514 1012 2551 Possis
1041 2521 1077 2549 et
1106 2512 1334 2559 interpretari
1353 2539 1362 2555 ‚
1390 2511 1553 2546 nesciens
1570 2536 1580 2553 ,

898 2566 980 2613 quid
996 2566 1057 2602 tibi
1067 2565 1196 2611 prosit,
1216 2566 1276 2600 aut
1288 2591 1297 2608 ,
1315 2565 1377 2600 tibi
1395 2564 1520 2607 instet,
1539 2569 1580 2597 ut

898 2620 936 2654 11
950 2646 959 2663 ,
981 2630 1066 2654 100:
1083 2617 1150 2652 hoc
1165 2618 1255 2652 bene
1267 2616 1437 2652 convenit
1452 2629 1526 2662 sqq.
1537 2634 1580 2641 -—

898 2674 999 2708 Habe
1012 2684 1079 2705 vox
1092 2683 1219 2706 eorum
1234 2697 1243 2715 ,
1267 2670 1328 2716 qui
1344 2669 1502 2705 indicant
1514 2696 1524 2712 ‚
1547 2681 1583 2703 se

899 2725 993 2761 nolle
1010 2737 1087 2759 rem
1103 2724 1238 2770 eripere
1255 2723 1364 2759 alteri.
1383 2722 1491 2769 Apud
1507 2722 1586 2767 Hy-

901 2778 1024 2824 ginum
1038 2803 1047 2821 ,
1078 2777 1197 2812 minus
1227 2776 1390 2823 ambigue
1419 2776 1560 2809 Aurora
1577 2786 1585 2806 ;

902 2830 991 2864 Nolo
1001 2856 1010 2871 ‚
1028 2828 1296 2875 utsallasfidem
1306 2855 1314 2869 ,
1334 2830 1408 2862 mlri
1421 2829 1485 2861 ilta
1497 2828 1593 2870 prior
