1832 3100
378 193 1088 240 METAMORPHOSEON
1120 198 1235 242 LIB.
1270 198 1310 242 Ι.

1490 214 1570 261 127

133 288 291 337 Donec
316 286 491 336 arenosi
513 285 740 354 placidum
764 286 963 336 Ladonis
987 287 1043 335 ad
1065 307 1239 338 amnem

131 366 346 424 Vener-iv,
369 365 444 414 hic
466 364 535 413 illi
556 383 737 413 cursum
759 365 1111 433 impedientibus
1133 367 1268 416 undis
1281 406 1292 428 ‚

133 446 198 496 Ut
219 463 267 494 se
289 456 538 503 mutarent,
563 443 758 511 liquidas
782 464 932 494 orasse
957 464 1155 505 sorores3

133 525 368 591 Panaque,
395 543 535 592 quum
557 542 765 591 prensam
789 523 878 572 sibi
896 523 988 590 jam
1013 524 1203 597 Syringa
1229 536 1430 592 putaret,

1509 545 1576 591 705

134 603 335 670 Corpore
355 621 439 670 pro
463 602 683 670 Nymphae
707 601 902 651 calamos
926 602 1121 652 tenuisse
1144 602 1365 670 palustres
1386 625 1397 654 ε

132 735 214 782 quia
228 734 432 770 incredibile
444 733 554 769 videri
568 741 707 780 poterat
719 761 728 776 ‚
746 747 820 769 una

131 801 215 824 cum
233 787 333 823 finita
349 788 417 822 sab.
433 788 552 822 oculos
567 788 798 823 succubuisse.

177 855 252 887 70²·
269 842 460 876 Placidum.
487 841 614 876 Heius.
630 849 665 876 et
687 854 728 876 ex
744 854 819 876 uno

131 892 263 928 Medic.
280 899 317 928 et
339 905 413 927 uno
429 892 562 927 Strozz.
579 893 678 927 malit
695 896 819 936 placi—

129 950 200 981 !um
212 972 221 986 ,
236 944 332 991 quod
344 951 380 980 et
390 945 482 980 Mar.
496 945 638 980 Accurs.
648 945 819 980 voluerat.

131 997 203 1033 Alii
217 1004 405 1033 suaserunt
422 999 590 1043 rapulam.
602 1016 648 1024 —
663 997 739 1033 Nisi
751 1011 821 1042 pa-

129 1055 230 1086 trium
249 1051 341 1086 sorte
357 1051 494 1097 scripsit
510 1051 659 1092 Noster,
688 1058 728 1085 ut
744 1051 821 1086 La—

130 1103 234 1139 donis
251 1103 362 1138 filiam
379 1103 530 1152 Syringa
547 1104 659 1138 saciat.
685 1104 823 1138 HEINS.

131 1174 176 1184 -
187 1157 298 1192 Serva
304 1158 483 1202 placidum
496 1170 539 1192 ex
552 1157 690 1192 Nostris
704 1155 821 1191 Codd.

128 1228 176 1235 —
192 1210 314 1244 ladon
333 1209 463 1244 fluvius
479 1208 641 1244 Arcadiae
654 1235 664 1253 ,
689 1209 727 1243 in
749 1208 822 1244 Al·-

133 1261 268 1307 pheum
284 1261 450 1297 influens.
467 1262 797 1308 Abundabat'aquis
809 1289 819 1306 ‚

132 1326 201 1349 nec
212 1314 273 1349 ulli
282 1313 429 1350 cedebat
439 1313 702 1360 pulchritudine
715 1341 724 1358 ‚
741 1313 822 1349 Cal-

131 1366 204 1401 lim.
216 1366 251 1402 h.
261 1366 342 1401 Jov.
358 1369 415 1409 183
429 1367 579 1402 Pausan.
592 1367 675 1402 Arc.
690 1380 723 1413 p.
733 1367 794 1402 651
809 1380 818 1409 ;

132 1417 284 1467 Dionys.
307 1418 445 1465 Perieg.
463 1420 501 1463 4¹
510 1432 539 1465 7.
564 1419 724 1454 Vocatur
739 1419 774 1454 h.
798 1420 819 1455 l.

124 1473 305 1515 placidus,
329 1470 392 1506 sed
415 1471 451 1504 V
473 1471 566 1506 Fast.
591 1471 635 1519 89
649 1497 660 1515 ,
684 1484 819 1515 rapox‚·

131 1529 168 1558 et
192 1522 229 1558 ΙΙ
252 1522 345 1558 Fasx.
366 1524 451 1568 ²74⁸,
470 1523 503 1557 ei
519 1523 728 1558 tribuuntur
743 1527 820 1558 ciloe

129 1588 232 1621 aque.
257 1575 383 1620 Itaque
406 1574 492 1609 Intt.
511 1575 605 1610 varie
624 1575 720 1611 hunc
742 1576 820 1611 dis-

127 1640 271 1663 sensum
283 1640 500 1674 componere
513 1629 631 1663 conati
641 1635 736 1663 sunt.
749 1630 817 1663 Ve-

127 1693 212 1715 rum
226 1679 382 1726 epitheta
393 1706 404 1724 ‚
423 1680 549 1725 quibus
565 1687 679 1726 poetae
695 1681 819 1727 singu-

127 1733 180 1770 los
195 1733 322 1769 fluvios
333 1741 369 1769 et
383 1741 526 1770 montes
538 1742 729 1780 exornant,
742 1749 817 1771 non

129 1786 292 1833 urgenda
312 1793 419 1830 sunt,
448 1799 515 1822 nec
540 1794 667 1822 natura
691 1801 817 1823 eorum

127 1839 212 1875 inde
221 1839 582 1883 demonstranda,nisi
591 1840 731 1876 accedat
739 1854 818 1888 geo-

128 1892 344 1940 graphorum
366 1893 564 1928 auctoritas.
591 1893 714 1939 Itaque
740 1894 818 1929 fleri

128 1951 267 1992 potest,
293 1952 334 1980 ut
355 1945 409 1980 sui
428 1944 548 1989 obliti,
571 1945 688 1980 eidem
709 1945 818 1979 fluvio

128 1996 273 2034 diversis
291 1998 375 2033 locis
399 1997 552 2033 diversas
575 1999 722 2033 virtutes
746 1998 819 2032 tri-

129 2051 243 2085 buant
260 2063 269 2085 ε
286 2050 367 2085 vide
384 2051 511 2085 Burm.
529 2050 570 2084 ad
590 2050 710 2085 Valer.
727 2050 819 2086 Flac.

130 2104 167 2137 V
180 2129 190 2148 ,
210 2103 283 2138 180.
297 2121 342 2129 —
357 2103 493 2140 Ansam
507 2103 631 2138 fabulae
643 2103 741 2138 dedit
753 2117 833 2138 na-.

129 2162 210 2190 tura
233 2156 389 2190 Ladomlr
410 2168 519 2201 quem
539 2155 732 2202 Dionysius
748 2169 819 2190 vo—

129 2215 206 2251 cat,
224 2209 405 2254 Εὖκοέλαμον
425 2212 558 2254 ποταμὲν
574 2214 627 2244 καὶ
644 2212 820 2256 ε’ϋστὲςεανσν

130 2265 278 2296 Aaron.
299 2266 410 2312 Σύριγξ
428 2275 539 2308 graece
563 2262 735 2308 significat
754 2263 820 2299 fis-

131 2315 243 2350 tulam
267 2316 486 2361 pastoritiam
503 2330 521 2350 a
542 2321 658 2367 eu'pz‘gm
671 2344 680 2360 ‚
708 2317 818 2352 sibilo.

129 2366 314 2402 Lucretius
327 2393 338 2411 ‚
356 2367 413 2402 lib.
426 2368 461 2401 V
481 2380 489 2402 ε
509 2369 559 2402 Et
570 2369 722 2415 Zephyri
732 2381 818 2403 cava

121 2434 187 2466 per
196 2423 402 2456 calamorum
410 2423 516 2455 sibila
523 2425 670 2466 primum
680 2423 716 2456 A
714 2435 816 2466 gres-

130 2477 182 2506 tes
189 2474 339 2506 docuere.
356 2472 419 2508 Illa
430 2473 573 2508 inventa
586 2474 706 2508 retulit
719 2474 817 2508 Pana

127 2524 167 2559 in
185 2537 380 2559 numerum
398 2524 582 2571 Deorum,
602 2527 662 2562 sed
681 2526 724 2560 de
741 2528 818 2572 ple-

128 2577 184 2612 be.
203 2576 318 2611 Natal.
335 2575 467 2612 Comes
480 2604 489 2621 ,
509 2578 565 2613 lib.
583 2580 617 2612 V
631 2605 641 2623 ‚
665 2591 738 2624 cap.
752 2590 790 2613 v1
805 2605 814 2622 ,

127 2630 278 2675 legatur,
292 2636 328 2664 et
344 2630 518 2664 Francisci
538 2631 671 2666 Baconi
689 2631 731 2665 de
743 2631 816 2666 Sa-

128 2682 259 2729 pientia
273 2683 448 2717 Veterum
462 2708 471 2726 ,
482 2695 554 2727 cap.
565 2694 604 2717 V1
620 2696 628 2717 :
646 2685 735 2724 Pan,
749 2686 819 2716 sive

126 2738 269 2772 Natura.
290 2735 354 2770 Ed.

932 734 1006 780 703.
1032 735 1102 768 Illi.
1126 734 1199 770 Pro
1227 748 1298 782 quo
1322 737 1435 772 nostri
1462 737 1580 780 Codd,

887 785 1021 821 habent
1035 789 1142 821 illam.

937 841 1010 885 ⁰704.
1032 840 1187 884 Lt'quidae
1200 853 1341 875 sorores.
1352 842 1529 890 Nymphae
1541 846 1579 879 in

886 890 1032 926 Ladone
1050 891 1261 928 habitantes.
1291 894 1463 931 Similiter
1486 898 1578 932 Ina-

884 943 971 978 chus
995 951 1142 979 vocatur
1164 948 1313 991 liquidus
1326 961 1471 992 parens,
1492 950 1578 985 He—

886 998 975 1033 roid.
1000 999 1110 1043 XIV,
1138 1001 1191 1048 89.
1219 1001 1383 1048 Propert.
1402 1004 1463 1049 II,
1482 1017 1578 1049 xxv,

886 1051 931 1095 34
949 1064 957 1086 t
973 1051 1125 1086 Acheloi
1136 1054 1246 1098 liquor
1255 1057 1357 1099 luget.

933 1103 1006 1149 706.
1027 1104 1198 1139 Calamus.
1216 1105 1416 1142 Burmann.
1441 1122 1483 1143 ex
1505 1122 1579 1144 uno

887 1154 1022 1190 Medic.
1044 1169 1178 1191 cannas
1191 1162 1340 1193 tenuisse
1351 1187 1360 1200 ‚
1378 1160 1459 1206 quia
1478 1161 1580 1207 Apu—

885 1206 941 1242 lei.
968 1208 1003 1240 V
1027 1208 1177 1243 Metam.
1208 1211 1321 1245 Deam
1350 1214 1503 1247 Cannam
1519 1227 1578 1248 vo-

885 1266 961 1303 cat,
981 1267 1017 1295 et
1043 1261 1126 1306 quia
1148 1275 1237 1297 vers.
1263 1277 1337 1309 7¹¹-
1356 1283 1402 1291 -
1426 1267 1580 1301 Calamis

885 1314 1054 1359 sequitur.
1074 1316 1214 1362 Nempe
1245 1318 1371 1353 Heius.
1398 1325 1433 1353 et
1450 1320 1576 1354 Burm.

885 1379 1091 1412 persuasum
1115 1376 1191 1403 erat
1203 1395 1212 1412 ‚
1243 1382 1318 1404 non
1345 1371 1450 1406 licere
1480 1373 1578 1408 bono

885 1419 1047 1465 scriptori
1076 1420 1171 1455 intra
1188 1434 1384 1467 paucorum
1410 1437 1580 1460 versuum

885 1471 1060 1506 ambitum
1071 1471 1167 1507 idem
1178 1486 1253 1508 voc.
1264 1475 1316 1510 bis
1327 1488 1462 1521 ponere
1473 1491 1482 1519 ;
1494 1477 1579 1514 hinc

885 1525 1061 1570 permulta
1073 1524 1197 1560 Ovidii
1208 1526 1281 1561 loca
1292 1535 1490 1574 tentarunt,
1501 1544 1579 1576 quae

885 1589 997 1611 manu
1009 1577 1148 1612 medica
1164 1591 1240 1613 non
1258 1579 1479 1626 indigebant.
1491 1582 1580 1618 Ovi—

884 1627 984 1662 dium
999 1629 1096 1664 illam
1112 1630 1229 1676 legem
1245 1644 1319 1666 non
1338 1645 1475 1668 curasse
1490 1661 1500 1679 ,
1515 1642 1579 1669 at—

883 1681 1047 1717 tendenti
1065 1683 1162 1717 sacile
1182 1691 1336 1729 apparet.
1357 1685 1451 1720 Vide
1468 1687 1578 1722 modo

885 1734 950 1782 569
967 1741 1003 1769 et
1021 1737 1084 1781 57²
1097 1762 1106 1779 ,
1128 1735 1193 1770 638
1205 1736 1310 1780 et641
1324 1763 1334 1780 ,
1355 1738 1419 1783 753
1437 1745 1473 1773 et
1491 1739 1577 1784 7563

885 1785 1001 1829 VIII,
1032 1800 1072 1821 10
1088 1793 1124 1821 et
1144 1787 1182 1821 ι6
1196 1813 1205 1830 ,
1230 1787 1270 1822 15
1281 1795 1316 1822 et
1332 1802 1389 1836 19,
1416 1789 1459 1833 34
1471 1796 1507 1823 et
1519 1790 1576 1837 37,

885 1838 925 1872 81
939 1846 976 1873 et
986 1839 1028 1873 83
1040 1865 1049 1882 ,
1071 1839 1132 1873 108
1143 1846 1180 1873 et
1194 1853 1205 1873 1
1216 1853 1229 1873 1
1239 1853 1265 1874 1.
1279 1840 1554 1886 Necigiturerat
1568 1869 1577 1885 ,

883 1903 949 1924 cur
966 1890 1001 1924 h.
1026 1891 1047 1925 l.
1074 1904 1181 1936 porro
1201 1904 1266 1936 pro
1288 1896 1436 1927 tenuisse
1457 1894 1578 1928 mallet

883 1946 1035 1986 letifflkse
1046 1954 1059 1985 ,·
1070 1950 1129 1977 aut
1138 1969 1148 1986 ,
1163 1956 1251 1978 vers.
1265 1958 1326 1991 712
1336 1971 1346 1988 ,
1366 1957 1432 1991 pro
1447 1946 1573 1981 eodem

884 2009 967 2030 cum
995 1995 1158 2044 Gryphio
1184 2004 1220 2032 et
1252 1998 1363 2034 MSS.
1393 2000 1576 2035 nonnullis

884 2052 1062 2083 mansisse.
1079 2050 1272 2085 Posteriori
1288 2052 1386 2086 enim
1402 2052 1480 2088 loco
1498 2053 1571 2089 haec

884 2100 988 2135 lectio
1006 2102 1112 2137 insert
1125 2129 1135 2147 ,
1167 2103 1264 2149 quod
1293 2104 1349 2139 ille
1376 2105 1450 2140 tolli
1474 2107 1549 2142 vult
1563 2121 1573 2148 ;

884 2167 969 2188 nam
986 2167 1050 2201 7¹⁰
1066 2155 1231 2201 praecedit
1253 2161 1421 2199 manebit,
1445 2166 1481 2194 et
1499 2160 1533 2194 h.
1552 2161 1573 2194 l.

882 2210 1034 2251 {eligis-se
1053 2207 1172 2242 minus
1198 2210 1507 2245 accommodatum
1523 2219 1575 2247 est

883 2258 935 2292 rei
945 2260 1146 2305 propositae,
1162 2273 1271 2306 quam
1283 2266 1438 2297 tenuisse.
1449 2280 1494 2290 ¹—
1505 2266 1576 2298 Ca—

882 2314 992 2346 lamos
1000 2314 1162 2348 revocavi
1178 2315 1273 2359 quod
1287 2328 1411 2351 ornnes
1420 2343 1429 2360 ,
1447 2324 1574 2362 praetcr

882 2377 1017 2410 unum,
1041 2365 1156 2401 Codd.
1184 2366 1316 2402 habent
1335 2395 1344 2412 ‚
1368 2382 1442 2402 non
1466 2370 1575 2404 modo

883 2418 964 2463 quia
991 2418 1121 2465 Syrinx
1137 2432 1157 2453 a
1175 2419 1275 2455 Serv.
1293 2421 1335 2455 ad
1356 2421 1480 2466 virgil.
1500 2422 1574 2457 Ecl.

883 2471 940 2515 Π,
961 2472 1002 2505 32
1019 2498 1028 2516 ,
1050 2472 1086 2506 in
1105 2476 1273 2508 calamum
1286 2481 1421 2509 mutata
1432 2475 1574 2521 legitur,

880 2525 941 2559 sed
962 2525 1069 2559 etiam
1092 2533 1239 2571 propter
1265 2527 1357 2560 Plin.
1375 2527 1468 2562 Hist.
1493 2529 1572 2563 Nat.

882 2589 947 2612 XVI
961 2605 969 2621 ‚
987 2578 1029 2612 36
1044 2592 1069 2613 s.
1088 2580 1152 2613 66:
1169 2595 1185 2609 «
1203 2579 1370 2616 Calamus
1379 2582 1466 2617 alius
1478 2590 1573 2618 totus

882 2641 1058 2663 concavus
1073 2656 1082 2673 ,
1098 2643 1205 2674 quem
1219 2633 1410 2679 syringiam
1423 2643 1550 2669 vocant
1563 2662 1572 2678 ‚

881 2683 1084 2718 utilissimus
1098 2683 1238 2729 fistulis,
1258 2689 1427 2731 quoniam
1441 2688 1528 2723 nihil
1539 2690 1572 2723 ei

882 2743 934 2770 est
950 2736 1160 2783 cartilaginis
1176 2745 1280 2783 atque
1297 2741 1421 2775 carnis.
1439 2756 1455 2771 »
1474 2741 1571 2776 Lac-
