1832 3100
325 204 1050 252 METAMORPHOSEON
1085 210 1214 254 LIB.
1259 212 1380 256 VII.

1476 211 1562 255 513

142 298 460 366 Androgeique
481 316 634 354 necem
655 298 787 363 justis
812 297 1043 348 ulciscitur
1066 303 1211 350 armis.

141 376 260 424 Ante
285 387 430 444 tamen
445 412 458 433 ‚
479 373 600 422 bello
627 373 739 423 vires
761 374 957 441 adquirit
979 376 1139 425 amicas
1159 396 1170 434 3

143 453 334 520 Quaque
355 463 517 519 potens
539 451 748 509 habitus,
772 451 941 500 volucri
964 452 1074 501 freta
1101 452 1238 501 classe
1263 468 1472 519 pererrat.
1506 471 1574 516 460

141 530 260 579 Hinc
282 529 503 597 Anaphen
528 529 615 578 sibi
635 529 812 594 jungit,
837 541 881 578 et
903 529 1159 597 Astypaleia
1179 549 1339 594 regna3

140 607 380 658 Promissis
403 607 623 674 Anaphen
639 645 650 664 ‚
673 626 807 670 regna
827 606 1082 674 Astypaleia
1101 607 1238 656 bello.

139 686 259 735 Hinc
275 685 488 735 humilem
509 687 760 752 Myconon,
785 677 1042 752 cretosaque
1066 704 1169 734 rura
1194 686 1385 744 Cimoli,

139 764 484 832 Florentemque
513 764 724 831 Cythnon
739 801 751 822 ,
777 763 971 830 Scyron,
994 762 1258 830 planamque
1284 764 1530 830 Seriphon,

137 895 195 935 253
203 892 265 928 sed
274 906 371 928 nunc
380 900 415 927 et
412 894 701 939 firmissimusl'ra,
712 904 819 937 quem

136 947 190 981 ira
201 946 365 992 impellit,
385 952 424 980 ut
435 945 599 980 omnibus
610 945 739 980 viribus
749 946 819 980 suis

136 1004 267 1034 utatur.
283 1017 328 1024 —
337 999 458 1032 Patria
472 1002 542 1036 ira,
562 1010 639 1043 quae
653 996 819 1032 convenit

134 1045 227 1096 patri
240 1075 250 1094 ,
267 1049 313 1084 ob
330 1049 392 1084 filii
409 1048 551 1085 caedem.
565 1051 630 1084 Ed.

180 1104 256 1151 459.
282 1105 375 1138 Ante
393 1107 503 1137 tamen
515 1129 523 1142 ‚
547 1104 656 1144 bell05
680 1100 714 1136 id
730 1101 819 1136 mihi

135 1155 245 1201 magis
254 1155 432 1201 poeticum
442 1154 594 1198 videtur,
606 1167 711 1199 quam
723 1155 818 1199 quod

134 1207 242 1250 babet
257 1207 393 1253 vulgata
402 1233 412 1251 ,
423 1208 528 1247 *Ante
543 1211 652 1241 tamen
668 1209 814 1248 bellum,·

134 1272 244 1305 quare
269 1262 357 1295 hello
372 1259 536 1306 (dativo)
555 1286 564 1303 ,
582 1259 676 1305 quod
694 1273 818 1295 omnes

134 1311 245 1349 MSS.
261 1319 390 1358 praeter
403 1325 462 1347 sex
479 1311 629 1355 habent,
646 1324 817 1346 revocan-

135 1364 222 1399 dum
233 1365 362 1411 putavi.
374 1363 540 1410 Virgilius
551 1390 561 1408 ,
570 1364 653 1399 AEn.
666 1364 702 1398 II
712 1390 721 1408 ,
735 1365 814 1408 315,

130 1420 453 1462 glomerammanum
463 1419 562 1460 bello5
573 1416 705 1451 ibidem
715 1443 724 1460 ,
738 1417 794 1451 111
804 1443 813 1461 ‚

134 1471 201 1514 540
212 1496 223 1514 ,
254 1471 341 1504 bello
360 1473 534 1503 armantur
551 1472 636 1513 equi.
652 1487 697 1495 —
714 1468 816 1514 Regii

133 1522 246 1558 nostri
268 1522 400 1557 habent
423 1533 563 1567 quoque
586 1523 672 1555 bello
682 1548 691 1560 ‚
720 1520 814 1566 quod

132 1574 345 1612 servandum
359 1587 486 1611 censeo
498 1601 508 1619 ,
526 1574 722 1609 dummodo
738 1581 815 1620 post

131 1633 244 1663 tamen
260 1635 413 1674 ponatur
428 1640 587 1671 comma,
601 1627 701 1662 sicuti
717 1627 752 1661 in
769 1626 815 1660 li-

131 1678 198 1714 bro
214 1679 250 1722 1,
270 1681 290 1714 5
302 1705 312 1723 ,
339 1680 450 1718 Ante,
479 1691 570 1712 mare
584 1683 619 1712 et
632 1680 732 1712 tellus
747 1683 812 1711 etc.

131 1733 197 1767 Ed.
213 1750 258 1758 —
278 1733 375 1766 Wres
389 1743 479 1776 sepe
495 1730 538 1765 de
555 1731 661 1776 copiis
676 1730 812 1765 milita—

129 1783 235 1819 ribus.
243 1802 288 1811 —
298 1784 442 1819 Amicus
449 1811 457 1823 ,
473 1782 709 1818 auxiliares.—
717 1784 813 1825 Qua-

129 1849 192 1881 que
211 1841 332 1881 potens
356 1838 494 1871 habitus
511 1849 522 1878 ,-
544 1835 694 1869 habebat
715 1834 812 1867 enim

130 1890 320 1936 imperium
342 1889 458 1924 maris.
481 1888 534 1923 Ita
559 1888 813 1932 interpretatur

128 1942 171 1978 cl.
186 1944 324 1988 Gt’eriffi·
335 1941 396 1977 sed
412 1941 688 1988 praestantiorem
702 1939 811 1974 duxe-

129 1995 198 2030 rim
209 1995 397 2031 lectionem
407 2001 610 2029 nostrorum
619 1992 809 2036 Codicum,

133 2050 272 2093 Quaque
279 2052 401 2093 patent
411 2049 540 2087 aditus,
552 2046 677 2091 quibus
686 2045 811 2080 melius

128 2101 330 2147 inunguntur
333 2099 430 2144 freta
445 2101 557 2134 classe
566 2103 723 2143 pererrat.
743 2098 809 2134 Ed.

128 2153 262 2189 —Non
276 2151 469 2186 admodum
477 2153 623 2186 volucris
633 2151 688 2184 illa
698 2150 809 2185 classis

127 2204 387 2242 suissevidetur.
395 2204 484 2239 Eam
497 2204 593 2238 enim
601 2203 724 2247 effugit
732 2203 811 2238 Dae-

131 2258 248 2302 datus,
261 2270 341 2292 eam
352 2258 462 2304 ipsam
479 2256 524 2290 ob
537 2268 674 2291 causam
689 2282 698 2299 ,
714 2255 808 2300 quod

128 2311 212 2346 velis
240 2310 379 2346 carebat
397 2336 406 2353 ,
435 2321 512 2355 quae
539 2309 723 2343 invenerat
740 2335 750 2352 ,
773 2316 810 2343 et

130 2363 256 2409 quibus
271 2362 435 2397 utebatur
449 2361 628 2396 Daedalus:
644 2360 721 2396 vide
732 2361 807 2396 Go-

130 2420 213 2461 guet
222 2428 287 2451 von
301 2416 492 2459 Ursprunge
502 2416 562 2448 der
575 2415 730 2454 Gesetze,
744 2421 808 2449 etc.

131 2475 217 2502 tom.
229 2467 278 2511 11,
287 2481 319 2513 p.
329 2468 402 2514 276.
414 2467 477 2502 Est
489 2479 572 2512 ergo
580 2479 675 2501 nunc
682 2466 732 2500 nil
742 2467 808 2501 nisi
831 2516 834 2519 Δ

130 2518 309 2564 epitheton
324 2531 471 2561 ornans,
481 2518 550 2553 sive
563 2530 763 2553 commune.

173 2570 247 2615 451.
264 2572 354 2605 Ht'nc
368 2572 530 2614 Anaphen
542 2577 604 2605 etc.
621 2569 808 2616 Catalogus

127 2622 255 2658 harum
268 2622 461 2657 insularum
481 2621 597 2657 Cretae
612 2622 808 2656 vicinarum
836 2635 838 2637 ’

128 2674 315 2710 commode
343 2675 487 2720 quidem
518 2687 616 2709 nunc
643 2674 810 2720 potuisset

131 2729 245 2765 omitti
255 2756 266 2776 ,
280 2728 568 2775 quandoquidem
582 2741 655 2765 non
666 2728 809 2764 historia

318 2796 425 2841 III.

886 889 1020 925 Minois
1031 897 1196 925 narratur
1207 905 1215 932 ;
1230 890 1290 926 sed
1302 890 1510 926 eruditionis
1522 904 1572 926 os-

887 942 1064 978 tentandae
1083 956 1183 978 causa
1202 943 1280 978 talia
1294 943 1540 978 inserebantur
1552 957 1572 978 a

883 995 1255 1041 poetis—Astypaleia
1262 1022 1271 1036 ‚
1288 1008 1353 1041 pro
1364 997 1570 1042 Styphaleia,

884 1048 974 1082 bene
991 1047 1089 1082 dedit
1106 1048 1245 1094 Regius.
1264 1048 1359 1083 Illius
1376 1048 1473 1082 enim
1491 1061 1566 1083 no-

884 1100 989 1134 minis
1003 1099 1115 1134 insula
1125 1100 1219 1134 nulla
1234 1100 1271 1134 in
1285 1099 1571 1146 Archipelago.—-·

883 1155 1076 1194 Promissis,
1088 1154 1152 1188 etc.
1165 1153 1274 1187 Hunc
1287 1166 1426 1187 versum
1439 1180 1447 1196 ,
1464 1166 1571 1198 quem

883 1204 1075 1239 delendum
1089 1205 1252 1239 censebat
1267 1205 1360 1238 Mar.
1379 1206 1520 1239 Accurs.
1532 1212 1569 1239 et

884 1257 944 1302 qui
955 1256 1053 1292 deest
1064 1257 1100 1291 in
1114 1256 1231 1291 multis
1249 1257 1358 1292 MSS.
1373 1259 1430 1302 (et
1443 1258 1479 1292 in
1491 1258 1570 1292 Re—

884 1310 940 1355 gio
956 1316 1078 1343 nostro
1103 1309 1182 1353 A),
1210 1322 1282 1344 non
1304 1309 1458 1351 damn0;
1482 1310 1570 1345 solet

881 1363 979 1397 enim
995 1369 1030 1397 et
1047 1362 1125 1396 alibi
1142 1362 1294 1397 Ovidius
1308 1363 1490 1408 superiora
1507 1376 1567 1397 re—

880 1421 1000 1458 petere
1019 1427 1101 1449 cum
1119 1414 1361 1449 additamento
1381 1415 1509 1460 aliquo.

924 1467 999 1510 463.
1011 1468 1192 1502 Humilem.
1205 1492 1213 1500 .
1226 1494 1233 1500 .
1249 1493 1257 1501 .
1266 1470 1421 1511 planam.
1440 1467 1568 1512 Quum

879 1519 1046 1564 Myconos
1065 1533 1083 1554 a
1103 1519 1272 1565 Virgilio,
1302 1519 1386 1555 AEn.
1404 1520 1461 1555 ΙΙΙ
1475 1546 1484 1563 ,
1505 1522 1566 1565 74,

878 1575 972 1606 celsa
987 1573 1144 1612 dicatur,
1166 1574 1322 1616 Seriphos
1337 1579 1456 1607 autem
1472 1573 1566 1608 inter

878 1637 1011 1660 saxosas
1027 1625 1155 1659 insulas
1175 1625 1360 1668 reseratur,
1379 1627 1473 1660 varie
1498 1627 1563 1660 in·-

878 1683 1050 1723 terpretes
1072 1676 1145 1712 haec
1166 1676 1319 1722 epitheta
1338 1685 1373 1711 et
1390 1679 1562 1712 emenda-

878 1737 981 1774 runt,
1005 1737 1040 1765 et
1060 1730 1285 1776 explicarunt.
1310 1731 1458 1766 Fatetur
1476 1733 1564 1766 Bur-

878 1796 1031 1818 mannus
1058 1795 1203 1817 manere
1236 1783 1300 1817 sibi
1329 1783 1465 1818 nodum
1487 1797 1562 1819 non

877 1834 1096 1869 solvendum.
1114 1835 1251 1880 Nempe
1270 1835 1391 1870 insulae
1415 1836 1481 1871 illae
1502 1837 1563 1871 vi—

878 1886 1010 1920 dentur
1025 1886 1105 1921 litus
1120 1887 1244 1921 acclive
1261 1887 1419 1922 habuisse
1435 1914 1444 1931 ‚
1467 1895 1502 1922 et
1516 1889 1565 1924 sic

876 1937 934 1972 illa
953 1940 1108 1980 humilis,
1139 1938 1211 1974 haec
1228 1941 1338 1983 plana
1363 1940 1478 1975 fuisse.
1505 1941 1563 1976 Sic

877 1999 984 2036 certe,
997 1994 1133 2026 humilis
1140 1995 1256 2034 Italia,
1274 1993 1372 2039 Virg.
1386 1993 1469 2027 AEn.
1482 1994 1560 2038 111,

878 2048 940 2081 522
959 2060 967 2082 :
986 2046 1064 2081 vide
1084 2047 1217 2094 Heynii
1233 2048 1375 2082 Excurs.
1388 2048 1440 2082 IV
1455 2047 1497 2082 ad
1518 2049 1563 2083 il-

875 2099 950 2134 lum
972 2099 1111 2134 librum.
1134 2100 1205 2134 Pro
1215 2102 1420 2145 planamque
1439 2107 1559 2135 tamen

876 2164 958 2185 cum
984 2150 1169 2186 Constant.
1194 2151 1345 2187 Fanens.
1359 2166 1563 2197 parvamque

875 2203 1065 2250 legendum
1078 2204 1241 2248 arbitror,
1261 2205 1341 2250 quia
1351 2218 1459 2248 parva
1470 2206 1561 2239 Seri-

870 2259 970 2302 phos,
991 2257 1097 2292 etiam
1114 2256 1161 2301 V,
1180 2258 1242 2301 242
1254 2283 1263 2301 ,
1282 2263 1317 2291 et
1333 2256 1424 2301 apud
1441 2257 1561 2291 Juve-

875 2310 1003 2345 nalem.
1022 2310 1105 2345 Fuit
1121 2310 1239 2354 enim,
1265 2317 1404 2345 auctore
1421 2310 1559 2354 Plinio,

875 2364 1038 2399 circuitus
1073 2364 1148 2408 ejus
1174 2362 1316 2398 nonnisi
1348 2363 1420 2398 XII
1452 2364 1560 2399 millia

875 2418 1170 2462 passuum.Plana
1179 2423 1301 2450 contra
1314 2428 1387 2449 non
1400 2416 1484 2459 suit,
1497 2415 1560 2450 sed

877 2483 1060 2515 aspera.—
1075 2471 1214 2504 Cretosa
1235 2483 1312 2503 rura
1338 2470 1469 2503 Cimoli.
1494 2470 1561 2502 Ci—

876 2525 984 2556 molus
1007 2529 1139 2556 cretam
1167 2520 1338 2563 habebat,
1366 2533 1443 2565 quae
1466 2532 1560 2566 pur-

876 2574 997 2620 gandis
1018 2574 1169 2608 vestibus
1194 2573 1423 2607 adhibebatur
1444 2585 1453 2607 :
1479 2572 1559 2607 vide

876 2626 1055 2667 Plinium,
1078 2624 1217 2659 XXXV
1233 2651 1242 2668 ,
1271 2638 1319 2669 ¹7·
1345 2641 1387 2650 ·—
1412 2625 1560 2671 Cythnos

878 2677 1020 2711 Cimolo
1046 2678 1169 2711 vicina.
1187 2695 1230 2702 —
1251 2678 1435 2711 Merentem
1462 2675 1556 2709 nude

875 2728 1050 2774 positum,
1074 2735 1151 2764 tum
1171 2728 1296 2775 Scyron
1314 2727 1388 2762 sine
1407 2725 1561 2772 epitheto

1326 2795 1380 2838 33
