1832 3100
332 248 1063 299 METAMORPHOSEON
1095 250 1228 310 Lis,
1262 252 1356 298 iv.

1473 253 1559 297 303

133 349 196 398 Et
216 346 380 398 laniata
401 364 569 404 comas,
594 343 882 412 amplexaque
907 361 1071 411 corpus
1095 355 1310 403 amatum,

134 424 329 475 Vulnera
350 421 575 491 supplevit
597 420 790 470 lacrimis
805 460 817 479 ,
839 421 1081 488 fletumque
1106 422 1257 470 cruori
1501 439 1563 484 140

136 501 322 552 Miscuit
337 538 350 560 ,
374 511 419 550 'et
442 499 601 564 gelidis
625 499 673 548 in
693 499 895 548 vultibus
918 497 1070 547 oscula
1091 497 1232 561 figens
1247 535 1259 557 ,

139 602 164 624 «
190 580 399 647 Pyrame,
426 577 650 637 clamavit,
678 579 779 645 quis
806 589 849 627 te
872 577 983 626 mihi
1007 595 1134 625 casus
1155 576 1351 625 ademit?

140 679 165 702 »
190 657 396 725 Pyrame,
418 656 639 724 responde
662 675 673 705 ε
700 668 777 705 tua
799 667 842 704 te
857 693 868 715 ‚
892 655 1139 714 carissime,
1165 655 1337 704 Thisbe

81 768 86 772 ·
140 758 164 780 »
187 735 423 795 Nominat,
445 735 631 794 ¹exaudi3
657 734 895 801 vultusque
919 731 1082 782 adtolle
1100 733 1308 799 jacentes.
1337 755 1362 777 >›

136 812 210 861 Ad
230 831 396 872 nomen
418 813 611 862 Thisbes
637 811 792 861 oculos
805 849 818 869 ,
838 812 927 878 jam
950 822 1095 860 morte
1117 822 1322 875 gravatos
1338 848 1350 869 ,
1501 826 1562 870 ¹4⁵

136 890 350 958 Pyramus
374 890 534 949 erexit,
556 890 738 957 visaque
761 889 1015 939 recondidit
1036 888 1125 938 illa.

137 967 249 1032 Quae
273 979 516 1035 postquam
537 980 791 1034 vestemque
815 986 940 1016 suam
961 966 1175 1030 cognovit
1190 1003 1202 1025 ,
1228 979 1273 1015 et
1292 986 1394 1016 ense

136 1045 265 1094 Vidit
287 1045 399 1095 ebur
420 1065 636 1105 vacuum3
665 1068 688 1088 «
712 1047 811 1094 Tua
834 1057 878 1094 te
902 1064 1082 1103 manus,
1109 1044 1259 1111 inquit
1269 1061 1290 1104 ,·
1309 1064 1521 1112 amorque

142 1146 166 1168 n
191 1124 395 1193 Perdidit
408 1162 420 1184 ,
442 1124 621 1174 infelix!
642 1137 710 1174 est
731 1136 776 1174 et
794 1124 906 1173 mihi
927 1123 1058 1172 fortis
1082 1123 1131 1172 in
1151 1142 1291 1172 unum

145 1224 167 1244 »ι
196 1203 298 1251 Hoc
320 1220 502 1260 manus;
525 1213 592 1251 est
616 1213 661 1251 et
678 1220 824 1260 amor,
849 1201 977 1249 dabit
990 1200 1096 1249 hic
1084 1220 1132 1248 in
1153 1199 1335 1249 vulnera
1356 1201 1484 1251 vires.
1512 1216 1574 1249 150

144 1302 167 1322 »
193 1279 448 1358 Prosequar
469 1279 762 1337 exstinctum3
786 1278 953 1346 letique
975 1278 1221 1327 miserrima
1244 1277 1364 1327 dicar

144 1379 168 1400 »
197 1334 404 1415 Causa,
391 1374 627 1424 comesque
651 1356 747 1404 tui:
769 1356 934 1423 quique
957 1376 982 1404 a
1004 1375 1074 1404 me
1099 1367 1243 1404 morte
1265 1355 1415 1407 revelli

146 1457 169 1478 »
197 1435 321 1484 Heu!
347 1433 443 1484 sola
464 1446 671 1502 poteras,
694 1434 864 1501 poteris
887 1453 969 1483 nec
991 1446 1134 1482 morte
1156 1432 1321 1482 revelli.

146 1535 170 1556 n
199 1499 302 1562 Hoc
324 1524 471 1563 tamen
495 1513 730 1562 amborum
747 1511 895 1560 verbis
921 1522 1062 1559 estote
1083 1510 1255 1573 rogati,

145 1612 170 1633 »
200 1591 245 1644 Ο
271 1590 465 1640 multum
489 1589 663 1649 miseri,
687 1608 813 1639 meus
837 1588 1048 1655 illiusque
1063 1626 1075 1648 ,
1097 1601 1328 1656 parentes,

135 1738 316 1782 percellere
324 1742 394 1781 est,
412 1735 450 1771 in
462 1742 595 1771 terram
607 1734 690 1770 dare
702 1761 712 1779 ,
728 1747 825 1770 ever-

142 1796 216 1825 tere
229 1803 240 1832 ;
254 1793 427 1834 percutere
449 1795 568 1824 autem
580 1814 590 1833 ,
613 1787 800 1823 verberare
814 1814 825 1832 ,

142 1840 307 1888 plangere
318 1855 327 1884 ;
344 1840 425 1876 vide
437 1841 688 1876 Burmannum
700 1840 768 1875 late
781 1839 824 1876 de

144 1892 343 1928 discrimine
359 1892 490 1928 horum
504 1894 696 1928 verborum
712 1892 826 1938 dispu-

144 1953 292 1982 tantem.
315 1966 360 1974 —
384 1950 555 1988 Perculit,
581 1944 675 1992 quod
694 1946 826 1992 Regius

145 2005 266 2034 tamen
293 1997 416 2034 Codex
442 2000 474 2034 A
499 1997 606 2033 habet
621 2025 631 2042 ,
667 1999 785 2033 forsan
809 2011 829 2032 a

146 2050 359 2097 negligentia
372 2077 382 2095 ‚
415 2050 583 2085 lineolam
606 2050 801 2085 omittentis
818 2076 827 2093 ‚

147 2101 257 2137 fluxit.
274 2105 339 2138 Ed.
363 2121 409 2129 --
422 2104 606 2148 Indignus,
631 2110 671 2138 ut
695 2103 733 2146 I,
753 2105 829 2151 509.

147 2172 191 2180 —
213 2155 356 2195 Clarus,
379 2162 417 2189 ut
442 2155 496 2199 ΙΙ,
513 2155 589 2190 625.
614 2173 658 2181 ——·
684 2156 831 2190 Vulnera

147 2208 313 2251 suppleri!
327 2208 410 2241 Iacr.
430 2205 480 2240 nil
496 2218 569 2241 esse
583 2213 716 2252 potest,
738 2206 804 2241 nisi
819 2232 829 2250 ,

148 2257 242 2304 quod
256 2258 687 2304 sequitui-,fletumqueetc-
697 2277 741 2285 —
755 2260 830 2293 Ca—

147 2314 278 2346 ris-sime
289 2323 354 2357 pro
364 2314 544 2346 can'ssitna
557 2324 576 2345 e
587 2311 785 2346 Balliolensi
796 2317 832 2346 et

149 2363 262 2410 Regio
277 2363 434 2399 secundo
449 2364 626 2410 amplexus
642 2372 693 2399 est
708 2364 832 2399 Heia,-

148 2416 226 2451 sius.
242 2434 287 2442 —-
299 2416 402 2463 Regii
414 2417 527 2452 nostri
542 2415 673 2451 habent
690 2420 833 2451 carissi-

148 2481 225 2508 ma,
249 2469 377 2514 absque
393 2469 544 2515 virgulis.
564 2470 630 2503 Ed.
645 2487 688 2495 -
712 2471 834 2503 Vultus

141 2521 310 2566 jacentes,
329 2520 553 2567 languentes,
571 2521 626 2556 vel
642 2522 833 2567 quiescen-

149 2575 264 2619 tium,
292 2574 372 2618 vel,
399 2581 439 2609 ut
464 2574 499 2609 h.
527 2575 569 2618 1.,
601 2576 833 2611 morientium

150 2629 254 2672 oculi,
267 2628 326 2674 qui
336 2635 496 2673 etgraves
506 2635 566 2663 aut
572 2632 709 2673 gravate·
715 2629 834 2664 dicun-

153 2688 221 2716 tur.
237 2681 321 2716 Non
338 2680 550 2726 adsequutus
568 2688 619 2715 est
633 2681 705 2715 haec
723 2680 835 2715 Rod.:

153 2735 280 2769 Blikke
295 2748 359 2769 nur
369 2735 456 2769 noch
471 2736 600 2768 einmal
614 2736 703 2768 mich
723 2747 778 2768 an.
792 2751 837 2758 —

156 2787 352 2831 Adnomen,
365 2793 405 2820 ut
421 2785 491 2828 111,
503 2787 628 2830 245.—
638 2786 709 2821 Hic
718 2797 836 2820 versus

1513 1603 1577 1638 155

892 1740 929 1768 et
957 1745 1108 1779 sequens
1136 1733 1337 1779 transpositi
1365 1734 1511 1769 suerunt
1539 1734 1576 1769 in

896 1785 1029 1821 Codice
1059 1786 1172 1832 Regio
1197 1786 1260 1830 A,
1291 1786 1387 1821 unde
1411 1789 1464 1832 Py
1464 1800 1578 1821 ramus

891 1842 999 1874 erexit
1009 1845 1072 1874 etc.
1086 1838 1258 1883 praecedat
1268 1839 1333 1873 Ad
1340 1852 1456 1873 nomen
1474 1840 1578 1886 Thys-

892 1893 951 1925 bes
965 1898 1029 1926 etc.
1051 1892 1118 1925 Ed.

941 1944 1012 1987 148.
1023 1944 1186 1977 Eburneoe
1198 1941 1330 1988 vagiuae
1348 1955 1478 1989 magno
1492 1943 1576 1978 olim

893 1996 932 2031 in
962 1996 1110 2030 honore.
1145 1996 1294 2031 Homer.
1326 1995 1396 2031 Od.
1422 2003 1448 2033 Θ
1459 2024 1469 2041 ,
1503 1999 1580 2041 404.

895 2048 1019 2094 Virgil.
1039 2047 1181 2082 AEneid.
1201 2047 1272 2090 IX,
1292 2048 1367 2083 305.
1385 2067 1431 2075 --
1447 2051 1488 2084 Iu
1503 2053 1579 2084 vul-

894 2113 994 2139 nera,
1018 2099 1147 2134 scilicet
1172 2098 1375 2146 infligenda.
1410 2099 1510 2146 Saepe
1533 2101 1581 2135 si«.-

895 2155 929 2187 in
948 2151 991 2186 ad
1013 2152 1269 2198 designandum
1287 2152 1517 2198 propositum.

944 2207 1016 2240 151.
1034 2207 1223 2250 Prosequor
1235 2218 1252 2239 e
1265 2204 1353 2239 sixti
1365 2205 1483 2240 codice
1496 2218 1581 2251 prae—

895 2258 959 2293 tuli
974 2265 1017 2306 τῷ
1027 2271 1212 2303 persequar
1222 2285 1230 2298 ‚
1251 2271 1363 2303 quum
1377 2258 1460 2292 illud
1474 2259 1582 2293 etiam

896 2311 1020 2346 Burm.
1036 2311 1198 2357 placeret.
1219 2310 1301 2355 Qui*
1316 2311 1414 2345 enim
1431 2311 1582 2346 alterum

896 2366 1107 2408 comitatur,
1130 2364 1157 2400 is
1182 2377 1266 2399 eum
1285 2368 1448 2409 prosequi
1467 2364 1583 2409 potius

898 2417 1026 2452 dicitur
1051 2429 1157 2462 quam
1178 2420 1343 2461 persequi.
1371 2415 1490 2450 Etiam
1518 2418 1584 2451 550

897 2484 980 2506 cum
990 2470 1109 2504 multis
1117 2469 1164 2504 sic
1174 2467 1433 2514 corrigendum.
1448 2486 1493 2493 —-
1505 2470 1584 2510 Qui-

898 2537 959 2569 que
974 2525 1095 2557 revelli.
1116 2523 1196 2556 Hoc
1215 2534 1363 2556 acumen
1385 2520 1551 2556 abhorret
1566 2533 1586 2556 a

900 2584 1026 2612 natura
1044 2575 1270 2620 desperantis.

949 2630 1020 2663 155.
1034 2629 1130 2662 Meus
1142 2630 1306 2672 illiusque.
1322 2625 1443 2661 Codex
1455 2626 1587 2673 Regius

901 2681 934 2715 A
948 2706 957 2723 ,
979 2681 1152 2724 miserique
1167 2682 1235 2713 mei
1246 2681 1402 2724 illiusque
1413 2691 1425 2722 ,·
1442 2686 1583 2714 utrum-

902 2746 970 2779 que
986 2731 1092 2778 recipi
1108 2738 1232 2778 potest.
1248 2733 1367 2766 Ed.—÷
1382 2732 1490 2773 Serus.
1507 2731 1586 2766 Ha·-

903 2785 991 2820 bent
1008 2782 1158 2820 Codices
1171 2783 1271 2829 Regii
1286 2783 1396 2818 nostri
1410 2788 1527 2818 certus.
1543 2799 1586 2807 --
