1832 3100
370 228 1063 276 METAMORPHOSEON
1101 233 1230 276 LIB.
1272 235 1310 276 Ι.

1494 234 1553 276 -55

126 327 271 377 Natus
293 325 430 374 homo
455 337 543 383 est;
570 324 659 373 sive
682 324 802 374 hunc
827 324 977 373 divino
1002 324 1165 374 semine
1188 326 1291 374 fecit

90 425 98 431 ·
129 403 210 453 Ille
235 403 382 470 opifex
402 422 549 453 rerum
568 439 580 461 ‚
604 402 760 451 mundi
783 402 978 452 melioris
1001 402 1128 466 origo
1147 424 1157 452 :

133 481 232 530 Sive
254 487 404 530 recens
427 479 584 540 tellus,
611 480 880 548 seductaque
899 501 1043 548 nuper
1065 481 1119 530 ab
1144 481 1235 530 alto
1515 500 1560 534 80

132 557 340 616 AEthere‚
366 558 543 621 cognati
565 558 784 608 retinebat
808 559 972 609 semina
997 559 1101 609 caeli.

134 636 282 700 Quam
306 647 426 684 satus
450 638 626 703 Iapeto,
650 636 831 686 mixtam
854 637 1104 687 fluvialibus
1126 639 1261 688 undis
1276 678 1287 698 ‚

131 714 281 763 Finxit
303 713 351 763 in
372 714 561 778 effigiem
583 714 893 764 moderantum
915 718 1075 771 cuncta
1094 717 1293 766 Deorum
1317 737 1344 785 3⁸

131 791 367 860 Pronaque
392 812 530 860 quum
554 805 756 860 spectent
778 793 981 843 animalia
1005 805 1145 843 cetera
1172 805 1330 852 terram
1349 833 1361 852 ‚

129 939 195 969 lus.
217 934 324 982 Apud
347 935 509 971 Juvenal.
526 937 597 971 XV
610 963 620 980 ,
643 949 812 972 vocamur

128 988 312 1022 divinorum
321 1000 484 1034 capaces,·
503 989 563 1035 qui
573 988 638 1024 loc.
649 1002 730 1024 cum
745 989 812 1024 hoc

129 1048 251 1077 nostro
279 1042 515 1078 conserendus
546 1050 609 1078 est.
639 1061 685 1070 ·—-
707 1043 811 1078 Alta».

130 1094 254 1131 Heius.
271 1101 405 1131 temere
422 1096 543 1131 mallet
556 1098 664 1131 almae.

173 1147 225 1194 78.
235 1149 349 1182 Natus
358 1150 456 1183 homo
463 1153 524 1183 est.
535 1148 647 1183 Valde
660 1147 811 1183 fluctua-

128 1205 214 1234 runt
224 1199 421 1246 philosophi
434 1207 571 1235 veteres
586 1201 622 1235 in
640 1200 811 1235 definien-

130 1252 174 1287 da
189 1259 225 1288 et
241 1253 376 1300 origine
388 1261 423 1289 et
431 1262 557 1292 natura
569 1254 694 1290 animae
708 1268 716 1289 :
731 1254 810 1289 vide

132 1303 403 1342 Ciceron.Tusc.
415 1306 445 1351 I,
455 1320 486 1355 9,
502 1319 553 1341 ιο.
564 1307 692 1342 Noster
700 1307 811 1352 sequi-

130 1363 190 1391 tur
209 1369 271 1393 eos
282 1383 292 1402 ,
322 1357 382 1404 qui
404 1358 538 1394 caeleste
560 1358 752 1404 quidquam
776 1366 811 1394 et

128 1408 290 1444 divinum
301 1409 340 1445 in
354 1410 479 1446 animis
493 1411 605 1446 inesse
618 1412 809 1457 putabant:

132 1459 207 1496 Cic.
224 1462 302 1498 Fin.
325 1462 384 1506 II,
406 1463 459 1507 34.
485 1463 594 1498 Unde
611 1476 695 1497 vero
717 1462 808 1498 divi-

129 1526 218 1549 num
234 1514 319 1550 illud
335 1515 504 1551 traxerint
515 1543 524 1560 ‚
544 1515 690 1551 dubium
708 1516 810 1551 relin-

129 1567 214 1613 quit.
234 1569 361 1603 Dias'no
375 1572 519 1611 semine,
537 1570 634 1605 deest
650 1583 704 1604 ex.

171 1630 222 1666 79.
244 1621 358 1665 Origo.
377 1621 486 1656 Palat.
504 1629 540 1656 et
558 1622 635 1665 alii,
662 1624 811 1657 melioris

127 1675 255 1718 imago,
275 1686 347 1720 quo
360 1674 453 1710 Dan.
469 1675 594 1710 Heins-
611 1675 734 1722 respici
749 1688 811 1722 pu-

127 1731 180 1761 tat
193 1725 237 1761 ad
253 1725 370 1762 ideam
382 1754 392 1772 ,
406 1741 483 1774 quae
494 1729 530 1764 in
545 1729 624 1765 Deo
639 1729 759 1771 suerit,
775 1735 810 1764 et

129 1777 172 1813 ad
188 1791 295 1825 quam
309 1780 466 1816 mundus
481 1781 537 1817 ille
556 1781 681 1817 melior
694 1781 810 1827 dispo-

127 1830 214 1866 situs
229 1831 283 1874 sit.
299 1831 371 1868 Sed
389 1832 484 1868 unde
502 1834 578 1868 talis
593 1833 810 1880 philosophia

125 1882 164 1917 in
173 1882 241 1919 hoc
251 1885 406 1920 carmine
418 1885 435 1920 ἐ’
446 1885 547 1932 Saepe
556 1889 649 1931 ongo
655 1893 691 1921 et
699 1890 811 1930 imago

127 1943 327 1982 permutata
336 1945 431 1983 sunt,
444 1946 485 1974 ut
493 1939 524 1984 1,
536 1940 627 1975 Fast.
634 1940 811 1975 fis—On·-

125 2001 170 2032 go
179 2016 187 2030 ‚
205 1997 338 2035 auctor,
349 1998 487 2026 creator
500 2006 508 2033 ;
521 1991 590 2026 vid.
603 1991 624 2025 1.
633 1991 680 2035 V,
691 2005 722 2026 v.
735 1992 809 2026 262.

129 2038 242 2074 Tacit.
250 2041 346 2075 Mor.
355 2041 400 2076 G.
411 2041 448 2077 ΙΙ
459 2054 467 2077 :
479 2043 658 2077 Celebrant
676 2043 812 2076 Tuisco·

128 2102 202 2124 nem
212 2095 248 2125 et
256 2093 420 2127 Mannum
434 2096 594 2137 originem
606 2096 717 2137 gentis
730 2106 811 2127 con·-

129 2143 325 2188 diloresque.
342 2143 460 2179 Etiam
475 2151 595 2179 nostra
612 2145 730 2191 lingua
743 2144 811 2180 hoc

127 2194 198 2229 sert
209 2220 219 2238 ,
232 2196 297 2229 den
310 2195 488 2242 Urspnmg.
497 2215 542 2223 —
550 2198 703 2232 Melam
713 2224 721 2238 ,
740 2197 811 2232 dis-

129 2246 231 2291 positi
241 2254 276 2282 et
285 2249 454 2284 exornati.
465 2249 634 2284 Refertur
644 2249 686 2286 ad
697 2252 811 2285 mdem

126 2300 391 2346 indigestamque
403 2303 530 2336 molem.

173 2353 227 2387 81.
247 2353 410 2398 Cognati,
427 2366 500 2389 non
521 2361 641 2399 terrae,
659 2354 719 2390 sed
736 2355 812 2390 ani-

128 2415 208 2438 mae.
219 2404 316 2440 Male
329 2405 436 2452 igitur
443 2407 593 2442 Lenzius
605 2407 718 2442 addit:
730 2420 811 2453 qua-

129 2463 234 2491 tenus
249 2457 374 2493 colum
388 2465 424 2494 et
439 2466 534 2494 terra
545 2460 629 2494 olim
644 2461 812 2505 conjunc-

128 2514 164 2542 ta
179 2509 337 2544 suerunt.
355 2508 615 2556 Cognationem
635 2520 670 2547 et
687 2512 811 2547 domi-

129 2560 248 2596 cilium
262 2561 449 2607 pristinum
466 2564 592 2600 animoe
606 2571 735 2601 nostrae
749 2578 811 2601 cae-

128 2611 205 2647 lum
227 2620 329 2649 vocat
351 2614 456 2649 etiam
482 2614 555 2652 Cic.
583 2617 689 2663 Legg.
712 2617 729 2652 1
742 2644 751 2662 ,
779 2631 810 2666 9.

131 2664 205 2700 Sed
236 2666 399 2701 omnium
425 2668 556 2714 optime
588 2669 811 2715 Hipparchus

131 2718 394 2764 approbaverat,
407 2720 560 2755 animam
570 2728 728 2756 nostram
738 2735 810 2757 esse

132 2777 269 2816 partem
278 2771 361 2808 caeli.
373 2772 464 2808 Plin.
480 2773 528 2809 H.
539 2774 582 2811 N·
596 2774 631 2810 II
641 2800 651 2819 ,
667 2775 726 2819 263
742 2775 811 2810 Lu-

875 943 959 973 cret.
977 937 1013 972 II
1029 963 1038 981 ,
1061 949 1147 985 990:
1167 938 1430 973 Calesttsumus
1444 952 1558 974 omnes

875 993 999 1025 semine
1015 992 1156 1024 oriundi.

921 1045 972 1079 82.
1003 1045 1112 1087 Quam
1129 1048 1230 1078 salus
1247 1045 1375 1089 Iapeto.
1399 1045 1557 1080 Prome-

877 1095 978 1130 theus
991 1122 1001 1139 ,
1021 1095 1131 1141 Iapeti
1148 1095 1239 1131 lilius
1250 1122 1260 1140 ,
1277 1095 1470 1132 habebatur
1497 1111 1559 1143 ge-

877 1148 972 1183 neris
1003 1147 1151 1182 humani
1182 1155 1303 1184 auctor
1332 1148 1424 1184 haud
1452 1149 1557 1187 dubie

878 1208 1062 1247 propterca
1075 1228 1085 1246 ,
1114 1202 1207 1247 quod
1229 1215 1345 1238 mores
1369 1203 1558 1239 hominum

879 1254 1067 1299 agrestium
1085 1254 1290 1289 molliverat.
1310 1255 1379 1289 Alii
1392 1255 1492 1290 aliter
1506 1270 1559 1291 su—

878 1319 942 1352 per
958 1319 1001 1341 eo
1023 1305 1314 1352 philosophantur
1331 1333 1340 1351 ,
1367 1306 1411 1342 de
1434 1308 1558 1353 quibus

877 1359 1076 1405 exponendi
1092 1372 1188 1395 nunc
1203 1373 1278 1395 non
1293 1367 1344 1395 est
1359 1360 1463 1397 locus.
1484 1361 1559 1396 Im-

875 1419 1025 1458 portune
1039 1419 1157 1446 autem
1167 1439 1176 1455 ,
1189 1425 1269 1447 meo
1280 1412 1424 1458 quidem
1433 1426 1535 1449 sensu
1547 1441 1556 1457 ,

874 1465 988 1509 opfici
1013 1477 1118 1498 retum
1144 1471 1291 1509 repente
1322 1465 1557 1501 Prometheus

874 1517 986 1551 socius
1011 1516 1162 1552 additur.
1193 1537 1237 1543 —
1259 1519 1407 1553 Mixtam
1430 1521 1550 1560 undis,

874 1582 959 1615 ergo
970 1583 1011 1604 ex
1022 1570 1097 1604 luto
1110 1571 1238 1605 creavit
1250 1570 1434 1606 hominem
1446 1585 1454 1613 ς
1467 1572 1555 1607 Hor.

876 1622 912 1666 I,
930 1621 1001 1657 Od.
1013 1634 1076 1657 XVI
1089 1649 1098 1666 ,
1119 1623 1176 1664 13;
1190 1623 1363 1667 Juvenal,
1381 1624 1489 1666 XIV,
1503 1624 1556 1659 35.

877 1675 973 1710 Hinc
982 1674 1091 1709 homo
1102 1682 1244 1710 vocatur
1256 1678 1345 1716 πηλὸς
1359 1679 1557 1725 όῐῐρομηθῆσς

875 1740 893 1761 a
914 1726 1051 1763 Gallim.
1073 1728 1196 1774 fragm.
1217 1728 1332 1763 Bentl.
1361 1729 1412 1774 87.
1446 1728 1552 1774 Apud

876 1780 1021 1816 Hesiod.
1036 1776 1110 1830 ἑργ.
1131 1781 1196 1825 60,
1215 1781 1272 1815 uhi
1294 1781 1383 1815 mira
1403 1781 1557 1827 hominis

875 1831 1082 1876 compositio
1098 1838 1263 1866 narratur
1275 1858 1284 1875 ,
1306 1832 1484 1866 Vulcanus
1502 1833 1557 1877 ju-

874 1882 979 1916 betur
993 1891 1084 1927 γαῖαν
1100 1887 1166 1918 ὕδει
1183 1886 1288 1930 φέρειν.
1310 1883 1422 1918 Aliter
1437 1897 1556 1918 rursus

875 1934 932 1970 hic
947 1935 1090 1982 mythus
1107 1936 1148 1970 ab
1167 1936 1292 1972 Horat.
1311 1937 1351 1980 I,
1371 1936 1441 1972 Od.
1466 1948 1530 1971 xv1
1545 1964 1554 1981 ‚

879 1987 918 2021 13
930 2001 947 2031 ,'
959 1994 1143 2031 narratum
1165 1988 1264 2023 aliter
1280 1989 1387 2024 etiam
1407 1989 1449 2024 ab
1468 1991 1555 2038 Hy-

877 2038 944 2084 gin.
963 2039 1045 2074 Fab.
1067 2041 1139 2084 142.

919 2092 971 2127 83.
988 2094 1029 2127 In
1043 2093 1194 2139 cffigtkm,
1217 2093 1399 2142 Phocylid.
1415 2108 1446 2130 v.
1470 2108 1527 2129 τοι
1545 2122 1554 2139 ,

876 2144 993 2179 anima
1010 2153 1154 2180 vocatur
1176 2153 1250 2182 θεοῦ
1272 2149 1368 2182 εἰκών.
1398 2147 1555 2195 Eurysus

876 2197 1022 2245 Pythag.
1036 2198 1072 2232 in
1085 2198 1173 2233 libro
1190 2198 1233 2233 de
1245 2199 1402 2234 Fortuna
1414 2226 1423 2243 ,
1434 2207 1554 2235 censet

875 2249 995 2284 Deum
1018 2263 1149 2285 creasse
1175 2251 1358 2285 hominem
1392 2252 1553 2301 ἀρχετύπῳ

876 2306 1030 2352 χρώμενον
1047 2303 1152 2352 ἕαυτῷ.
1170 2304 1270 2339 Plato
1284 2305 1371 2350 Rep.
1389 2304 1461 2348 Vl,
1479 2318 1553 2351 pag.

876 2356 936 2400 431
945 2383 954 2399 ,
966 2356 1002 2390 in
1014 2356 1158 2391 homine
1171 2357 1218 2391 ait
1228 2370 1300 2391 esse.
1314 2357 1442 2402 aliquid
1454 2364 1556 2392 Sem-

878 2413 926 2448 δές
952 2415 1005 2445 καὶ
1025 2414 1199 2445 θεοείκελον.
1223 2409 1337 2444 Fluxit
1363 2416 1398 2443 et
1422 2409 1489 2444 hoc
1512 2411 1554 2444 ab

877 2461 1066 2508 AEgyptiis3
1079 2461 1235 2496 Lactant.
1250 2462 1333 2496 Inst.
1345 2462 1431 2505 Vll,
1448 2473 1499 2506 lv,
1516 2463 1535 2496 3
1551 2474 1559 2497 :

876 2515 929 2549 At
943 2515 1082 2548 Hermes
1097 2527 1161 2548 non
1182 2517 1369 2558 ignotam,
1393 2517 1556 2550 bominem

876 2572 910 2601 el
933 2580 956 2600 a
972 2568 1046 2600 Deo
1062 2594 1071 2608 ,
1102 2571 1138 2600 el
1155 2569 1205 2600 ad
1215 2568 1287 2601 Dei
1306 2569 1557 2602 simddudinem

863 2622 995 2666 fictum.
1009 2620 1137 2654 Noster
1147 2620 1289 2665 effigiem
1300 2621 1446 2655 Deorum
1457 2621 1558 2668 ponit

878 2671 913 2705 in
929 2683 1075 2717 corpore
1092 2671 1257 2706 humano.

921 2724 972 2767 84.
990 2727 1122 2765 Prona,
1153 2723 1195 2758 ad
1218 2731 1349 2759 terram
1370 2724 1531 2771 depressa
1546 2751 1557 2769 ‚

878 2776 1066 2811 incurvata.
1084 2776 1139 2813 De
1152 2777 1264 2812 forma
1280 2776 1432 2812 hominis
1443 2784 1557 2813 erecta
