1832 3100
365 246 1059 296 METAMORPHOSEON
1090 251 1218 295 LIB.
1251 252 1340 296 IV.

1485 253 1571 296 355

157 342 398 411 Supposita
420 341 589 409 cepisse
610 358 767 398 manu;
792 356 958 406 perque
983 341 1134 390 abdita
1155 342 1314 406 longe,

158 425 380 492 Deviaque
393 461 406 482 ‚
430 435 475 473 et
496 421 618 471 silvis
639 421 865 471 horrentia
885 440 988 471 saxa
1005 422 1195 487 fragosis

161 507 419 572 Gorgoneas
442 506 640 569 tetigisse
664 505 851 563 domos;
874 506 1130 574 passimque
1152 525 1233 574 per
1254 525 1384 571 agros
1403 546 1415 570 ,

156 590 327 656 Pcrque
350 589 442 650 vias
463 588 626 638 vidisse
649 588 882 637 hominum
904 588 1162 648 simulacra,
1185 589 1463 658 ferarumque

155 673 209 720 In
232 670 398 720 silicem
421 690 474 720 ex
496 671 607 738 ipsis
629 671 721 720 visa
740 690 951 720 conversa
968 671 1187 721 Medusa:

1515 690 1579 734 780

157 754 215 803 Se
238 765 383 802 tamen
405 753 662 811 horrendae,
689 752 830 820 clypei
854 753 977 819 quod
999 752 1103 802 laeva
1125 754 1305 817 gerebat

157 825 262 885 AEre
282 852 562 902 repercusso,
588 835 775 883 formam
797 834 1049 901 adspexisse
1076 835 1310 884 Medusae:

155 919 366 985 Dumque
390 917 537 981 gravis
555 936 739 965 somnus
763 916 1056 983 colubrasque
1081 917 1312 985 ipsamque
1337 918 1541 979 tenebat⁷

155 1000 386 1068 Eripuisse
410 1012 544 1068 caput
566 999 709 1058 collo;
733 999 981 1066 pennisque
1004 998 1206 1062 fugacem

156 1083 359 1148 Pegason
374 1121 386 1142 ‚
412 1095 457 1132 et
478 1083 683 1141 fratrem,
709 1082 861 1131 matris
886 1082 939 1130 de
964 1077 1179 1145 sanguine
1201 1094 1346 1132 natos.

1523 1099 1587 1145 785

157 1165 347 1215 Addidit
369 1177 414 1215 et
435 1164 561 1229 longi
583 1184 674 1213 non
697 1164 807 1214 falsa
828 1163 1025 1232 pericula
1049 1183 1204 1214 cursus
1222 1184 1232 1212 z

158 1305 450 1344 sibime—Dum
460 1305 613 1344 traditur,
627 1305 656 1339 ἓν
669 1305 836 1350 παραθέσει

159 1358 592 1402 ΕηῑοείΙι.-3ιφμοει7α,
608 1357 720 1403 posita
733 1357 770 1392 in
783 1357 839 1393 lo-

158 1423 240 1447 cum
247 1423 375 1447 manus
382 1409 587 1458 Phorcydis.
597 1410 841 1455 interceptum

159 1475 282 1498 earum
295 1462 438 1498 oculum
446 1461 607 1508 promisit
625 1475 660 1496 se
680 1474 751 1496 esse
764 1461 842 1496 red-

160 1515 340 1558 diturum,
359 1513 466 1549 sisibi
480 1512 573 1549 viam
596 1513 640 1549 ad
659 1512 841 1561 Nymphas

159 1566 474 1610 demonstrarent,
502 1579 522 1600 a
548 1566 673 1611 quibus
693 1565 840 1609 talaria,

161 1619 295 1666 galeam
310 1625 345 1654 et
360 1631 519 1666 parmam
535 1618 579 1653 ad
596 1617 840 1665 debellandam

159 1671 347 1708 Medusam
356 1670 535 1718 acciperet.
545 1669 586 1707 ld
591 1668 686 1715 quod
694 1670 839 1712 sactum;

159 1723 404 1771 Apollodorus.
415 1723 530 1764 Aliter
544 1722 794 1759 Eratosthenes
806 1729 842 1758 et

161 1777 296 1826 Hygia.
308 1776 405 1812 Tum
414 1774 568 1822 Palaeph.
582 1782 706 1811 monet
718 1802 727 1820 ,
745 1775 841 1822 hunc

159 1829 300 1865 oculum
307 1828 411 1864 fuisse
418 1828 603 1863 hominem
612 1827 839 1874 prudentem,

158 1881 395 1917 consiliarium
410 1879 621 1928 Gorgonum
633 1906 644 1924 ,
661 1892 769 1925 quem
785 1893 839 1914 ce—

160 1933 251 1980 perit
267 1959 278 1978 ,
309 1940 345 1968 et
370 1933 435 1968 viae
458 1932 523 1971 sibi
548 1931 677 1967 ducem
697 1931 842 1977 elegerit

160 1985 320 2020 Perseus.
357 1985 530 2027 Gorgones
552 1989 623 2017 tres
644 2008 654 2027 ,
680 1981 839 2026 Stheno,

164 2037 318 2085 Euryale
332 2062 342 2081 ,
359 2035 520 2071 Medusa.
538 2035 594 2070 Ab
610 2034 768 2070 Hesiodo
785 2047 843 2069 vo-

160 2096 287 2125 cantur
302 2091 451 2132 ἄκλητοι,
474 2087 664 2125 inaccessae.
681 2088 723 2123 Id
741 2087 841 2133 quale

161 2143 223 2185 sit,
242 2155 283 2177 ex
298 2142 332 2178 h.
349 2141 370 2176 1.
388 2141 497 2182 intell!
514 2148 550 2180 et
564 2141 685 2187 procul
699 2140 843 2176 habita-

161 2195 248 2231 bant
257 2193 453 2235 secundum
462 2191 614 2240 AEschyl.
626 2207 645 2231 a
654 2193 844 2242 Phorcydi-

161 2247 289 2283 bus.-
295 2248 388 2287 Saxa
398 2245 477 2291 alibi
485 2246 693 2298 ..simpliciter
700 2248 843 2282 horren-

162 2303 232 2341 tia,
254 2311 332 2346 quae
348 2306 464 2337 erecta
487 2299 667 2343 eminent,
687 2298 748 2334 sed
771 2298 804 2335 h.
821 2299 843 2338 l.

162 2353 329 2387 horrentia
349 2353 446 2395 ,ηἸριίι·
457 2377 466 2392 ,
491 2350 583 2391 silvis
607 2350 844 2394 eminentibus

163 2402 283 2439 obtita.
310 2401 432 2443 Nostri
455 2401 558 2448 Regii
581 2401 712 2439 habent
737 2415 844 2438 aren-

163 2458 280 2491 tia.—
294 2457 442 2501 Tangere
453 2457 569 2494 domos
578 2482 588 2498 ,
602 2462 786 2505 penetrare
800 2455 844 2492 ad

165 2521 233 2543 eas.
250 2508 313 2544 Illa
337 2509 409 2555 ipsa
424 2522 531 2551 saxa,
557 2522 709 2554 quorum
725 2509 844 2546 multis

166 2561 264 2597 mirae
280 2561 396 2601 forsan
412 2561 534 2602 somnae
544 2588 555 2607 ,
573 2570 710 2610 partem
720 2564 845 2599 sahulae

168 2615 341 2661 peperisse
358 2614 532 2653 videntur.
546 2634 592 2644 —-
608 2618 793 2661 &uuluam
808 2623 845 2652 et

167 2665 203 2701 h.
220 2667 241 2702 l.
256 2667 424 2703 inservire
435 2667 742 2715 periphrasiputat
750 2670 846 2704 Dra-

167 2718 273 2754 kenb.
289 2719 332 2754 ad
346 2719 485 2763 Silium,
499 2719 582 2763 XV,
599 2721 662 2762 86;
680 2722 740 2756 sed
750 2734 844 2756 nunc

170 2771 220 2809 vis
235 2773 311 2818 eius
325 2773 474 2819 vulgam's
490 2773 683 2809 retinenda.

959 1304 1032 1347 781.
1066 1304 1185 1349 Clypei
1210 1316 1273 1337 oere
1286 1329 1295 1346 ,
1328 1303 1450 1350 clypeo
1478 1316 1588 1339 aeneo.

905 1352 1059 1401 Clypeos
1086 1361 1205 1390 autem
1233 1354 1380 1390 Veteres
1413 1355 1590 1391 habebant

904 1405 992 1441 adeo
1008 1405 1134 1452 politos
1148 1432 1158 1450 ,
1179 1406 1266 1446 utiis
1277 1419 1341 1456 pro
1356 1407 1502 1452 speculis
1518 1415 1591 1443 ute-

904 1466 1039 1495 rentur.
1059 1460 1155 1495 Hinc
1172 1473 1277 1506 supra
1291 1473 1394 1495 versu
1411 1461 1476 1508 349
1489 1487 1498 1505 ‚
1526 1474 1590 1506 pro

907 1516 1066 1558 speculi,
1084 1525 1179 1548 unus
1192 1512 1314 1547 Codex
1329 1525 1405 1548 non
1415 1513 1508 1548 male
1517 1516 1592 1560 cly-

900 1569 970 1610 pei.
1004 1566 1174 1601 Heinsius
1201 1566 1319 1601 mallet
1337 1593 1346 1610 ‚
1374 1569 1488 1614 clypei
1506 1570 1591 1602 orbe.

905 1618 1013 1653 Male.
1026 1618 1188 1664 Apollod.
1199 1621 1315 1660 βλέπων
1328 1623 1370 1658 εἷς
1387 1620 1505 1655 &enisu
1517 1627 1591 1664 χαλ-

904 1680 970 1707 κῆν.
989 1687 1032 1702 -÷
1049 1674 1278 1717 Repercussus
1302 1673 1411 1708 active
1426 1699 1436 1718 ,
1463 1687 1590 1720 reper-

904 1723 1050 1758 cutiens.
1069 1723 1163 1759 Vide
1175 1724 1219 1759 ad
1235 1725 1292 1769 X·‚
1316 1727 1386 1769 184.
1403 1725 1508 1771 Opus
1520 1739 1589 1760 au-

907 1783 981 1812 tem
996 1782 1071 1810 erat
1082 1775 1147 1811 hac
1157 1775 1468 1822 circumspectione
1479 1792 1487 1818 ς
1507 1791 1593 1813 nam

911 1824 1124 1874 quicumque
1140 1828 1330 1866 Medusam
1347 1828 1592 1874 adspexerunt‚

908 1887 1021 1918 λαΐνεοι
1037 1884 1197 1921 τεᾶνειέττς
1215 1884 1396 1921 ἔστήκασιυε
1416 1881 1592 1927 Orpheus.

908 1934 1025 1980 Apud·
1039 1933 1229 1978 eumdem,
1256 1935 1412 1971 Perseus.
1422 1947 1502 1979 eam
1515 1949 1588 1972 non

908 1986 1170 2030 dormientem,
1186 1961 1248 2021 se¹d
1262 1986 1468 2033 vigilantem
1484 2001 1591 2024 aver-

906 2051 982 2075 sam
1007 2038 1151 2074 invadit.

953 2092 1027 2137 784.
1043 2092 1219 2136 Ert‘pmltse
1227 2094 1331 2132 collo,
1355 2098 1395 2127 ut
1408 2091 1525 2127 Valer.
1538 2093 1567 2127 F
1568 2093 1588 2129 l

908 2142 1092 2191 V1,619‚
1111 2144 1224 2188 Caput
1233 2144 1463 2188 en'pilAuchi.
1470 2145 1588 2180 Hein-

906 2195 976 2231 sius
991 2195 1210 2241 conjecturat
1225 2199 1415 2231 exsecuisse
1429 2196 1483 2239 vel
1494 2210 1590 2241 pra·—

906 2252 1055 2284 sccutlrse
1068 2261 1081 2293 ‚·
1105 2249 1167 2285 sed
1188 2249 1418 2286 Burmannus
1433 2249 1591 2284 defendit

907 2301 1083 2347 vulgatam
1098 2328 1108 2346 ,
1142 2314 1248 2347 quam
1282 2301 1413 2343 habent
1441 2300 1589 2336 Codices

907 2355 1019 2389 nostri
1037 2355 1149 2400 Regii.
1161 2374 1206 2381 -
1220 2354 1347 2400 Quum
1375 2361 1480 2400 caput
1496 2355 1587 2390 Me-

908 2408 1003 2445 dusae
1014 2423 1097 2445 ense
1107 2410 1231 2445 falcato
1248 2403 1458 2455 amputasset
1469 2435 1478 2451 ,
1497 2408 1587 2444 illico

907 2461 1064 2507 prosiluit
1076 2465 1199 2507 pennis
1210 2461 1344 2506 fugax,
1367 2461 1474 2496 alatus
1488 2487 1497 2503 ,
1520 2461 1588 2495 Pt-

905 2527 1027 2559 ὅπως,
1046 2522 1083 2549 et
1091 2514 1206 2558 stater
1222 2513 1400 2560 Chrysaor
1410 2539 1420 2556 ,
1442 2512 1588 2561 Geryo·-

910 2567 963 2601 nis
986 2573 1093 2612 pater.
1118 2564 1273 2611 Apollod.
1290 2565 1399 2602 nimia
1418 2565 1586 2607 brevitate

909 2619 1075 2654 obscurus
1091 2624 1153 2652 est.
1165 2619 1350 2658 —Cursus,
1362 2618 1430 2653 iter
1441 2618 1478 2653 in
1491 2631 1585 2661 aere,

911 2669 1078 2704 vocabulo
1111 2682 1131 2704 a
1153 2669 1377 2715 navigatione
1404 2678 1531 2706 sumto.
1546 2687 1606 2697 -r

914 2722 1040 2757 Verbis
1064 2735 1130 2756 non
1141 2721 1244 2766 salsa
1264 2723 1375 2769 tangit
1397 2724 1588 2758 vanitatem

913 2775 1212 2820 peregrinantium
1226 2801 1235 2820 ,
1261 2775 1319 2823 qui
1343 2776 1458 2815 solent
1488 2776 1598 2810 multa
