1832 3100
287 246 347 302 44

660 249 712 292 Ρ.
759 249 993 295 OVIDII
1038 247 1342 295 *NASONIS

285 340 522 407 Adspirate
547 341 676 400 meis,
700 343 927 409 primaque
950 344 1005 391 ab
1030 343 1200 406 origine
1225 342 1379 392 mundi

289 418 362 466 Ad
383 437 478 466 mea
501 430 766 484 perpetuum
791 419 1001 468 deducite
1018 432 1218 486 tempora
1242 438 1427 468 carmen.

356 496 391 542 I.
413 496 564 553 ANTE,
589 514 707 544 mare
731 508 776 544 et
798 495 930 545 tellus
955 509 998 544 et
1020 497 1142 563 quod
1166 498 1279 560 tegit
1300 496 1449 545 omnia
1472 493 1650 555 caelum,
1686 510 1707 544 5

288 621 478 667 doquidem
490 637 550 659 vos
564 637 637 658 non
651 624 757 658 modo
771 631 895 659 caetera
909 638 969 659 re-

290 674 366 719 gitis
380 700 391 722 2
407 688 531 710 verum
547 679 647 710 eliam
663 676 793 710 soi-mas
807 676 878 711 illas
894 689 968 710 mu-

288 728 384 763 tastis
396 755 405 772 ,
426 742 510 774 quas
526 742 590 776 ego
607 730 674 764 hoc
687 730 842 764 carmine
856 742 969 775 perse-

291 792 388 824 quar.
403 780 471 815 Cui
480 781 545 816 hoc
555 781 711 827 displicet
722 809 731 826 ‚
742 782 770 816 is
782 795 800 816 e
812 782 969 817 lectionis

288 832 454 868 varietate
467 834 627 879 praeserat
633 837 774 868 easdem.
785 834 867 868 Non
877 833 968 868 bene

290 886 464 931 Koeppen.
476 898 552 919 nam
559 891 594 919 el
600 886 779 930 conjunxit
793 892 895 930 atque
907 898 971 931 per

287 941 407 973 elem'm
423 937 593 983 explicuit.
606 956 649 964 —-
669 940 745 979 Vos,
764 938 872 973 Palat.
886 939 970 972 Bar-

291 1002 372 1035 neg.
390 1002 482 1023 unus
498 990 603 1024 Ham.
623 1003 642 1024 a
657 1002 704 1024 m.
719 1003 770 1035 pr.
786 997 822 1024 et
834 989 970 1025 schedae

291 1041 418 1082 Leod.‚
436 1043 511 1083 Dt‘‚·
531 1054 607 1086 quae
621 1042 782 1087 'repetitio
799 1043 970 1077 concinna

291 1093 440 1128 Heinsio
448 1093 632 1128 videbatur
641 1101 676 1128 et
684 1107 847 1128 nervosa:
860 1094 971 1128 immo

291 1145 410 1190 inepta
424 1145 525 1179 soret.
541 1145 662 1179 Potius
675 1149 803 1179 mulare
813 1144 971 1179 consulto

290 1197 671 1242 repetitum.Ditamen
681 1197 971 1232 deditMitscherl.

293 1267 337 1275 -
359 1250 408 1282 Et
421 1251 511 1283 illas.
537 1248 651 1283 Codd.
668 1249 810 1295 quidam
827 1252 971 1284 easdem.

295 1302 462 1338 Francius
478 1315 603 1348 parum
619 1303 764 1337 feliciter
782 1303 874 1348 conj.
893 1316 900 1337 :
918 1301 973 1337 vel

293 1366 370 1387 nam
385 1367 447 1387 vos
458 1357 614 1388 mulaslis
628 1357 664 1388 in
673 1357 737 1389 illa
743 1381 752 1396 ,
771 1354 826 1389 vel
836 1367 977 1399 namque

297 1406 362 1439 bas
375 1409 533 1439 mulasltlr
546 1409 582 1440 in
596 1409 668 1440 illa.

341 1458 372 1492 3.
382 1459 567 1502 Adspirate
575 1461 667 1492 meis.
678 1457 806 1492 Adeste
819 1483 828 1500 ,
842 1458 953 1491 favete
966 1471 975 1498 3

299 1510 506 1555 metaphora
529 1518 666 1556 sumpta
692 1524 710 1545 a
737 1509 978 1556 navigantibus

301 1562 425 1607 quibus
449 1570 555 1598 vento
581 1563 776 1609 adspirante
802 1575 887 1608 opus
918 1569 979 1597 est.

303 1615 391 1651 Haec
403 1616 576 1651 invocatio
592 1630 718 1662 parum
736 1616 900 1651 solemnis
916 1628 980 1660 pro

302 1675 402 1703 tanto
415 1675 450 1703 et
467 1676 538 1703 tam
553 1670 646 1715 gravi
659 1682 775 1715 opere.
785 1668 882 1714 Virg.
898 1668 980 1702 AEn.

280 1719 359 1769 ‚lib.
376 1720 442 1764 IX,
456 1722 538 1755 525:
557 1723 635 1763 Vos,
647 1735 667 1755 o
682 1723 838 1764 Calliope,
848 1733 977 1765 precor,

301 1774 473 1816 adspirate
481 1776 624 1807 canenti.
638 1772 704 1807 Ed.
710 1776 932 1816 —Prae‘maque
940 1775 983 1806 ab

303 1827 428 1868 ortjgine
445 1826 569 1859 mundi.
590 1825 674 1859 Post
694 1825 832 1859 Lucret.
852 1823 984 1869 phrasis

303 1877 377 1911 sere
394 1877 558 1912 solemnis
573 1877 610 1911 in
626 1877 736 1912 haere
750 1890 758 1911 :
770 1876 837 1911 vid.
850 1876 984 1910 Ciosan.

307 1929 405 1964 Bene
420 1937 456 1965 et
468 1930 640 1964 ambitum
652 1929 765 1974 operis
776 1935 810 1963 et
821 1935 984 1963 naturam

307 1983 486 2027 propriam
502 1983 539 2016 in
556 1982 677 2016 limine
693 1980 832 2016 indicat.

353 2035 386 2077 4.
396 2036 601 2078 Perpetuam.
614 2033 728 2068 Codd.
740 2033 902 2068 nonnulli
913 2045 989 2068 con-

307 2089 452 2127 tinuum,
472 2086 693 2131 improbante
703 2086 826 2120 Burm.
842 2086 991 2120 Utrum-

313 2152 381 2184 que
396 2138 523 2173 eodem
537 2138 638 2173 redit.
657 2138 774 2172 Etiam
787 2138 879 2173 Plin.
894 2137 968 2172 VII
978 2164 987 2179 ‚

281 2205 286 2210 ·
313 2191 378 2237 Ep.
392 2202 431 2226 lx
441 2217 450 2235 ,
464 2205 485 2239 9
495 2217 504 2234 ,
522 2193 710 2225 continuum
719 2202 850 2224 carmen
864 2189 990 2224 eodem

311 2257 426 2278 sensu.
441 2243 499 2278 Ad
515 2250 678 2277 naturam
689 2242 803 2288 operis
817 2241 991 2277 declaran-

314 2295 396 2330 dam
413 2295 589 2330 delectum
600 2301 651 2329 est
662 2294 870 2329 vocabulum
882 2319 891 2337 ,
904 2307 991 2338 per-

309 2353 447 2392 petuum
458 2375 466 2389 ,
488 2360 562 2381 non
573 2347 811 2392 interruptum
824 2372 833 2389 ,
851 2358 923 2380 una
937 2359 995 2380 se-

313 2401 364 2435 rie
376 2412 602 2446 procurrens3
616 2406 655 2434 ut
667 2398 757 2445 apud
770 2398 839 2433 Cic.
850 2398 952 2433 Verr.
961 2398 991 2442 I,

315 2454 336 2494 4
349 2478 358 2496 ,
381 2456 542 2496 perpetua
554 2455 682 2493 oratio,
711 2458 746 2484 et
764 2449 827 2485 Or.
846 2449 881 2484 II
895 2476 904 2493 ,
927 2451 968 2493 54
981 2475 991 2493 ‚

315 2507 477 2538 sermonis
482 2506 696 2547 perpetuitas.
707 2502 801 2547 Ergo
803 2505 995 2546 perpetuum

316 2569 449 2590 carmen
459 2583 468 2597 ‚
499 2557 537 2590 iu
567 2569 637 2602 quo
663 2555 787 2590 fabulae
811 2567 933 2590 omnes
957 2554 995 2588 in

319 2609 423 2643 unius
446 2609 599 2654 corporis
626 2608 776 2654 speciem
800 2608 997 2653 conjunctae

319 2666 402 2694 sunt
414 2672 421 2694 ε
431 2673 449 2693 a
461 2673 528 2705 qua
537 2660 664 2694 virtute
676 2659 816 2694 laudem
825 2659 997 2704 insignem

323 2711 470 2747 Ovidius
493 2712 632 2746 meruit.
662 2710 775 2746 Simili
797 2712 869 2746 sere
890 2710 998 2745 modo

322 2765 447 2800 Horat.
466 2765 502 2809 1,
519 2764 589 2801 Od.
604 2776 659 2801 vn
674 2790 683 2809 ,
701 2765 743 2809 6⁵:
757 2764 912 2800 Athenas
929 2777 998 2798 car-

1032 629 1119 659 mine
1121 630 1279 670 perpetuo
1285 627 1458 665 celebrare,
1472 637 1595 660 omnes
1605 625 1712 661 Athe-

1033 690 1158 711 narum
1172 677 1290 712 laudes
1301 678 1394 722 justo
1406 676 1530 711 ordine
1539 677 1710 723 persequi.

1032 747 1076 755 —-
1085 729 1267 770 Deducile,
1285 729 1367 764 inde
1378 729 1420 764 ab
1433 729 1533 764 initio
1545 741 1654 775 usque
1667 727 1712 763 ad

1034 782 1143 816 finem
1161 781 1248 816 mihi
1265 781 1429 816 scribenti
1445 780 1572 816 adeste.
1594 780 1711 816 Ducta

1034 842 1086 869 est
1104 833 1309 878 metaphora
1332 846 1351 867 a
1372 832 1524 867 lanificio
1538 859 1548 877 ‚
1570 832 1631 868 ubi
1654 831 1714 867 fila

1033 888 1240 920 deducuntur
1252 897 1316 930 per
1330 884 1461 923 radios,
1479 884 1546 928 IV,
1558 880 1612 920 36.ι
1628 885 1715 920 Usi-

1034 945 1147 973 tatum
1161 944 1279 971 autem
1294 943 1368 980 est,
1386 935 1559 972 scribendi
1571 948 1714 982 operam

1034 1003 1116 1026 cum
1132 996 1267 1024 textura
1284 995 1319 1023 et
1330 988 1481 1023 lanificio
1497 1000 1712 1035 comparare.

1036 1042 1117 1076 Vid.
1129 1042 1252 1076 Burm.
1265 1040 1308 1075 ad
1328 1040 1408 1074 Am.
1423 1040 1439 1075 I
1453 1066 1463 1084 ‚
1480 1041 1519 1084 14
1531 1066 1541 1083 ‚
1561 1054 1589 1087 7.
1605 1041 1715 1076 Poeta

1035 1096 1169 1128 deducit
1175 1099 1437 1139 argumentum,
1450 1105 1559 1138 quum
1570 1091 1606 1126 id
1616 1098 1715 1127 trac-

1036 1151 1085 1179 tat
1096 1145 1136 1178 ab
1146 1144 1246 1184 initio
1258 1156 1366 1189 usque
1380 1143 1423 1178 ad
1433 1143 1543 1178 finem
1549 1143 1655 1178 Trist.
1664 1143 1714 1187 Π,

1038 1197 1122 1231 560:
1139 1198 1178 1230 Ia
1190 1201 1248 1231 lua
1262 1198 1390 1230 deduxi
1397 1201 1545 1246 tempora
1556 1223 1564 1237 ‚
1580 1198 1714 1237 θαι-ων,

1036 1264 1127 1296 opus.
1143 1250 1214 1286 Sed
1228 1263 1324 1286 nunc
1335 1250 1493 1286 modeste
1508 1249 1717 1286 translatum

1039 1302 1082 1337 ad
1093 1303 1198 1337 Deos.
1213 1322 1257 1329 --
1265 1302 1330 1338 Ad
1336 1315 1410 1336 mea
1423 1306 1578 1346 tempora.
1593 1301 1719 1346 Usque

1041 1354 1084 1388 ad
1103 1361 1242 1389 aetatem
1255 1381 1263 1395 ,
1291 1353 1333 1388 ad
1351 1353 1560 1388 memoriam
1576 1364 1694 1387 meam
1710 1362 1720 1385 ι

1042 1407 1085 1442 ad
1115 1407 1326 1453 principium
1353 1406 1482 1442 scilicet
1515 1404 1719 1452 imperantis

1043 1459 1201 1505 Augusti.
1211 1461 1277 1494 Ed.
1286 1478 1330 1484 -—
1341 1457 1520 1493 Caeterum
1528 1457 1595 1492 hoc
1604 1463 1720 1492 totum

1043 1512 1226 1546 exordium
1235 1511 1323 1546 adeo
1335 1511 1535 1557 displicebat
1544 1509 1720 1556 Scaligero

1043 1573 1136 1612 poet.
1144 1565 1201 1601 lib.
1210 1565 1277 1609 VI,
1289 1579 1363 1612 pag.
1373 1565 1448 1605 862,
1460 1571 1500 1599 ut
1508 1564 1579 1610 ipse
1587 1575 1722 1598 novum

1043 1618 1266 1654 substitueret
1276 1644 1285 1662 ,
1300 1616 1360 1652 sed
1372 1616 1480 1651 invita
1487 1613 1652 1662 Minerva
1666 1629 1675 1657 3
1687 1621 1724 1649 et

1046 1674 1258 1720 gravissimas
1281 1671 1487 1707 temeritatis
1514 1682 1584 1706 suae
1605 1682 1724 1716 poenas

1047 1725 1143 1760 dedit
1158 1732 1234 1759 tum
1248 1724 1319 1759 aliis
1332 1749 1342 1767 ,
1355 1730 1433 1759 tum
1446 1721 1671 1767 Caposerreo.

1092 1779 1122 1812 5.
1131 1778 1223 1812 Ante
1231 1804 1241 1818 ‚
1257 1788 1347 1810 mare
1357 1780 1392 1809 et
1402 1777 1502 1809 lellus
1517 1780 1581 1808 etc.
1595 1774 1726 1808 Crealio

1048 1830 1178 1870 mundi,
1195 1826 1485 1873 metamorphosis
1492 1824 1652 1860 omnium
1661 1823 1727 1870 pri-

1048 1891 1107 1912 ma
1126 1905 1135 1922 ,
1175 1878 1369 1923 eademque
1396 1876 1605 1923 gravissima.
1635 1875 1728 1910 Am·-

1049 1930 1166 1976 plexus
1176 1938 1294 1964 autem
1305 1937 1356 1964 est
1367 1936 1469 1976 poeta
1481 1955 1490 1974 ,
1503 1940 1636 1974 suoque
1647 1939 1729 1962 mo-

1050 1983 1096 2017 do
1115 1981 1294 2016 exornavit
1306 1981 1539 2024 sententiam,
1558 1991 1636 2025 quae
1655 1979 1729 2025 jam

1051 2026 1135 2069 olim
1159 2034 1273 2068 suerat
1299 2033 1558 2080 AEgyptiorum.
1586 2031 1731 2066 Horum

1052 2086 1149 2120 enim
1165 2085 1203 2119 in
1221 2085 1312 2119 scitis
1333 2091 1408 2119 erat
1421 2110 1430 2128 ‚
1459 2091 1600 2119 auctore
1625 2081 1730 2128 Diog.

1053 2138 1167 2172 Lae'rt.
1185 2149 1329 2182 prooem.
1347 2150 1372 2171 s.
1391 2148 1430 2171 ιο
1443 2163 1452 2180 ,
1472 2136 1571 2186 ἀρχὴν
1583 2137 1662 2171 εἶναι
1677 2139 1732 2175 τὴν

1055 2195 1126 2231 ὕλην
1138 2216 1147 2232 ,
1167 2195 1232 2225 εἶτα
1248 2191 1288 2224 τὰ
1303 2191 1435 2238 τέσσαρα
1449 2195 1571 2233 σοιχεῖα
1590 2189 1622 2232 ἔξ
1639 2189 1732 2226 αὐτ-ῦς

1056 2248 1274 2294 διακριθῆναι,
1295 2248 1348 2278 καὶ
1363 2243 1429 2284 gaso}
1445 2257 1513 2277 τινα
1530 2241 1733 2280 ἀποτελεσθῇ,-

1053 2313 1104 2332 vm
1123 2310 1131 2331 ;
1151 2309 1258 2341 quam
1276 2295 1489 2330 sententiam
1506 2294 1607 2329 latius
1622 2292 1733 2339 expli·-

1054 2356 1109 2383 cat
1125 2348 1273 2383 Diodor.
1290 2348 1357 2382 Sic.
1376 2347 1480 2381 Tom.
1495 2346 1512 2381 I
1525 2372 1535 2390 ‚
1553 2359 1585 2391 p.
1602 2356 1651 2389 11,
1672 2345 1735 2379 ubi

1055 2400 1167 2435 multa
1178 2407 1214 2434 et
1225 2399 1279 2434 his
1293 2398 1420 2434 nostris
1430 2424 1440 2443 ,
1459 2405 1493 2433 et
1504 2398 1545 2433 iis
1557 2423 1567 2441 ,
1585 2410 1662 2443 quae
1676 2396 1735 2432 in-

1056 2454 1108 2488 sra
1117 2480 1125 2494 ,
1136 2465 1224 2486 vers.
1235 2451 1300 2494 416
1310 2463 1384 2496 sqq.
1393 2478 1401 2491 ‚
1415 2450 1615 2493 traduntur,
1628 2461 1735 2495 quam

1057 2503 1230 2540 simillima
1242 2529 1251 2546 ,
1269 2502 1336 2537 nisi
1353 2501 1448 2548 quod
1463 2501 1511 2536 ibi
1527 2501 1647 2536 omnia
1660 2501 1734 2535 sine

1057 2557 1262 2591 interventu
1279 2561 1314 2590 et
1331 2567 1437 2600 opera
1452 2553 1544 2598 Dei,
1569 2553 1647 2588 solis
1669 2565 1737 2589 na-

1058 2616 1146 2644 turae
1151 2608 1284 2654 legibus
1294 2607 1536 2654 perficiuntur.
1542 2607 1670 2643 Noster
1680 2618 1736 2640 au-

1059 2668 1134 2695 tem
1150 2659 1262 2694 multo
1276 2659 1394 2694 sanior
1410 2671 1491 2693 cum
1505 2657 1738 2704 praestantissi-

1059 2713 1125 2748 mis
1137 2712 1279 2747 Graeciae
1291 2710 1502 2757 philosophis
1513 2709 1675 2755 opificem
1689 2721 1738 2747 sa-

1061 2763 1217 2809 pientem
1229 2762 1381 2806 adhibet,
1393 2762 1446 2806 cui
1452 2773 1491 2796 us
1499 2761 1581 2796 viae
1589 2759 1737 2794 numine
