1832 3100
299 211 389 268 384

657 216 710 259 P.
762 217 1007 266 OVIDII
1047 221 1347 270 NASONIS

295 304 445 353 Prima
469 303 589 354 dedit
609 306 758 372 fruges
772 347 785 369 ,
810 311 1101 382 alimentaque
1121 317 1245 365 mitia
1269 319 1423 377 terris;

295 382 445 431 Prima
469 383 590 432 dedit
611 384 730 450 leges
750 407 761 436 :
785 390 955 439 Cereris
981 410 1132 441 sumus
1156 394 1303 442 omnia
1326 414 1514 454 munus;
1572 461 1576 464 .

292 458 376 508 Illa
399 461 591 510 canenda
613 464 723 511 mihi
747 478 841 515 est:
862 468 1033 517 utinam
1055 471 1188 519 modo
1213 472 1354 521 dicere
1377 495 1556 541 possem

295 538 508 588 Carmina.
523 540 656 604 digna
674 542 799 591 Deae!
825 557 938 593 certe
964 547 1056 595 Dea
1075 549 1262 598 carmine
1287 550 1420 614 digna
1443 566 1522 603 est.

1639 568 1712 614 345

291 615 429 663 Vasta
450 616 664 680 giganteis
687 619 847 684 injecta
872 633 940 669 est
962 621 1107 670 insula
1130 625 1340 674 membris

292 692 515 741 Trinacris
530 731 541 751 ,
565 706 608 743 et
632 696 804 758 magnis
832 698 1081 763 subjectum
1103 700 1296 750 molibus
1318 715 1447 765 urget

294 770 516 819 AEtherias
543 790 699 819 ausum
726 791 901 838 sperare
926 776 1139 842 Typhoea
1161 778 1297 827 sedes.

290 913 372 936 vere
387 927 397 944 ,
414 901 450 935 id
467 907 518 936 est
531 927 542 944 ,
561 913 659 936 arare
678 902 837 939 instituit.
852 906 968 940 Dimo-

290 966 362 987 vere
379 958 498 987 terram
515 953 620 987 etiam
632 980 642 997 ,
670 953 798 1001 Georg.
818 956 854 991 II
867 983 876 1001 ,
895 958 970 993 513.

289 1006 461 1046 -Miliffi
484 1005 574 1039 culta
590 1032 599 1049 ,
626 1019 735 1051 quum
748 1015 849 1043 antea
863 1009 969 1055 glan-

290 1056 390 1092 dibus
414 1066 639 1094 vescerentur
663 1059 835 1096 homines.
855 1063 943 1098 Mite
956 1091 966 1106 ‚

288 1109 428 1155 proprie
446 1110 489 1145 de
506 1111 661 1157 frugibus
677 1113 778 1149 cultis
794 1121 830 1149 et
845 1122 968 1150 matu—

286 1164 426 1199 ritatem
442 1167 673 1211 consequutis.
690 1185 734 1192 ——-
748 1168 866 1203 Sumus
876 1196 884 1210 ,
904 1182 968 1214 pro

287 1215 423 1261 vulgari
438 1221 537 1257 sunl,
564 1230 604 1252 ex
626 1219 910 1265 Berneggeriano
933 1228 967 1256 et

287 1281 361 1302 uno
377 1269 637 1315 Hamburgensi
649 1296 659 1314 ,
679 1271 738 1316 qui
753 1284 817 1317 pro
834 1271 967 1307 diversa

285 1318 434 1354 lectione
451 1319 556 1355 habet
569 1346 578 1364 ,
597 1322 728 1367 recepit
741 1322 968 1358 etillustravit

289 1372 457 1407 Heinsius
473 1373 532 1418 qui
545 1373 663 1408 laudat
677 1375 782 1410 Pont.
799 1376 815 1409 1
830 1402 839 1419 ‚
855 1375 909 1410 El.
931 1390 943 1410 1
957 1402 967 1419 ,

288 1436 423 1467 quorum
446 1437 560 1460 sumus
580 1430 712 1468 omnia,
738 1433 774 1462 et
793 1427 883 1463 infra
907 1429 941 1463 X
957 1455 967 1472 ,

289 1474 331 1508 32
344 1501 352 1517 ‚
370 1474 482 1510 omnia
496 1478 652 1511 debemur
667 1480 781 1520 vobllr,
813 1479 873 1513 ubi
889 1479 967 1515 vide

291 1534 401 1562 notas.
428 1528 499 1562 Sed
528 1529 695 1573 quoniam
722 1543 786 1565 nos
813 1531 876 1576 ipsi
901 1531 968 1566 hoc

289 1579 366 1614 loco
389 1594 463 1614 non
492 1581 531 1615 in
559 1581 624 1615 illis
649 1586 801 1617 omnibus
818 1596 938 1618 sumus
956 1611 966 1627 ,

289 1640 475 1677 propterea
490 1633 693 1678 praeserrem
708 1639 802 1675 sunt,
820 1635 888 1669 nisi
909 1635 966 1669 al—

289 1689 366 1718 tera
381 1684 483 1719 lectio
503 1684 637 1719 doctior
656 1692 745 1724 esset
762 1712 772 1729 ,
802 1699 907 1732 quam
927 1694 967 1722 ut

289 1747 310 1769 a
325 1729 466 1770 librario
479 1736 648 1782 proficisci
663 1738 825 1782 potuerit.
844 1737 966 1773 Codex

291 1786 421 1833 Regius
431 1788 464 1823 A
475 1789 580 1823 habet
591 1795 689 1832 sunm
709 1789 830 1825 Codex
843 1791 872 1825 B
885 1817 894 1834 ,
906 1805 966 1825 su-

287 1851 371 1873 mus.
386 1858 429 1866 -—
441 1840 586 1883 Munus,-
602 1841 684 1876 hinc
698 1844 854 1888 mung'fica
865 1842 966 1878 dicta.

289 1892 337 1926 Et
362 1893 530 1938 quoniam
554 1893 762 1939 agricultura
783 1901 835 1928 est
859 1894 967 1928 veluti

287 1950 401 1978 mater
431 1948 539 1988 legum
565 1945 719 1980 civilium
740 1971 750 1989 ,
782 1952 966 1990 propterea

292 1994 401 2030 Ceres
416 1996 522 2030 etiam
536 1998 692 2040 lefflfi’ra,
711 2000 907 2047 θεσμοφᾰρσς.

326 2048 526 2092 345.[)ιᾈηια
535 2050 626 2083 Deae.
639 2048 763 2093 Quum
773 2062 814 2083 an
821 2056 874 2083 tea
886 2048 965 2083 ede-

288 2106 388 2133 retur
396 2102 499 2143 dz‘gna
511 2101 588 2134 Dea
599 2100 657 2146 (et
670 2100 718 2135 sic
728 2100 833 2135 habet
844 2099 966 2134 Codex

288 2151 420 2195 Regius
437 2150 495 2196 A)
509 2178 517 2194 ,
537 2152 703 2187 Heinsius
714 2179 723 2196 ‚
742 2166 783 2187 ex
799 2153 964 2199 Berneg—

290 2203 432 2248 geriano
452 2203 592 2247 aliisque
612 2204 793 2248 piurimis,
814 2205 965 2249 praetulit

288 2256 372 2288 Dea
393 2261 429 2288 et
453 2254 591 2288 monuit
614 2254 704 2289 hanc
726 2267 846 2289 vocem
867 2269 964 2300 posse

289 2307 413 2341 referri
425 2306 467 2341 ad
477 2309 606 2347 dicer&
627 2307 789 2352 idemque
804 2307 848 2341 ad
860 2308 964 2343 Trist.

290 2359 359 2402 IV,
371 2368 416 2392 111
426 2384 435 2401 ,
450 2359 504 2403 57,
515 2358 670 2403 exempla
685 2359 872 2404 congessit,
886 2360 965 2403 qui-

289 2410 362 2444 bus¹
372 2413 406 2445 τὲ
420 2412 539 2454 d12qnus
560 2409 765 2454 adjunctum
781 2411 843 2445 sibi
860 2410 965 2445 habet

288 2475 405 2497 casum
421 2461 625 2496 secundum.

333 2513 408 2557 346.
418 2515 525 2548 Vasta
531 2516 697 2558 giganteis·
706 2514 965 2548 etc.Terrarum

289 2571 406 2600 motus
433 2572 468 2600 et
497 2566 806 2600 subterraneorum
829 2566 964 2611 ignium

290 2617 503 2661 explosiones
515 2617 707 2663 gigantibus
719 2625 819 2651 terrae
828 2617 965 2652 inclusis

290 2668 442 2703 tribuere
456 2668 585 2702 solebat
601 2669 754 2703 sabulosa
767 2670 964 2714 antiquitas,

289 2719 428 2766 physica
444 2721 515 2754 sere
533 2720 764 2764 phaenomena
784 2734 825 2755 ex
845 2721 965 2755 sabulis

1035 908 1214 953 explicans.
1237 909 1286 944 Ac
1302 910 1426 946 Siciliae
1446 912 1589 957 quidem
1600 939 1611 959 ,
1629 927 1712 950 vas-

1034 964 1093 1001 lae,
1112 961 1272 995 maximae
1288 962 1325 996 in
1344 963 1430 997 mari
1450 963 1713 1002 Mediterranea

1016 1013 1166 1051 '1‘nsulae‚
1179 1030 1181 1032 -
1195 1011 1324 1047 Graecis
1344 1026 1363 1047 a
1381 1014 1489 1049 tribus
1509 1024 1715 1060 promonto-

1033 1060 1091 1095 riis
1103 1088 1113 1105 ‚
1123 1064 1245 1112 ἄκραις,
1266 1064 1435 1099 Trinacris
1446 1065 1565 1110 dictae,
1584 1067 1713 1103 Noster

1033 1109 1241 1161 AEschylum
1259 1116 1380 1150 Prom.
1406 1117 1467 1151 351
1480 1143 1490 1161 ,
1517 1118 1714 1154 Pindarum

1034 1164 1105 1200 Od.
1116 1167 1182 1210 IV,
1205 1181 1256 1211 12,
1269 1174 1435 1213 sequutus
1449 1175 1522 1204 tam
1531 1169 1566 1205 h.
1578 1170 1713 1217 Lquam

1033 1217 1101 1262 IV,
1113 1218 1204 1254 Fas-t.
1217 1219 1301 1265 491‘,
1320 1227 1355 1254 et
1369 1221 1426 1265 11,
1446 1222 1551 1257 Pont.
1562 1233 1628 1267 111,
1646 1224 1688 1258 23
1701 1250 1712 1268 ‚

1039 1271 1226 1315 Typhoeum
1246 1271 1384 1317 subjicit
1397 1298 1406 1316 ,
1439 1273 1497 1318 qui
1511 1299 1520 1317 ,
1543 1287 1653 1319 quum
1673 1275 1712 1311 in

1034 1322 1204 1356 acerrimo
1230 1336 1311 1358 cum
1336 1325 1425 1359 Jove
1450 1325 1541 1360 bello
1567 1327 1713 1362 tandem

1034 1373 1223 1408 fulminum
1235 1375 1268 1409 vi
1282 1376 1422 1411 territus
1433 1390 1496 1423 per
1511 1390 1608 1413 mare
1626 1380 1711 1414 Me-

1034 1425 1272 1462 diterraneum
1300 1429 1420 1474 sugere
1449 1430 1625 1475 coepisset,
1647 1430 1712 1465 hac

1032 1477 1145 1512 insula
1172 1492 1190 1513 a
1212 1480 1302 1514 Jove
1325 1480 1471 1516 obrutus
1494 1481 1711 1518 credebatur.

1033 1529 1151 1575 Atque
1167 1531 1215 1565 ita
1231 1531 1335 1566 etiam
1347 1531 1523 1568 Nicander
1536 1533 1712 1579 apudAn-

1032 1588 1104 1616 ton.
1122 1582 1179 1616 lib.
1195 1595 1335 1626 xxvn1;
1356 1583 1517 1630 Apollod.
1534 1585 1571 1629 1,
1588 1596 1628 1620 VI
1639 1611 1649 1629 ,
1668 1586 1711 1628 ὃς

1032 1634 1163 1680 Hygin.
1176 1635 1242 1669 sab.
1258 1638 1329 1670 152.
1341 1633 1547 1672 Secundum
1558 1637 1707 1673 Homer.

1032 1691 1147 1719 autem
1165 1685 1262 1720 Iliad.
1277 1687 1307 1720 Β
1320 1713 1330 1730 ,
1353 1687 1415 1732 783
1427 1713 1436 1731 ,
1453 1687 1510 1722 ille
1530 1691 1566 1722 ιἰι
1582 1689 1712 1723 Arimis

1031 1735 1140 1780 jacet,
1159 1736 1193 1770 id
1211 1743 1283 1781 est,
1302 1737 1357 1772 vel
1373 1739 1410 1772 in
1430 1737 1550 1774 Cilicia
1564 1766 1574 1783 ,
1593 1740 1647 1774 vel
1670 1741 1710 1774 in

1031 1788 1142 1834 Syria.
1173 1788 1245 1823 Sed
1264 1788 1405 1824 Arimos
1422 1803 1532 1835 quum
1548 1792 1711 1826 nonnulli

1032 1838 1068 1872 in
1095 1839 1287 1874 Pithecusis
1313 1840 1433 1875 insulis
1460 1854 1568 1888 prope
1591 1842 1710 1877 Mise-

1030 1902 1118 1923 num
1133 1890 1535 1938 collocarent‚Virgilius,
1547 1893 1630 1928 AEn.
1642 1894 1707 1938 IX,

1033 1943 1095 1987 715
1109 1967 1119 1984 ,
1137 1954 1245 1975 unam
1262 1955 1303 1977 ex
1318 1942 1382 1977 illis
1406 1944 1618 1992 Prochytam
1641 1958 1711 1980 no-

1032 1994 1187 2030 minavit.
1198 1995 1288 2030 Vide
1301 1996 1348 2030 ibi
1360 1997 1493 2044 Heynii
1504 1997 1585 2032 Exn.
1596 1999 1710 2033 Ence-

1030 2049 1110 2081 lado
1122 2048 1269 2083 AEtnam
1284 2051 1579 2096 superimponunt
1595 2051 1709 2098 Orph.

1034 2098 1161 2143 Quint.
1187 2100 1330 2149 Smyrn.
1361 2113 1426 2137 XIV
1443 2129 1453 2146 ,
1471 2104 1558 2145 582;
1586 2103 1709 2150 Virgil.

1032 2150 1262 2197 AEneid.111,
1278 2156 1342 2199 578
1354 2180 1364 2198 ,
1382 2162 1417 2189 et
1428 2155 1493 2191 alii.
1509 2154 1708 2190 Commode

1031 2211 1148 2239 autem
1158 2205 1287 2240 Noster
1296 2219 1373 2241 rem
1383 2220 1465 2241 omn
1470 2219 1526 2242 em
1538 2220 1556 2242 a
1565 2210 1715 2254 Typhoei

1029 2256 1195 2301 supplicio
1220 2265 1255 2292 et
1278 2259 1428 2294 motibus
1452 2260 1600 2305 repetit;
1624 2272 1708 2294 eum

1030 2308 1127 2341 enim
1154 2308 1265 2343 Pieris
1282 2317 1317 2344 et
1338 2310 1500 2345 carminis
1518 2311 1571 2346 sui
1597 2323 1707 2356 argu—

1030 2366 1192 2394 mentum
1204 2361 1332 2395 fecerat
1342 2388 1351 2404 ,
1370 2369 1405 2396 et
1419 2362 1503 2396 salso
1517 2362 1555 2396 in
1571 2361 1707 2397 honore

1030 2419 1202 2456 posuerat.
1220 2431 1262 2437 —
1275 2414 1403 2454 Moles,
1425 2420 1563 2448 montes
1586 2421 1621 2448 et
1637 2427 1709 2460 op-

1029 2463 1110 2507 pida
1124 2489 1134 2506 ,
1163 2470 1203 2497 nt
1218 2476 1320 2498 versu
1343 2465 1427 2508 354,
1454 2468 1604 2500 remoliri
1618 2479 1709 2510 pon—

1029 2516 1110 2548 dera
1137 2519 1237 2548 lerrae.
1264 2534 1308 2541 —
1332 2517 1478 2560 Sperare.
1510 2516 1680 2553 Nonnulli
1695 2544 1705 2560 ‚

1028 2570 1194 2610 speclare3
1212 2567 1378 2602 Heinsius
1394 2568 1544 2603 malebat
1560 2572 1685 2613 spirare
1695 2596 1703 2606 .

1031 2618 1065 2652 id
1079 2625 1148 2661 est,
1161 2618 1339 2662 affidare,
1354 2620 1448 2665 quod
1462 2620 1578 2655 multis
1587 2633 1704 2655 exem—

1030 2669 1092 2714 plis
1108 2670 1231 2714 probat
1247 2685 1255 2712 ;
1278 2671 1402 2706 eodem
1417 2684 1518 2706 sensu
1529 2697 1539 2715 ,
1558 2671 1575 2706 I
1589 2697 1598 2715 ‚
1618 2673 1677 2706 152
1692 2697 1702 2714 ‚

1029 2735 1161 2766 regnum
1195 2722 1360 2768 afflectare
1399 2727 1528 2759 caeleste
1549 2736 1563 2768 ,·
1603 2725 1701 2770 Regii
