1832 3100
295 278 380 323 272

670 263 722 307 Ρ.
757 263 988 310 ovum
1020 264 1322 328 NASONIS

357 353 494 401 Hunc
519 371 648 412 avus,
672 354 790 405 hunc
814 357 1046 416 Athamas,
1071 358 1189 407 hunc
1213 371 1354 408 cetera
1376 358 1506 408 turba
1527 377 1710 408 suorum

296 430 558 497 Corripiunt
580 429 731 491 dictis,
756 432 1004 500 frustraque
1024 436 1222 485 inhibere
1246 436 1461 486 laborant.

1641 450 1707 486 565

296 507 456 556 Acrior
478 508 707 558 admonitu
727 523 816 568 est;
837 511 1121 578 irritaturque
1142 524 1334 571 retenta,

294 587 355 634 Et
375 586 529 635 crescit
550 587 718 644 rabies;
741 589 1120 654 remoraminaque
1143 589 1240 655 ipsa
1261 590 1496 639 nocebant.

295 663 368 712 Sic
392 683 474 727 ego
501 676 740 712 torrentem
754 702 766 723 ,
792 684 878 731 qua
901 665 965 713 nil
987 666 1195 714 obstabat
1218 667 1368 725 eunti,

294 740 458 789 Lenius
473 778 484 800 ,
511 753 555 790 et
577 742 750 790 modico
775 743 961 808 strepitu
987 742 1212 791 decurrere
1235 742 1324 791 vidi
1345 762 1356 791 :

295 817 357 865 At
379 836 653 884 quacumque
678 818 823 868 trabes
848 819 1164 884 obstructaque
1187 838 1288 867 saxa
1307 819 1543 878 tenebant,

1643 831 1711 879 570

296 893 515 959 Spumeus
530 931 542 951 ‚
569 905 613 941 et
633 893 830 952 fervens,
855 907 899 943 et
922 895 977 943 ab
1003 896 1144 960 objice
1168 896 1322 944 saevior
1344 896 1450 944 ibat.

294 973 409 1019 Ecce
431 971 647 1019 cruentati
669 971 879 1030 redeunt;
903 985 966 1030 et,
990 974 1190 1021 Bacchus
1213 973 1294 1021 ubi
1317 985 1435 1022 esset

298 1048 523 1111 Quaerenti
548 1047 752 1107 domino,
774 1050 997 1098 Bacchum
1017 1050 1176 1098 vidisse
1198 1062 1427 1113 negarunt.

297 1125 429 1174 Hune
445 1162 456 1184 ‚
481 1124 647 1182 dixere,
672 1137 814 1174 tamen
837 1126 1062 1185 comitem,
1084 1126 1384 1193 famulumque
1408 1145 1631 1176 sacrorum

341 1259 414 1303 564.
426 1259 463 1293 A
465 1271 523 1293 vus
531 1285 540 1303 ‚
553 1258 659 1304 quiin
667 1258 751 1294 vivis
758 1258 871 1294 adhuc
878 1267 952 1295 erat
961 1286 970 1303 ,

297 1311 357 1347 sed
388 1324 539 1357 regnum
565 1311 728 1347 Pentheo
754 1312 944 1347 tradiderat
961 1339 970 1357 ,

295 1378 380 1399 eum
393 1367 548 1405 inhibere,
559 1377 734 1408 coercere,
744 1364 886 1399 laborat.
898 1365 975 1399 Eu-

297 1416 398 1461 ripid.
417 1417 492 1451 330.
508 1433 552 1444 —
570 1416 673 1462 Apud
691 1416 915 1462 Euripidem,
936 1417 973 1451 in

300 1469 443 1503 Bacchis
456 1495 465 1512 ,
479 1482 551 1505 non
570 1469 665 1504 audit
684 1469 861 1504 Cadmum
873 1496 883 1513 ‚
899 1482 972 1504 non

299 1521 481 1556 Tiresiam.
504 1523 570 1556 Ed.
590 1540 634 1548 -
652 1523 754 1556 Hunc
778 1522 970 1564 Athamas;

299 1572 394 1607 AEoli
422 1572 513 1607 filius
535 1573 602 1607 suit
625 1572 815 1616 Athamas,
847 1572 973 1607 Cadmi

300 1637 416 1671 gener.
433 1626 500 1658 Ed.
518 1642 562 1650 —
579 1625 716 1659 suorum
732 1625 896 1670 languere
913 1625 972 1658 vi-

300 1675 404 1710 detur
418 1675 627 1709 Burmanno
641 1690 650 1717 ;
675 1676 815 1720 praesert
830 1677 936 1721 igitur
952 1690 971 1711 e

300 1727 466 1763 Cantabr.
475 1732 655 1772 sequentes,
671 1728 768 1762 malit
778 1735 894 1764 tamen
896 1729 974 1772 sre-

295 1784 440 1823 quentes.
460 1778 682 1824 Languorem
694 1779 792 1815 illum
808 1780 973 1824 equidem

299 1842 372 1864 non
398 1829 511 1864 video.
543 1830 677 1876 Regem
698 1831 871 1876 corripere
899 1845 972 1866 non

298 1881 365 1916 nisi
376 1885 611 1927 suipoterant.
620 1901 665 1909 ·-
674 1883 792 1923 Nostri
804 1882 904 1928 Regii
913 1883 974 1918 ha-

300 1933 386 1968 bent
398 1945 552 1976 suorum,·
569 1934 618 1968 ita
632 1941 668 1970 et
679 1947 801 1970 omnes
818 1947 903 1980 quos
918 1935 974 1969 alii

299 1985 560 2021 consuluerunt.
578 1988 643 2020 Ed.
868 2014 874 2020 .

345 2037 419 2071 555.
431 2037 556 2072 Acrior
564 2040 736 2072 admonitu
749 2043 810 2076 est.
823 2039 973 2082 Berneg.

302 2087 443 2132 Codex,
469 2102 493 2123 a
507 2094 633 2124 monitu
644 2116 653 2131 ,
680 2090 774 2135 quod
789 2090 887 2129 valde
905 2089 974 2124 ad—

298 2139 476 2175 blanditur
509 2142 718 2176 Burmanno
739 2168 748 2186 ,
782 2142 841 2187 qui
869 2142 975 2176 etiam

299 2191 455 2237 exempla
469 2191 581 2227 adfert
592 2219 601 2236 ,
621 2194 680 2228 ubi
695 2208 718 2228 a
733 2207 796 2239 pro
807 2199 889 2238 post
901 2207 974 2239 po·-

296 2239 403 2278 ni'tur.
419 2262 463 2270 —
474 2243 595 2278 Codex
610 2245 739 2290 Regius
752 2246 796 2289 A,
809 2250 968 2287 amonitu,

298 2295 393 2340 quod
414 2295 510 2331 idem
534 2303 586 2331 est
607 2297 700 2341 quod
722 2292 912 2339 admonitu,
940 2305 975 2333 et

297 2348 365 2383 hoc
390 2357 609 2394 postremum
640 2349 745 2384 habet
777 2351 906 2395 Regius
932 2350 973 2384 B.

297 2400 416 2436 Lectio
430 2400 569 2438 Codicis
580 2402 729 2448 Berneg.
747 2415 852 2447 quam
868 2403 974 2437 refert

303 2453 420 2496 Glerig
440 2479 449 2494 ,
495 2466 536 2487 ex
563 2454 771 2499 compendio
797 2454 974 2499 scripturae

300 2504 466 2547 procedit.
482 2506 548 2539 Ed.
575 2524 619 2532 —-
635 2506 778 2546 Acrior,
804 2506 972 2548 ferocior,

301 2554 500 2590 iracundior
512 2556 552 2592 fit
568 2570 610 2591 ex
626 2557 686 2592 irae
702 2564 828 2592 natura
842 2584 851 2602 ,
869 2569 974 2602 quam

301 2612 404 2649 poeta
428 2607 619 2651 loquaciter
654 2608 797 2654 quidem
826 2616 975 2654 quatuor

300 2656 458 2691 formulis
474 2657 603 2694 indicat
617 2686 626 2704 ,
646 2660 707 2695 sed
723 2661 859 2706 egregie
872 2661 975 2695 illus-

301 2714 367 2742 trat
392 2708 617 2744 similitudine
642 2712 794 2755 subjecta
809 2738 819 2756 ,
846 2713 883 2746 in
907 2725 975 2757 qua

301 2774 363 2806 pro
381 2762 532 2806 generali
548 2762 625 2807 illo,
643 2765 694 2797 sic
710 2769 836 2798 torreas
851 2766 975 2799 decur-

1037 1263 1097 1301 rit,
1120 1260 1244 1295 melius
1253 1285 1262 1303 ‚
1279 1263 1331 1294 sic
1342 1273 1403 1304 ego
1413 1264 1585 1294 torrentem
1595 1261 1713 1295 decur-

1037 1323 1106 1345 rere
1128 1313 1208 1345 vidi.
1231 1329 1275 1338 —-
1296 1313 1477 1345 Decurrere
1498 1310 1637 1356 proprie
1667 1309 1711 1346 de

1038 1362 1152 1398 fluviis
1165 1389 1175 1406 ‚
1201 1363 1258 1409 qui
1281 1365 1353 1398 sere
1374 1376 1416 1398 ex
1439 1363 1614 1398 altioribus
1630 1363 1712 1398 locis

1039 1416 1211 1451 defluunt.
1231 1435 1275 1442 —-
1297 1417 1339 1452 In
1367 1429 1469 1451 versu
1494 1423 1713 1461 anteproece-

1039 1467 1158 1511 denti,
1176 1467 1296 1503 Codex
1309 1468 1438 1512 Regius
1449 1467 1482 1502 A
1492 1467 1597 1503 habet
1610 1480 1715 1502 remo-

1038 1523 1188 1562 ram1’na‚·
1207 1527 1242 1555 at
1266 1519 1387 1555 Codex
1406 1520 1436 1554 B
1448 1545 1458 1562 ,
1478 1521 1713 1555 moderamina.

1039 1570 1211 1605 Baronius
1222 1597 1232 1615 ,
1247 1576 1480 1612 revocandam·
1497 1583 1597 1616 aeque
1611 1570 1713 1605 bene.

1082 1624 1157 1667 570.
1177 1623 1429 1667 Obstructoque.
1447 1622 1607 1666 Obiecta.
1621 1621 1714 1655 Vide

1039 1673 1238 1708 Heinsium.
1260 1692 1305 1700 ——
1331 1673 1542 1714 Gebhardus¹
1564 1686 1584 1707 e
1605 1671 1715 1707 MSS.

1037 1727 1260 1772 obstrusaque.
1290 1745 1335 1755 ·-
1365 1727 1474 1762 Recte
1498 1729 1669 1768 obstructa
1692 1737 1713 1759 e

1039 1774 1231 1813 codicibus
1240 1779 1368 1824 Regiis.
1382 1779 1447 1812 Ed.
1459 1796 1503 1804 -
1523 1779 1693 1812 Tcnebant
1701 1802 1711 1819 ,

1037 1842 1177 1864 cursum
1192 1831 1266 1875 ejus
1282 1831 1520 1864 morabantur.
1534 1848 1580 1856 --
1596 1830 1710 1869 θύει,

1038 1882 1151 1916 trabes
1164 1882 1355 1924 obstructa,
1372 1882 1387 1916 I
1400 1907 1409 1924 ,
1427 1881 1518 1916 Fast.
1529 1881 1612 1922 5653;
1627 1882 1713 1914 obex

1038 1936 1159 1967 montis
1170 1960 1178 1973 ,
1196 1945 1298 1966 mons
1319 1932 1496 1976 objectus;
1518 1933 1562 1965 ab
1581 1930 1710 1974 objice,

1038 1991 1182 2030 propter
1193 1984 1353 2029 objicem.
1361 1985 1540 2023 -saeuszm
1549 1981 1714 2027 rapidior.

1039 2038 1102 2072 Vis
1130 2050 1299 2083 aquarum
1329 2050 1412 2072 cum
1444 2040 1498 2071 ira
1519 2042 1556 2071 et
1580 2037 1713 2070 saeviteh

1039 2097 1270 2136 comparatur.

1084 2147 1157 2191 572.
1178 2146 1356 2179 Cruentati.
1373 2141 1478 2188 Apud
1494 2140 1613 2186 Eurip.
1626 2139 1690 2183 434
1701 2165 1710 2182 ,

1039 2212 1074 2235 se
1096 2197 1218 2232 vinciri
1237 2197 1390 2242 patitur,
1415 2194 1476 2231 sed
1500 2195 1547 2229 ibi
1573 2205 1712 2238 quoque

1039 2251 1204 2286 comitem
1234 2263 1269 2284 se
1304 2247 1431 2283 Bacchi
1459 2246 1639 2282 mentitur.
1669 2262 1714 2272 —-·

1042 2303 1238 2342 Cruentati3
1278 2298 1452 2334 vulnerati
1481 2311 1501 2332 a
1530 2296 1712 2332 comitibus

1039 2353 1189 2396 Bacchi,
1215 2352 1300 2386 dum
1318 2351 1496 2386 Bacchum
1511 2355 1547 2383 et
1562 2347 1713 2383 Bacchas

1038 2404 1257 2451 prehendere
1272 2408 1460 2438 tentarent.
1476 2402 1543 2434 Ed.
1553 2416 1598 2426 ·-
1613 2401 1714 2442 Quo-

1037 2460 1127 2491 renti
1137 2459 1268 2490 domino
1280 2466 1292 2496 ,·
1310 2461 1473 2500 tyranno.
1486 2453 1552 2487 Ed.
1567 2469 1611 2477 —
1621 2451 1714 2485 Bac-

1038 2509 1135 2541 chum
1145 2508 1269 2540 vt'dtlcse
1274 2508 1444 2548 negarunt.
1450 2503 1587 2538 Famuli
1594 2509 1713 2536 tamen

1038 2560 1075 2593 in
1090 2558 1231 2593 Bacchis
1245 2556 1422 2602 Euripidis
1440 2569 1449 2592 ι
1467 2562 1574 2592 Πενθεῦ
1585 2555 1711 2609 ,ἐι-ἄρε-

1040 2627 1136 2654 σμεν,
1162 2608 1249 2650 τήνδ’
1281 2611 1374 2659 ἄγραν
1402 2611 1569 2653 ἠγρευκότες
1591 2605 1649 2652 Ef'
1677 2608 1714 2646 ἦν

1038 2665 1173 2707 ἔπεμψας
1185 2668 1250 2695 etc.
1267 2661 1385 2705 Ipsum
1400 2659 1609 2694 adducentes
1625 2657 1712 2691 Bac·
1731 2688 1736 2691 .

1038 2713 1144 2748 chum
1160 2739 1169 2756 ,
1199 2724 1305 2757 quem
1331 2712 1459 2746 Noster
1490 2709 1619 2744 Acoetae
1648 2707 1711 2741 sub

1038 2765 1189 2809 imagine
1214 2763 1347 2798 inducit
1372 2762 1550 2796 latentem.
1578 2760 1642 2803 EdT
1669 2772 1710 2782 ·-·
