1832 3100
389 292 1101 348 METAMORPHOSEON
1139 297 1271 339 LIB.
1310 298 1348 339 I.

1494 297 1572 339 133

148 387 251 437 Sole
271 399 393 436 satus
414 387 671 445 Phaethon,
700 406 831 454 quem
857 387 1083 454 quondam
1111 407 1269 450 magna
1292 389 1545 456 loquentem
1564 429 1574 447 ,

145 467 238 515 Nec
261 465 348 514 sibi
371 465 620 524 cedentem,
644 464 906 531 Phoeboque
930 476 1111 532 parente
1136 467 1379 532 superbum
1396 505 1407 524 ,

147 544 250 592 Non
269 543 373 591 tulit
393 542 647 600 Inachides,
676 565 698 585 «
725 542 974 609 Matrique,
1001 542 1084 601 ait,
1112 544 1260 592 omnia
1284 544 1463 592 demens

150 643 173 664 »
202 621 380 678 Credis'3
405 632 449 669 et
472 639 519 670 es
544 619 741 668 tumidus
764 620 978 683 genitoris
1001 620 1191 683 imagine
1212 619 1326 668 falsi.
1352 643 1374 663 »

148 698 343 747 Erubuit
365 698 625 757 Phaethon,
648 698 848 764 iramque
869 698 1041 764 pudore
1065 698 1301 765 repressit:

1510 715 1576 759 755

147 779 208 825 Et
231 775 335 826 tulit
356 776 411 825 ad
435 775 677 844 Clymenen
697 776 877 843 Epaphi
901 776 1095 825 convicia
1116 788 1313 825 matrem.

152 876 175 902 <x
202 853 397 922 Quoque
419 854 560 917 magis
579 853 748 912 doleas,
775 854 987 917 genitrix,
1011 854 1074 902 ait
1090 892 1102 913 ,
1126 854 1201 903 ille
1226 874 1310 918 ego
1334 853 1452 903 liber
1467 892 1480 912 ,

146 990 257 1026 linem
287 989 446 1036 increpat
473 1015 483 1034 ,
524 987 616 1035 quod
649 988 828 1035 insipienti

146 1042 405 1079 adolescentulo
417 1055 525 1088 equos
537 1043 666 1078 solares
676 1043 836 1084 commi-¹

146 1095 231 1131 serit
246 1106 255 1130 :
270 1094 308 1130 in
324 1095 449 1142 quibus
459 1095 571 1130 multa
586 1094 770 1131 ovidianis
781 1095 830 1130 si-

146 1147 253 1182 milia.
260 1148 384 1183 Priore
392 1147 469 1182 loco
477 1147 620 1182 Lucian.
631 1147 828 1191 contendit,

147 1199 411 1235 Phaethontem
426 1200 684 1235 Astronomum
702 1199 805 1235 suisse
817 1225 828 1243 ,

149 1253 210 1298 qui
237 1265 382 1288 cursum
411 1252 492 1288 solis
520 1251 712 1299 designarit
724 1278 734 1296 ,
768 1251 830 1287 sed

149 1311 231 1340 ante
243 1331 253 1349 ,
272 1317 378 1350 quam
391 1316 478 1350 opus
494 1303 702 1350 perficeret,
725 1316 830 1338 mor—

150 1363 231 1392 tuus
249 1357 303 1392 sit.
322 1356 441 1392 Etiam
461 1355 606 1392 Proclus
620 1382 630 1398 ,
663 1356 707 1391 ad
735 1356 831 1391 Tim.

150 1410 241 1446 Plat.
260 1423 295 1457 p.
319 1410 363 1445 33
377 1423 450 1457 seq.
470 1409 622 1445 fabulam
642 1422 661 1444 e
682 1409 831 1457 physicis

148 1461 401 1508 interpretatus
426 1468 488 1497 est.
523 1460 580 1496 Cf.
605 1468 641 1496 et
667 1461 831 1496 Philostr.

150 1513 249 1548 loon.
265 1514 282 1549 Ι
294 1539 304 1558 ,
323 1527 336 1548 ι
345 1527 372 1548 ι.
385 1513 534 1557 Noster,
549 1525 627 1559 quae
640 1512 765 1547 tradita
780 1525 832 1547 ac-

149 1572 290 1615 ceperat
300 1591 311 1610 ,
329 1572 365 1602 et
377 1566 610 1612 copiosissime
622 1572 658 1600 et
671 1564 832 1600 eruditis-

148 1618 237 1654 sime
252 1626 484 1665 persequutus
499 1626 574 1661 est3
592 1618 653 1653 sed
677 1618 735 1653 hic
756 1630 831 1652 non

149 1671 268 1706 minus
279 1697 290 1715 ,
315 1684 422 1717 quam
438 1671 475 1706 in
495 1671 626 1706 diluvio
643 1670 833 1705 Deucalio—

147 1735 219 1758 neo
234 1749 245 1767 ,
284 1723 473 1759 luxurianti
500 1723 645 1770 ingenio
675 1722 832 1758 indulsit.

149 1773 247 1812 Tum
260 1775 441 1824 discerpsit
455 1778 610 1814 fabulam
622 1778 669 1812 ita
682 1804 691 1821 ,
708 1784 750 1812 ut
762 1789 833 1810 ma-

147 1830 264 1876 iorem
280 1831 356 1876 ejus
371 1838 508 1877 partem
524 1831 562 1865 in
579 1831 656 1866 libr.
673 1842 832 1875 sequen—

149 1889 224 1918 tem
245 1884 462 1919 transferret.
490 1883 602 1929 Quod
618 1883 703 1918 olim
721 1896 834 1929 quum

148 1935 297 1971 moleste
306 1935 469 1971 nonnulli
480 1936 615 1971 ferrent
623 1962 632 1979 ,
644 1937 775 1971 sactum
784 1948 835 1969 ar-

149 1989 281 2034 bitror,
299 1996 339 2024 ut
350 1989 411 2025 hic
422 1989 619 2025 secundum
631 1989 761 2023 librum
773 2001 835 2022 or-

151 2041 314 2078 direntur
329 2069 340 2087 ,
369 2055 448 2088 quae
475 2042 597 2077 divisio
621 2042 658 2076 in
684 2048 836 2086 quatuor

154 2093 270 2129 Codd.
279 2095 464 2141 reperitur.
477 2094 626 2138 Seneca,
637 2093 680 2127 de
692 2091 836 2127 Provid.

155 2148 198 2189 5,
227 2146 303 2182 loca
317 2146 491 2182 nonnulla
512 2145 595 2180 inde
617 2144 770 2180 laudavit
792 2143 836 2179 ad

152 2197 395 2233 illustrandam
411 2197 660 2232 fortitudinem
677 2196 715 2230 in
730 2207 838 2242 appe-

153 2249 263 2285 tenda
285 2250 425 2285 virtute.
455 2249 501 2283 Et
526 2255 641 2294 potest
668 2247 743 2282 haec
768 2247 836 2282 sab.

155 2315 254 2348 aeque
274 2315 313 2338 ac
327 2301 492 2348 AEsopica
504 2328 514 2345 ‚
541 2314 646 2336 usum
666 2300 837 2335 moralem

154 2355 295 2392 habere.
314 2356 367 2391 Ea
378 2356 476 2391 enim
488 2367 697 2398 monemur,
713 2367 759 2388 ne
776 2366 837 2399 ap—

155 2414 316 2454 petamus
345 2420 423 2454 quae
451 2420 555 2454 supra
582 2407 671 2441 vires
701 2413 838 2441 nostras

155 2467 239 2495 suut
249 2486 260 2503 ,
277 2467 313 2495 et
329 2467 368 2495 ut
380 2459 633 2506 sapientiorum
651 2457 838 2493 hominum

106 2548 109 2552 ,
157 2511 306 2547 consiliis
315 2512 390 2557 regi
404 2524 469 2547 nos
480 2512 647 2547 sinamus.
661 2511 751 2545 Hor.
763 2511 817 2546 lv
826 2536 836 2554 ,

157 2563 231 2600 Od.
239 2574 283 2608 ιι,
293 2566 347 2599 25.
356 2562 413 2599 Cf.
421 2571 457 2600 et
464 2564 585 2610 Eurip.
593 2564 840 2610 sragm.111.—

156 2618 326 2662 AEquahte.
337 2617 411 2652 VII
425 2642 435 2660 ,
452 2617 517 2652 558
530 2643 539 2660 ‚
545 2629 647 2661 pares
655 2620 757 2651 annis
767 2619 840 2650 ani-

157 2669 484 2715 m1quue.—Anim1's,
493 2669 614 2714 spiritu
624 2676 659 2704 et
667 2669 838 2715 superbia.

206 2724 281 2768 751.
293 2722 404 2756 Salus.
419 2723 545 2765 Giert'g.
555 2720 712 2756 ediderat
722 2726 839 2763 natus5

159 2773 219 2808 sed
236 2781 380 2819 propter
399 2780 554 2808 metrum
580 2780 672 2809 recte
691 2772 840 2808 Codices

160 2824 249 2871 Reg.
265 2825 518 2862 nostrihabent
527 2829 622 2860 satus
633 2853 642 2868 ‚
663 2824 756 2871 quod
774 2838 840 2859 re—

894 989 1106 1025 vocavimus.
1118 991 1183 1024 Ed.
1193 1008 1238 1015 ——-
1249 990 1381 1034 Magna
1397 992 1496 1034 loqui.
1514 997 1579 1025 Με·

893 1047 1063 1087 γαλκυχεῖν
1079 1068 1089 1086 ,
1120 1047 1339 1092 μεγαληγορεῖν
1365 1069 1374 1085 ,
1404 1041 1540 1087 gloriari
1567 1068 1575 1084 ,

894 1095 1074 1140 superbire
1089 1107 1096 1129 ε
1110 1093 1188 1129 vide
1202 1093 1244 1128 ad
1257 1095 1322 1138 lx,
1335 1094 1388 1128 31.
1402 1094 1558 1128 Juvenes
1569 1120 1578 1137 ,

895 1158 1007 1191 quum
1018 1146 1087 1180 suis
1094 1145 1258 1180 nondum
1266 1145 1460 1181 inclaruere
1471 1146 1580 1180 virtu-

896 1198 1004 1241 tibus,
1016 1198 1060 1233 de
1071 1198 1208 1244 generis
1218 1198 1399 1233 nobilitate
1410 1199 1579 1232 rixantur.

942 1254 1015 1297 752.
1026 1251 1098 1285 Nec
1107 1253 1362 1286 sibiet-dentem.
1374 1250 1409 1295 Q
1416 1250 1471 1284 uia
1480 1250 1578 1285 Phoe-

896 1303 942 1338 bo
964 1310 1061 1349 patre
1079 1303 1160 1338 Deo
1176 1310 1279 1337 natus
1295 1310 1384 1337 esset
1397 1329 1406 1346 ,
1426 1315 1523 1348 aeque
1542 1315 1580 1336 ac

897 1357 1063 1403 Epaphus
1075 1383 1084 1401 ,
1100 1370 1224 1392 verum
1241 1369 1316 1390 non
1333 1368 1430 1400 aeque
1447 1368 1578 1401 magno

897 1410 977 1445 Deo
989 1436 999 1454 ,
1019 1417 1059 1445 ut
1075 1409 1131 1444 ille
1145 1424 1154 1452 ;
1173 1423 1257 1444 nam
1270 1409 1355 1455 quid
1364 1409 1455 1443 Jove
1466 1409 1581 1454 majus

897 1461 1047 1496 habetur
1064 1461 1080 1496 ?
1110 1460 1248 1496 Cedere
1278 1474 1362 1507 ergo
1390 1460 1576 1495 Phaethon

899 1514 1046 1560 Epapho
1059 1514 1234 1549 debuisset
1247 1515 1282 1549 in
1302 1513 1366 1548 hac
1382 1520 1490 1559 parte.
1509 1513 1581 1547 Sed

899 1566 1131 1601 Phaethontis
1146 1566 1282 1601 animos
1300 1566 1466 1612 augebat,
1485 1563 1580 1609 quod

898 1631 1003 1653 avum
1019 1618 1166 1653 haberet
1184 1619 1311 1653 Jovem
1326 1645 1335 1661 ,
1363 1625 1399 1652 et
1415 1616 1580 1663 Epaphus

899 1671 942 1706 de
962 1684 1025 1706 avo
1046 1671 1185 1718 gloriari
1209 1683 1283 1705 non
1311 1676 1448 1716 poterat
1466 1679 1474 1701 t
1497 1683 1580 1704 nam

898 1725 1042 1760 Saturni
1050 1725 1190 1759 nullum
1198 1725 1271 1770 jam
1278 1736 1411 1758 nomen
1421 1730 1506 1757 erat.
1514 1725 1580 1757 Ed.

944 1778 1015 1820 754.
1039 1778 1210 1812 Tumidus.
1229 1778 1368 1810 Tumere
1382 1774 1425 1809 de
1441 1775 1529 1808 fastu
1547 1782 1582 1809 et

897 1827 1294 1873 superbia.-Falsus,qui
1303 1833 1446 1872 putatur
1455 1826 1482 1860 is
1493 1839 1579 1869 esse,

899 1881 959 1925 qui
981 1893 1102 1915 revera
1124 1893 1198 1914 non
1218 1887 1293 1915 est:
1313 1878 1392 1913 vide
1407 1877 1583 1912 Brouckh.

900 1932 943 1966 ad
955 1933 1114 1977 Propert.
1125 1933 1175 1976 11,
1190 1932 1243 1966 El.
1254 1942 1321 1973 vn,
1336 1931 1387 1974 43.
1399 1948 1443 1956 —-
1453 1931 1580 1974 Imago,

897 1984 981 2018 salsa
997 1984 1047 2018 rei
1064 1982 1328 2029 repraesentatio
1339 2008 1349 2026 ,
1369 1982 1426 2024 ΙΙ,
1445 1981 1497 2027 37.

946 2037 1019 2082 756.
1044 2037 1139 2071 Tulit
1151 2038 1202 2070 ad
1212 2040 1358 2070 matrem.
1376 2034 1481 2068 More
1496 2047 1585 2080 pue-

900 2101 1023 2123 rorum
1037 2115 1047 2133 ,
1075 2089 1135 2134 qui
1159 2087 1283 2122 offensi
1308 2086 1350 2121 ab
1373 2086 1582 2131 aequalibus,

901 2153 978 2175 rem
994 2140 1037 2176 ad
1051 2147 1215 2186 parentes
1229 2138 1396 2174 deferunt
1410 2164 1420 2181 ,
1438 2145 1474 2172 et
1490 2138 1532 2172 ab
1546 2138 1585 2172 iis

900 2193 1091 2229 vindictam
1107 2199 1245 2239 petunt.
1264 2194 1330 2227 Ed.

946 2250 1018 2292 ¹757.
1043 2248 1107 2281 Ille
1118 2259 1178 2291 ego
1194 2248 1286 2280 liber.
1305 2244 1419 2280 Codd.
1441 2245 1519 2279 RR.
1539 2245 1584 2279 A.

900 2299 942 2333 B.
959 2301 1015 2333 En
1037 2312 1097 2344 ego
1113 2301 1205 2333 liber.
1233 2299 1340 2333 Forte
1361 2297 1519 2332 vividius.
1542 2317 1586 2323 —

902 2353 1018 2392 Liber,
1039 2351 1099 2397 qui
1114 2377 1123 2394 ,
1138 2350 1322 2385 neminem
1336 2350 1466 2384 timens
1477 2377 1485 2389 ,
1503 2349 1587 2384 dicit

902 2410 938 2439 et
963 2404 1044 2439 facit
1056 2430 1065 2448 ,
1093 2415 1170 2448 quae
1192 2403 1257 2449 ipsi
1285 2409 1379 2436 recta
1405 2401 1583 2435 videntur.

902 2455 993 2492 Plin.
1015 2457 1092 2500 vl,
1119 2455 1184 2501 Ep.
1209 2466 1303 2498 v111,
1329 2456 1374 2489 8:
1403 2455 1481 2488 Non
1493 2453 1587 2497 seret

934 2521 1056 2554 agnum
1082 2513 1118 2543 el
1145 2511 1283 2542 liberum
1314 2510 1483 2552 ingenium
1512 2521 1586 2542 cum

901 2563 1102 2597 contumel&
1110 2562 1267 2594 damnum
1271 2561 1414 2593 .—Fer02·
1423 2571 1502 2605 opp.
1515 2559 1584 2594 leni

903 2620 939 2648 et
955 2612 1089 2659 placido
1105 2612 1257 2658 ingenio.
1275 2610 1346 2647 Cic.
1365 2611 1450 2647 Sen.
1466 2625 1502 2647 n.
1519 2613 1580 2647 33:

900 2667 1078 2708 infirmitas
1088 2677 1263 2708 puerorum
1278 2667 1331 2698 cs!
1340 2690 1348 2704 ,
1369 2663 1506 2708 ferocia
1514 2663 1584 2706 ju—

902 2731 1032 2753 venum.
1057 2717 1159 2752 Adde
1176 2717 1315 2763 Sallust.
1337 2715 1415 2751 Cat.
1439 2717 1503 2759 38,
1528 2718 1588 2749 illc

904 2783 986 2815 σθω
1003 2770 1093 2805 Ptin.
1108 2771 1123 2805 l
1140 2796 1150 2813 ,
1170 2769 1327 2816 Epist.VI
1341 2795 1350 2813 ,
1370 2770 1391 2803 6
1405 2795 1414 2812 ,
1432 2782 1492 2814 ego
1507 2771 1564 2811 1·qu
1576 2795 1586 2811 ,

904 2837 998 2870 quem
1019 2827 1126 2868 nosti,
1156 2825 1215 2861 ubi
1231 2838 1262 2859 v.
1290 2823 1410 2859 Corte.
1512 2828 1517 2830 '
