1832 3100
333 225 1057 276 METAMORPHOSEON
1094 227 1224 270 LIB.
1266 226 1305 270 I.

107 328 172 376 Ut
194 323 350 392 templi
375 291 558 387 tetigere
583 322 746 386 gradus
759 359 772 380 ‚
795 320 1054 389 procumbit
1075 331 1263 386 uterque

1474 226 1532 286 93

1470 334 1536 379 375

106 405 287 453 Pronus
304 401 453 460 humi,
480 397 718 467 gelidoque
742 418 906 467 pavens
927 397 1050 447 dedit
1071 396 1221 445 oscula
1245 415 1363 445 saxo.

105 481 254 548 Atque
277 480 371 539 ita,
395 502 418 523 «
447 479 496 528 Si
516 478 748 546 precibus,
773 477 999 535 dixerunt,
1024 475 1206 524 numina
1223 474 1355 539 justis

110 581 135 602 »
161 558 291 607 Victa
316 555 652 614 remollescunt,
676 555 714 604 si
736 554 928 604 flectitur
948 553 1012 602 ira
1034 554 1256 609 Deorum;

55 686 60 691 ,
110 658 134 681 »
162 636 274 695 Dic,
299 634 460 684 Themi
482 672 493 693 ‚
521 653 608 701 qua
633 633 804 696 generis
828 632 1035 681 damnum
1060 628 1304 697 reparabile
1330 630 1474 678 nostri

113 736 136 757 »
162 713 272 762 Arte
297 711 392 760 sit?
410 722 455 760 et
477 709 633 759 mersis
654 709 721 758 fer
744 728 896 775 opem,
922 708 1155 757 mitissima
1169 745 1181 765 ‚
1204 707 1353 755 rebus.
1380 730 1402 750 »

1476 722 1541 755 380

108 791 236 839 Mota
260 790 355 838 Dea
372 785 462 847 est‘;
487 799 742 853 sortemque
771 786 923 835 dedit:
947 810 968 830 «
995 785 1221 835 Discedite
1244 783 1439 851 templo;

111 891 135 912 »
159 869 222 917 Et
241 866 383 916 velate
407 877 541 933 caput
555 903 566 923 ‚
591 865 844 931 cinctasque
865 864 1071 913 resolvite
1095 876 1238 912 vestes
1259 884 1270 922 ;

112 967 137 990 »
166 946 372 1012 Ossaque
398 954 505 1011 post
529 954 701 1005 tergum
725 961 893 1005 magnae
914 943 1072 1008 jactate
1091 942 1299 1009 parentis.
1321 963 1344 984 »

113 1023 404 1090 Obstupuere
428 1021 506 1070 diu
521 1058 533 1079 ‚
554 1019 811 1086 rumpitque
835 1020 1009 1068 silentia
1031 1038 1138 1068 voce

114 1100 287 1169 Pyrrha
306 1099 454 1167 prior,
476 1097 700 1164 jussisque
724 1098 829 1145 Deae
852 1115 1006 1163 parere
1030 1107 1203 1144 recusat
1224 1115 1234 1143 :

111 1238 302 1274 lectionem
331 1249 408 1272 non
437 1234 656 1270 restituerint
674 1248 684 1277 ;
715 1246 801 1268 nam

117 1299 198 1338 apta
213 1291 363 1326 videtur.
379 1291 446 1325 Ed.

157 1344 234 1390 375.
265 1345 415 1388 Tetigere
428 1343 565 1387 gradus.
586 1342 669 1376 Jam
687 1353 800 1387 quum

116 1395 250 1443 templa
276 1395 486 1442 plerumque
511 1394 550 1429 in
575 1393 652 1429 loco
678 1393 774 1428 edito
787 1419 797 1437 ‚

113 1452 302 1498 κρηκίὼμα
308 1446 404 1482 dicto
413 1473 423 1492 ,
437 1445 696 1483 aedificarentur
706 1472 715 1490 ,
729 1458 800 1491 quo

110 1500 240 1535 melius
271 1498 424 1545 conspici
456 1505 598 1544 possent
616 1524 625 1542 ,
672 1500 801 1542 gradus

114 1553 222 1588 etiam
231 1551 272 1587 iis
282 1550 503 1586 addebantur
514 1577 524 1595 ,
541 1550 601 1596 qui
615 1549 671 1585 vel
683 1557 800 1585 totum

114 1603 288 1651 templum
299 1603 482 1638 ambibunt
494 1629 504 1647 ,
521 1602 577 1637 vel
591 1602 706 1647 januis
721 1602 802 1637 solis

113 1655 341 1693 adhaerebant
355 1669 365 1698 ;
383 1655 420 1690 in
438 1655 549 1700 iisque
566 1653 688 1690 sedere
704 1655 801 1701 plebs

113 1708 258 1745 solebat.
287 1706 380 1742 Vide
402 1706 690 1742 Winkelmanni
715 1707 801 1742 An-

115 1763 317 1806 merkungen
343 1762 424 1794 fiber
454 1762 509 1794 die
532 1761 717 1794 Baukunsl
745 1762 807 1795 der

116 1815 232 1855 Auen,
243 1826 276 1859 p.
289 1814 343 1858 45.
353 1811 578 1848 Deucalionis
588 1819 707 1847 tamen
717 1819 802 1847 tem-

118 1879 204 1914 pore
216 1866 296 1902 talia
306 1872 518 1901 ornamenta
527 1865 691 1900 nondum
702 1873 804 1902 erant

117 1919 278 1965 templis;
301 1925 338 1954 et
353 1918 535 1954 oraculum
551 1918 637 1953 illud
657 1919 748 1954 sorte
765 1919 803 1953 in

126 1977 230 2006 antro
242 1970 364 2006 sedem
381 1970 539 2005 habebat.

162 2023 241 2070 376.
251 2025 383 2058 Panas
393 2024 495 2057 dedit.
511 2022 623 2067 Quasi
633 2029 805 2068 praesente

122 2074 271 2110 numine
285 2100 296 2119 ,
325 2073 472 2109 horrore
499 2074 654 2120 quodam
676 2073 806 2119 perfusi

123 2133 160 2161 et
175 2125 428 2161 venerabundi.
451 2127 517 2159 Ed.

165 2177 243 2225 377.
261 2180 372 2223 Atque
384 2180 437 2211 ita
450 2190 548 2212 nunc
563 2190 634 2213 esse
649 2177 807 2212 voventis

122 2229 313 2265 formulam
325 2255 335 2274 ,
349 2229 533 2265 contendit
550 2230 746 2264 Burmann.
763 2229 805 2264 ad

126 2281 201 2316 Vll
215 2307 225 2325 ,
244 2283 320 2316 510.
335 2281 492 2316 Fallitur.
511 2281 632 2316 Potest
646 2281 701 2317 hic
717 2294 809 2327 quo-

123 2348 192 2381 que
202 2361 212 2380 ,
227 2342 267 2370 ut
281 2347 368 2370 vers.
382 2335 458 2378 228,
469 2335 578 2380 accipi
588 2361 597 2379 ,
612 2348 682 2381 quo
693 2336 784 2370 sacto
795 2363 805 2381 ‚

123 2388 304 2423 turm—Si
313 2394 377 2422 etc.
389 2386 484 2422 Talis
494 2387 649 2422 conditio
660 2388 809 2434 plerum-

125 2452 195 2486 que
215 2440 374 2486 preeibus
389 2439 614 2485 praemittitur
626 2466 635 2484 ‚
661 2447 701 2475 ut
718 2442 782 2485 545
798 2466 808 2485 ,

125 2498 163 2527 et
175 2491 248 2527 Vll
261 2518 270 2532 ,
286 2491 373 2534 6153
391 2491 640 2538 Virg.AEneid.
655 2493 690 2528 ll
705 2518 714 2536 ,
732 2493 809 2541 689.

128 2545 171 2580 ln
181 2544 235 2580 his
245 2547 282 2580 si
289 2551 341 2580 est
351 2570 363 2588 ,
382 2545 558 2590 quoniam.
569 2565 614 2572 —
622 2548 747 2581 Mersis
756 2561 811 2582 re-

126 2599 191 2632 bus
201 2623 212 2638 ,
227 2597 376 2632 miseriae
387 2604 532 2639 nostrae,
549 2599 641 2634 sorte
652 2612 733 2634 cum
745 2612 811 2633 re-

128 2655 250 2694 spectu
260 2648 303 2684 ad
315 2648 504 2683 diluvium:
518 2649 615 2695 Virg.
631 2650 715 2685 AEn.
733 2651 786 2686 XI
800 2677 810 2695 ,

127 2701 206 2747 335,
216 2704 314 2736 rebus
323 2706 505 2737 succurrite
504 2702 748 2748 fessis‚·Tibul.
761 2703 810 2746 ΙΙ,

127 2763 175 2789 111
186 2779 195 2798 ,
209 2767 228 2789 a
234 2767 247 2789 ι
253 2780 264 2800 ,
274 2757 531 2800 trepeklespetcre
541 2757 680 2790 oracula
690 2757 788 2791 rebus
797 2766 812 2805 3

1480 1106 1547 1143 385

867 1235 1008 1279 Noster,
1028 1235 1062 1275 l,
1078 1234 1185 1269 Trist.
1200 1244 1258 1278 lv,
1270 1233 1319 1268 ‘35
1329 1259 1339 1278 ,
1355 1234 1453 1268 rebus
1467 1245 1549 1268 suc-

865 1291 986 1322 currt'le
999 1289 1118 1331 lapsis.

910 1340 987 1374 382.
1027 1341 1228 1383 cinctasque
1258 1339 1420 1372 resolvite.
1462 1337 1549 1372 Duo

867 1391 1005 1427 Heinsii
1027 1397 1064 1426 et
1087 1403 1178 1425 unus
1199 1390 1332 1424 Moreti
1355 1393 1550 1436 cinctasque

864 1447 1040 1489 recingile,
1067 1443 1162 1489 quod
1180 1442 1403 1477 adblanditur
1424 1443 1550 1478 Burm-

866 1506 907 1534 ut
929 1513 970 1534 ex
992 1511 1092 1534 more
1118 1498 1296 1534 Ovidiano
1319 1497 1463 1533 dictum.
1499 1499 1550 1534 At

866 1563 941 1585 non
964 1551 1012 1586 sic
1035 1549 1141 1586 Ovid.
1162 1550 1267 1585 verba
1282 1550 1421 1595 repetit.
1443 1550 1551 1585 Geb-

866 1603 965 1638 hard.
987 1604 1025 1648 I,
1053 1603 1160 1648 Crep.
1178 1618 1196 1637 2
1210 1629 1219 1647 ‚
1248 1603 1421 1646 malebat,
1439 1616 1550 1638 cunc-

866 1662 984 1702 iusque
998 1660 1165 1701 recingt'le.
1182 1656 1331 1690 Veteres
1347 1669 1458 1701 quum
1472 1669 1551 1690 rem

867 1722 1001 1745 sacram
1024 1715 1254 1755 peragerent,
1281 1713 1385 1752 caput
1406 1716 1521 1743 totum
1540 1736 1550 1752 ,

869 1771 997 1810 praeter
1023 1775 1061 1797 os
1077 1789 1087 1807 ,
1119 1765 1287 1797 velamine
1311 1761 1465 1807 quodam
1491 1769 1553 1797 aut

869 1817 997 1850 amictu
1024 1815 1229 1861 operiebant
1250 1840 1260 1858 ‚
1298 1827 1343 1848 ne
1377 1814 1467 1848 sorte
1490 1827 1553 1848 res

869 1867 951 1901 mali
964 1866 1091 1901 ominis
1101 1879 1159 1901 eos
1172 1866 1347 1900 turbaret:
1358 1865 1455 1911 Virg.
1468 1865 1552 1899 AEn.

871 1920 947 1963 111,
967 1921 1032 1963 405
1049 1932 1122 1964 sqq.
1137 1944 1146 1961 ,
1164 1918 1281 1962 ibique
1301 1918 1420 1965 Heyn.
1437 1925 1473 1952 et
1490 1918 1553 1952 Er-

870 1971 961 2006 nesti
981 1970 1077 2005 Clav.
1097 1969 1171 2004 Cic.
1190 1969 1228 2003 in
1246 1972 1388 2004 velatus.
1411 1970 1551 2005 Iidem-

872 2036 940 2068 que
952 2028 1062 2057 vestes
1077 2026 1208 2057 ct'nctas
1221 2025 1443 2063 resolvebant,
1465 2037 1554 2058 zona

871 2075 983 2110 soluta
997 2102 1007 2119 ‚
1033 2075 1113 2120 quia
1136 2075 1172 2108 in
1191 2074 1294 2109 sacris
1316 2074 1404 2109 nihil
1419 2075 1554 2122 religa-

873 2134 950 2163 tum
962 2140 1034 2162 esse
1051 2126 1209 2161 debebat.

916 2180 992 2214 383.
1012 2181 1165 2224 Ossaque
1171 2183 1253 2224 pos!
1260 2184 1395 2224 tergam.
1411 2179 1467 2214 Cs.
1479 2194 1554 2216 ora·

872 2231 992 2266 culum
1014 2231 1216 2277 Tarquiniis
1230 2239 1265 2266 et
1282 2233 1394 2267 Bruto
1410 2232 1554 2277 datum,

873 2284 948 2319 Liv.
974 2285 1013 2328 I,
1041 2284 1083 2318 56
1108 2299 1117 2326 ς
1149 2284 1244 2318 unde
1267 2285 1439 2320 Nostrum
1464 2285 1556 2320 hane

874 2345 1005 2374 sortem
1018 2338 1178 2373 sumsisse
1194 2344 1293 2384 putat
1306 2338 1438 2372 Muret.
1452 2338 1555 2373 Varr.

874 2389 971 2424 Lect.
988 2390 1021 2424 X
1034 2416 1044 2434 ,
1065 2404 1114 2424 ιι.
1133 2389 1227 2424 Male
1240 2416 1250 2433 ‚
1268 2390 1347 2434 quia
1365 2389 1471 2424 ovid.
1489 2390 1556 2426 hoc

874 2444 1056 2479 oraculum
1076 2456 1150 2478 non
1171 2443 1271 2478 finxit
1283 2470 1292 2485 ,
1315 2442 1375 2477 sed
1390 2456 1408 2477 a
1425 2443 1557 2479 Graecis

875 2494 1044 2530 traditum
1069 2495 1209 2540 accepit.
1239 2494 1308 2528 Sed
1332 2494 1456 2530 melius
1479 2503 1554 2541 est,

876 2547 970 2594 quod
991 2547 1087 2582 idem
1107 2547 1238 2582 ibidem
1254 2555 1399 2591 monet,
1424 2548 1555 2594 lapides

878 2600 984 2634 etiam
1002 2600 1157 2645 Tragicis
1173 2600 1240 2634 dici
1256 2608 1311 2644 γῗς
1328 2604 1413 2643 ὅςεοε.

920 2652 995 2695 384.
1011 2653 1210 2696 Ιίιιιιιμιῖᾳνε
1215 2655 1352 2687 silentia
1363 2666 1452 2688 voce.
1465 2654 1556 2690 Redi
1565 2674 1574 2679 ν

878 2703 920 2739 ad
938 2703 996 2738 lib.
1016 2703 1055 2747 I,
1075 2703 1152 2738 Art.
1172 2704 1289 2739 Amat.
1303 2718 1335 2739 v.
1352 2705 1428 2754 329.
1444 2708 1511 2741 Ed.

921 2756 996 2790 385.
1018 2758 1149 2803 Pyrrha
1168 2761 1283 2803 prior,
1317 2758 1398 2802 quia
1423 2758 1558 2793 mulie-
