<?xml version="1.0" encoding="UTF-8"?>
<!DOCTYPE html PUBLIC "-//W3C//DTD XHTML 1.0 Transitional//EN"
    "http://www.w3.org/TR/xhtml1/DTD/xhtml1-transitional.dtd">
<html xmlns="http://www.w3.org/1999/xhtml" xml:lang="en" lang="en">
 <head>
  <title>
</title>
<meta http-equiv="Content-Type" content="text/html;charset=utf-8" />
  <meta name='ocr-system' content='tesseract 3.04.00' />
  <meta name='ocr-capabilities' content='ocr_page ocr_carea ocr_par ocr_line ocrx_word'/>
</head>
<body>
  <div class='ocr_page' id='page_1' title='image "./quaeextantomniao03oviduoft_0560.png"; bbox 0 0 1832 3100; ppageno 0'>
   <div class='ocr_carea' id='block_1_1' title="bbox 291 219 377 261">
    <p class='ocr_par' dir='ltr' id='par_1_1' title="bbox 291 219 377 261">
     <span class='ocr_line' id='line_1_1' title="bbox 291 219 377 261; baseline 0 0"><span class='ocrx_word' id='word_1_1' title='bbox 291 219 377 261; x_wconf 81' lang='lat'><strong>528</strong></span> 
     </span>
    </p>
   </div>
   <div class='ocr_carea' id='block_1_2' title="bbox 659 218 1332 264">
    <p class='ocr_par' dir='ltr' id='par_1_2' title="bbox 659 218 1332 264">
     <span class='ocr_line' id='line_1_2' title="bbox 659 218 1332 264; baseline 0.006 -5"><span class='ocrx_word' id='word_1_2' title='bbox 659 219 709 260; x_wconf 90' lang='lat' dir='ltr'><strong>P.</strong></span> <span class='ocrx_word' id='word_1_3' title='bbox 754 219 990 264; x_wconf 91' lang='lat' dir='ltr'>OVIDII</span> <span class='ocrx_word' id='word_1_4' title='bbox 1026 218 1332 263; x_wconf 85' lang='lat' dir='ltr'><strong>NASONIS</strong></span> 
     </span>
    </p>
   </div>
   <div class='ocr_carea' id='block_1_3' title="bbox 289 310 1635 606">
    <p class='ocr_par' dir='ltr' id='par_1_3' title="bbox 291 310 1337 375">
     <span class='ocr_line' id='line_1_3' title="bbox 291 310 1337 375; baseline 0.001 -18"><span class='ocrx_word' id='word_1_5' title='bbox 291 311 566 375; x_wconf 85' lang='lat' dir='ltr'><strong>Rugosoque</strong></span> <span class='ocrx_word' id='word_1_6' title='bbox 593 328 720 358; x_wconf 91' lang='lat' dir='ltr'><strong>suum</strong></span> <span class='ocrx_word' id='word_1_7' title='bbox 746 323 964 360; x_wconf 87' lang='lat' dir='ltr'><strong>servantes</strong></span> <span class='ocrx_word' id='word_1_8' title='bbox 988 312 1149 360; x_wconf 86' lang='lat' dir='ltr'><strong>cortice</strong></span> <span class='ocrx_word' id='word_1_9' title='bbox 1173 310 1337 360; x_wconf 86' lang='lat' dir='ltr'><strong>callem.</strong></span> 
     </span>
    </p>

    <p class='ocr_par' dir='ltr' id='par_1_4' title="bbox 289 386 1635 606">
     <span class='ocr_line' id='line_1_4' title="bbox 289 386 1635 454; baseline 0.002 -21"><span class='ocrx_word' id='word_1_10' title='bbox 289 387 410 434; x_wconf 91' lang='lat' dir='ltr'><strong>Dum</strong></span> <span class='ocrx_word' id='word_1_11' title='bbox 431 405 660 434; x_wconf 91' lang='lat' dir='ltr'><strong>numerum</strong></span> <span class='ocrx_word' id='word_1_12' title='bbox 683 386 840 444; x_wconf 87' lang='lat' dir='ltr'><strong>miror;</strong></span> <span class='ocrx_word' id='word_1_13' title='bbox 865 409 887 430; x_wconf 91' lang='lat'>«</span> <span class='ocrx_word' id='word_1_14' title='bbox 909 388 1137 445; x_wconf 79' lang='lat' dir='ltr'><strong>Totidem,</strong></span> <span class='ocrx_word' id='word_1_15' title='bbox 1160 401 1284 454; x_wconf 90' lang='lat' dir='ltr'><strong>pater</strong></span> <span class='ocrx_word' id='word_1_16' title='bbox 1303 388 1467 454; x_wconf 88' lang='lat' dir='ltr'><strong>optime</strong></span> <span class='ocrx_word' id='word_1_17' title='bbox 1481 424 1493 445; x_wconf 88' lang='lat'>‚</span> <span class='ocrx_word' id='word_1_18' title='bbox 1519 387 1635 447; x_wconf 84' lang='lat' dir='ltr'><strong>dixi,</strong></span> 
     </span>
     <span class='ocr_line' id='line_1_5' title="bbox 294 463 1446 530; baseline 0.001 -20"><span class='ocrx_word' id='word_1_19' title='bbox 294 486 318 506; x_wconf 73' lang='lat'><strong>2&gt;</strong></span> <span class='ocrx_word' id='word_1_20' title='bbox 345 464 416 510; x_wconf 94' lang='lat' dir='ltr'><strong>Tu</strong></span> <span class='ocrx_word' id='word_1_21' title='bbox 439 463 546 511; x_wconf 84' lang='lat' dir='ltr'><strong>mihi</strong></span> <span class='ocrx_word' id='word_1_22' title='bbox 572 463 627 510; x_wconf 89' lang='lat' dir='ltr'><strong>da</strong></span> <span class='ocrx_word' id='word_1_23' title='bbox 648 463 763 511; x_wconf 88' lang='lat' dir='ltr'><strong>cives</strong></span> <span class='ocrx_word' id='word_1_24' title='bbox 778 500 789 521; x_wconf 86' lang='lat'><strong><em>,</em></strong></span> <span class='ocrx_word' id='word_1_25' title='bbox 817 476 860 512; x_wconf 87' lang='lat' dir='ltr'><strong>et</strong></span> <span class='ocrx_word' id='word_1_26' title='bbox 883 463 1029 512; x_wconf 87' lang='lat' dir='ltr'><strong>inania</strong></span> <span class='ocrx_word' id='word_1_27' title='bbox 1050 465 1209 512; x_wconf 88' lang='lat' dir='ltr'><strong>moenia</strong></span> <span class='ocrx_word' id='word_1_28' title='bbox 1230 464 1398 530; x_wconf 88' lang='lat' dir='ltr'><strong>supple.</strong></span> <span class='ocrx_word' id='word_1_29' title='bbox 1424 486 1446 506; x_wconf 92' lang='lat'>»</span> 
     </span>
     <span class='ocr_line' id='line_1_6' title="bbox 289 540 1438 606; baseline -0.001 -18"><span class='ocrx_word' id='word_1_30' title='bbox 289 540 549 598; x_wconf 81' lang='lat' dir='ltr'><strong>Intremuit,</strong></span> <span class='ocrx_word' id='word_1_31' title='bbox 575 540 793 606; x_wconf 83' lang='lat' dir='ltr'>ramisque</span> <span class='ocrx_word' id='word_1_32' title='bbox 818 560 976 589; x_wconf 89' lang='lat' dir='ltr'><strong>sonum</strong></span> <span class='ocrx_word' id='word_1_33' title='bbox 999 540 1090 588; x_wconf 87' lang='lat' dir='ltr'><strong>sine</strong></span> <span class='ocrx_word' id='word_1_34' title='bbox 1113 541 1283 588; x_wconf 86' lang='lat' dir='ltr'><strong>flamine</strong></span> <span class='ocrx_word' id='word_1_35' title='bbox 1307 540 1438 588; x_wconf 89' lang='lat' dir='ltr'><strong>motis</strong></span> 
     </span>
    </p>
   </div>
   <div class='ocr_carea' id='block_1_4' title="bbox 289 617 1485 683">
    <p class='ocr_par' dir='ltr' id='par_1_5' title="bbox 289 617 1485 683">
     <span class='ocr_line' id='line_1_7' title="bbox 289 617 1485 683; baseline 0.002 -19"><span class='ocrx_word' id='word_1_36' title='bbox 289 617 394 665; x_wconf 83' lang='lat' dir='ltr'><strong>Alta</strong></span> <span class='ocrx_word' id='word_1_37' title='bbox 417 617 537 665; x_wconf 84' lang='lat' dir='ltr'><strong>dedit</strong></span> <span class='ocrx_word' id='word_1_38' title='bbox 563 636 748 683; x_wconf 89' lang='lat' dir='ltr'><strong>quercus</strong></span> <span class='ocrx_word' id='word_1_39' title='bbox 771 637 779 664; x_wconf 92' lang='grc'>;</span> <span class='ocrx_word' id='word_1_40' title='bbox 799 617 959 683; x_wconf 80' lang='lat' dir='ltr'><strong>pavido</strong></span> <span class='ocrx_word' id='word_1_41' title='bbox 981 618 1092 666; x_wconf 85' lang='lat' dir='ltr'><strong>mihi</strong></span> <span class='ocrx_word' id='word_1_42' title='bbox 1112 619 1307 666; x_wconf 89' lang='lat' dir='ltr'><strong>membra</strong></span> <span class='ocrx_word' id='word_1_43' title='bbox 1331 619 1485 666; x_wconf 90' lang='lat' dir='ltr'><strong>timore</strong></span> 
     </span>
    </p>
   </div>
   <div class='ocr_carea' id='block_1_5' title="bbox 1630 633 1697 668">
    <p class='ocr_par' dir='ltr' id='par_1_6' title="bbox 1630 633 1697 668">
     <span class='ocr_line' id='line_1_8' title="bbox 1630 633 1697 668; baseline -0.03 0"><span class='ocrx_word' id='word_1_44' title='bbox 1630 633 1697 668; x_wconf 77' lang='lat'><strong>63⁰</strong></span> 
     </span>
    </p>
   </div>
   <div class='ocr_carea' id='block_1_6' title="bbox 287 693 1701 1372">
    <p class='ocr_par' dir='ltr' id='par_1_7' title="bbox 290 693 1582 837">
     <span class='ocr_line' id='line_1_9' title="bbox 290 693 1582 760; baseline 0.001 -18"><span class='ocrx_word' id='word_1_45' title='bbox 290 697 568 743; x_wconf 88' lang='lat' dir='ltr'><strong>Horruerant</strong></span> <span class='ocrx_word' id='word_1_46' title='bbox 583 731 595 752; x_wconf 85' lang='lat'>‚</span> <span class='ocrx_word' id='word_1_47' title='bbox 620 695 883 760; x_wconf 80' lang='lat' dir='ltr'><strong>stabantque</strong></span> <span class='ocrx_word' id='word_1_48' title='bbox 907 714 1040 742; x_wconf 88' lang='lat' dir='ltr'><strong>comae</strong></span> <span class='ocrx_word' id='word_1_49' title='bbox 1064 714 1072 741; x_wconf 91' lang='lat'>:</span> <span class='ocrx_word' id='word_1_50' title='bbox 1096 706 1240 742; x_wconf 89' lang='lat' dir='ltr'><strong>tamen</strong></span> <span class='ocrx_word' id='word_1_51' title='bbox 1263 693 1411 742; x_wconf 88' lang='lat' dir='ltr'><strong>oscula</strong></span> <span class='ocrx_word' id='word_1_52' title='bbox 1432 706 1554 743; x_wconf 86' lang='lat' dir='ltr'><strong>terrae</strong></span> <span class='ocrx_word' id='word_1_53' title='bbox 1570 731 1582 753; x_wconf 88' lang='lat'>‚</span> 
     </span>
     <span class='ocr_line' id='line_1_10' title="bbox 290 770 1403 837; baseline -0.003 -17"><span class='ocrx_word' id='word_1_54' title='bbox 290 772 641 837; x_wconf 84' lang='lat' dir='ltr'><strong>Roboribusque</strong></span> <span class='ocrx_word' id='word_1_55' title='bbox 666 771 764 819; x_wconf 87' lang='lat' dir='ltr'><strong>dedi</strong></span> <span class='ocrx_word' id='word_1_56' title='bbox 786 792 796 818; x_wconf 88' lang='lat'>:</span> <span class='ocrx_word' id='word_1_57' title='bbox 816 790 896 820; x_wconf 87' lang='lat' dir='ltr'><strong>nec</strong></span> <span class='ocrx_word' id='word_1_58' title='bbox 920 790 988 819; x_wconf 86' lang='lat' dir='ltr'><strong>me</strong></span> <span class='ocrx_word' id='word_1_59' title='bbox 1014 789 1186 836; x_wconf 84' lang='lat' dir='ltr'><strong>sperare</strong></span> <span class='ocrx_word' id='word_1_60' title='bbox 1210 770 1403 827; x_wconf 78' lang='lat' dir='ltr'><strong>fatebar3</strong></span> 
     </span>
    </p>

    <p class='ocr_par' dir='ltr' id='par_1_8' title="bbox 287 846 1524 915">
     <span class='ocr_line' id='line_1_11' title="bbox 287 846 1524 915; baseline -0.001 -20"><span class='ocrx_word' id='word_1_61' title='bbox 287 849 528 915; x_wconf 82' lang='lat' dir='ltr'>Sperabam</span> <span class='ocrx_word' id='word_1_62' title='bbox 550 860 720 905; x_wconf 73' lang='lat' dir='ltr'><strong>tamen,</strong></span> <span class='ocrx_word' id='word_1_63' title='bbox 745 860 875 914; x_wconf 85' lang='lat' dir='ltr'><strong>atque</strong></span> <span class='ocrx_word' id='word_1_64' title='bbox 900 848 1046 895; x_wconf 88' lang='lat' dir='ltr'><strong>animo</strong></span> <span class='ocrx_word' id='word_1_65' title='bbox 1073 867 1165 895; x_wconf 92' lang='lat' dir='ltr'><strong>mea</strong></span> <span class='ocrx_word' id='word_1_66' title='bbox 1185 859 1285 894; x_wconf 84' lang='lat' dir='ltr'><strong>vota</strong></span> <span class='ocrx_word' id='word_1_67' title='bbox 1308 846 1524 903; x_wconf 85' lang='lat' dir='ltr'><strong>fovebam.</strong></span> 
     </span>
    </p>

    <p class='ocr_par' dir='ltr' id='par_1_9' title="bbox 287 924 1397 990">
     <span class='ocr_line' id='line_1_12' title="bbox 287 924 1397 990; baseline -0.001 -17"><span class='ocrx_word' id='word_1_68' title='bbox 287 927 388 973; x_wconf 80' lang='lat' dir='ltr'><strong>Nox</strong></span> <span class='ocrx_word' id='word_1_69' title='bbox 412 924 559 982; x_wconf 82' lang='lat' dir='ltr'><strong>subit,</strong></span> <span class='ocrx_word' id='word_1_70' title='bbox 584 936 628 971; x_wconf 89' lang='lat' dir='ltr'><strong>et</strong></span> <span class='ocrx_word' id='word_1_71' title='bbox 649 925 765 972; x_wconf 82' lang='lat' dir='ltr'><strong>curis</strong></span> <span class='ocrx_word' id='word_1_72' title='bbox 790 925 977 973; x_wconf 80' lang='lat' dir='ltr'><strong>exercita</strong></span> <span class='ocrx_word' id='word_1_73' title='bbox 1001 943 1189 990; x_wconf 90' lang='lat' dir='ltr'><strong>corpora</strong></span> <span class='ocrx_word' id='word_1_74' title='bbox 1213 943 1397 972; x_wconf 87' lang='lat' dir='ltr'><strong>somnus</strong></span> 
     </span>
    </p>

    <p class='ocr_par' dir='ltr' id='par_1_10' title="bbox 288 998 1701 1143">
     <span class='ocr_line' id='line_1_13' title="bbox 291 998 1701 1067; baseline -0.001 -17"><span class='ocrx_word' id='word_1_75' title='bbox 291 1004 493 1067; x_wconf 85' lang='lat' dir='ltr'><strong>Occupat</strong></span> <span class='ocrx_word' id='word_1_76' title='bbox 514 1021 523 1048; x_wconf 78' lang='grc' dir='ltr'>ε</span> <span class='ocrx_word' id='word_1_77' title='bbox 545 1012 644 1048; x_wconf 88' lang='lat' dir='ltr'><strong>ante</strong></span> <span class='ocrx_word' id='word_1_78' title='bbox 670 1000 824 1049; x_wconf 91' lang='lat' dir='ltr'><strong>oculos</strong></span> <span class='ocrx_word' id='word_1_79' title='bbox 846 1001 994 1049; x_wconf 90' lang='lat' dir='ltr'><strong>eadem</strong></span> <span class='ocrx_word' id='word_1_80' title='bbox 1018 1001 1127 1049; x_wconf 87' lang='lat' dir='ltr'><strong>mihi</strong></span> <span class='ocrx_word' id='word_1_81' title='bbox 1153 1020 1338 1067; x_wconf 89' lang='lat' dir='ltr'><strong>quercus</strong></span> <span class='ocrx_word' id='word_1_82' title='bbox 1362 1001 1510 1050; x_wconf 86' lang='lat' dir='ltr'><strong>adesse</strong></span> <span class='ocrx_word' id='word_1_83' title='bbox 1525 1038 1538 1059; x_wconf 84' lang='lat'>‚</span> <span class='ocrx_word' id='word_1_84' title='bbox 1635 998 1701 1051; x_wconf 77' lang='lat'><strong>635</strong></span> 
     </span>
     <span class='ocr_line' id='line_1_14' title="bbox 288 1076 1425 1143; baseline 0 -18"><span class='ocrx_word' id='word_1_85' title='bbox 288 1080 349 1125; x_wconf 78' lang='lat' dir='ltr'><strong>Et</strong></span> <span class='ocrx_word' id='word_1_86' title='bbox 368 1096 514 1126; x_wconf 88' lang='lat' dir='ltr'><strong>ramos</strong></span> <span class='ocrx_word' id='word_1_87' title='bbox 538 1077 747 1135; x_wconf 83' lang='lat' dir='ltr'><strong>totidem3</strong></span> <span class='ocrx_word' id='word_1_88' title='bbox 773 1077 1044 1143; x_wconf 87' lang='lat' dir='ltr'><strong>totidemque</strong></span> <span class='ocrx_word' id='word_1_89' title='bbox 1071 1076 1271 1125; x_wconf 86' lang='lat' dir='ltr'><strong>animalia</strong></span> <span class='ocrx_word' id='word_1_90' title='bbox 1294 1077 1425 1125; x_wconf 90' lang='lat' dir='ltr'><strong>ramis</strong></span> 
     </span>
    </p>

    <p class='ocr_par' dir='ltr' id='par_1_11' title="bbox 288 1154 1526 1372">
     <span class='ocr_line' id='line_1_15' title="bbox 288 1154 1492 1224; baseline -0.002 -20"><span class='ocrx_word' id='word_1_91' title='bbox 288 1158 418 1204; x_wconf 88' lang='lat' dir='ltr'><strong>Ferre</strong></span> <span class='ocrx_word' id='word_1_92' title='bbox 444 1155 534 1203; x_wconf 88' lang='lat' dir='ltr'><strong>suis</strong></span> <span class='ocrx_word' id='word_1_93' title='bbox 556 1155 647 1204; x_wconf 89' lang='lat' dir='ltr'><strong>visa</strong></span> <span class='ocrx_word' id='word_1_94' title='bbox 671 1166 764 1211; x_wconf 87' lang='lat' dir='ltr'><strong>est;</strong></span> <span class='ocrx_word' id='word_1_95' title='bbox 791 1154 1042 1221; x_wconf 82' lang='lat' dir='ltr'><strong>pariterque</strong></span> <span class='ocrx_word' id='word_1_96' title='bbox 1070 1154 1316 1202; x_wconf 85' lang='lat' dir='ltr'><strong>tremiscere</strong></span> <span class='ocrx_word' id='word_1_97' title='bbox 1342 1166 1492 1224; x_wconf 32' lang='lat' dir='ltr'><strong>motu-3</strong></span> 
     </span>
     <span class='ocr_line' id='line_1_16' title="bbox 293 1225 1526 1297; baseline -0.001 -18"><span class='ocrx_word' id='word_1_98' title='bbox 293 1231 655 1297; x_wconf 87' lang='lat' dir='ltr'><strong>Graniferumque</strong></span> <span class='ocrx_word' id='word_1_99' title='bbox 678 1250 833 1293; x_wconf 85' lang='lat' dir='ltr'><strong>agmen</strong></span> <span class='ocrx_word' id='word_1_100' title='bbox 857 1230 1065 1295; x_wconf 86' lang='lat' dir='ltr'><strong>subjectis</strong></span> <span class='ocrx_word' id='word_1_101' title='bbox 1087 1249 1287 1296; x_wconf 80' lang='lat' dir='ltr'><strong>spargere</strong></span> <span class='ocrx_word' id='word_1_102' title='bbox 1315 1230 1359 1277; x_wconf 90' lang='lat' dir='ltr'><strong>in</strong></span> <span class='ocrx_word' id='word_1_103' title='bbox 1383 1225 1496 1279; x_wconf 88' lang='lat' dir='ltr'><strong>arvis</strong></span> <span class='ocrx_word' id='word_1_104' title='bbox 1517 1251 1526 1278; x_wconf 92' lang='lat'><strong>:</strong></span> 
     </span>
     <span class='ocr_line' id='line_1_17' title="bbox 293 1306 1502 1372; baseline -0.002 -16"><span class='ocrx_word' id='word_1_105' title='bbox 293 1309 495 1357; x_wconf 87' lang='lat' dir='ltr'><strong>Crescere</strong></span> <span class='ocrx_word' id='word_1_106' title='bbox 521 1306 642 1372; x_wconf 92' lang='lat' dir='ltr'><strong>quod</strong></span> <span class='ocrx_word' id='word_1_107' title='bbox 667 1306 840 1363; x_wconf 84' lang='lat' dir='ltr'><strong>subito,</strong></span> <span class='ocrx_word' id='word_1_108' title='bbox 867 1318 910 1353; x_wconf 86' lang='lat' dir='ltr'><strong>et</strong></span> <span class='ocrx_word' id='word_1_109' title='bbox 932 1307 1070 1371; x_wconf 87' lang='lat' dir='ltr'><strong>majus</strong></span> <span class='ocrx_word' id='word_1_110' title='bbox 1090 1308 1316 1372; x_wconf 88' lang='lat' dir='ltr'><strong>majusque</strong></span> <span class='ocrx_word' id='word_1_111' title='bbox 1339 1306 1502 1364; x_wconf 82' lang='lat' dir='ltr'><strong>videri,</strong></span> 
     </span>
    </p>
   </div>
   <div class='ocr_carea' id='block_1_7' title="bbox 289 1383 1463 1449">
    <p class='ocr_par' dir='ltr' id='par_1_12' title="bbox 289 1383 1463 1449">
     <span class='ocr_line' id='line_1_18' title="bbox 289 1383 1463 1449; baseline -0.001 -17"><span class='ocrx_word' id='word_1_112' title='bbox 289 1386 355 1432; x_wconf 91' lang='lat' dir='ltr'><strong>Ac</strong></span> <span class='ocrx_word' id='word_1_113' title='bbox 380 1403 424 1432; x_wconf 92' lang='lat' dir='ltr'><strong>se</strong></span> <span class='ocrx_word' id='word_1_114' title='bbox 449 1383 601 1431; x_wconf 84' lang='lat' dir='ltr'><strong>tollere</strong></span> <span class='ocrx_word' id='word_1_115' title='bbox 622 1383 786 1440; x_wconf 81' lang='lat' dir='ltr'><strong>humo3</strong></span> <span class='ocrx_word' id='word_1_116' title='bbox 810 1395 1017 1449; x_wconf 87' lang='lat' dir='ltr'><strong>rectoque</strong></span> <span class='ocrx_word' id='word_1_117' title='bbox 1043 1383 1250 1432; x_wconf 80' lang='lat' dir='ltr'><strong>adsistere</strong></span> <span class='ocrx_word' id='word_1_118' title='bbox 1278 1395 1434 1431; x_wconf 88' lang='lat' dir='ltr'><strong>trunco</strong></span> <span class='ocrx_word' id='word_1_119' title='bbox 1454 1402 1463 1440; x_wconf 91' lang='lat'>;</span> 
     </span>
    </p>
   </div>
   <div class='ocr_carea' id='block_1_8' title="bbox 1565 1388 1701 1442">
    <p class='ocr_par' dir='ltr' id='par_1_13' title="bbox 1565 1388 1701 1442">
     <span class='ocr_line' id='line_1_19' title="bbox 1565 1388 1701 1442; baseline -0.015 -11"><span class='ocrx_word' id='word_1_120' title='bbox 1565 1388 1568 1392; x_wconf 87' lang='lat'>&#39;</span> <span class='ocrx_word' id='word_1_121' title='bbox 1601 1418 1606 1425; x_wconf 80' lang='grc'><em>.</em></span> <span class='ocrx_word' id='word_1_122' title='bbox 1634 1397 1701 1442; x_wconf 72' lang='lat'><strong>640</strong></span> 
     </span>
    </p>
   </div>
   <div class='ocr_carea' id='block_1_9' title="bbox 289 1459 1598 1594">
    <p class='ocr_par' dir='ltr' id='par_1_14' title="bbox 289 1459 1598 1594">
     <span class='ocr_line' id='line_1_20' title="bbox 290 1459 1598 1526; baseline -0.002 -17"><span class='ocrx_word' id='word_1_123' title='bbox 290 1463 351 1509; x_wconf 88' lang='lat' dir='ltr'><strong>Et</strong></span> <span class='ocrx_word' id='word_1_124' title='bbox 371 1460 552 1509; x_wconf 88' lang='lat' dir='ltr'><strong>maciem</strong></span> <span class='ocrx_word' id='word_1_125' title='bbox 575 1479 892 1526; x_wconf 84' lang='lat' dir='ltr'><strong>numerumque</strong></span> <span class='ocrx_word' id='word_1_126' title='bbox 913 1460 1072 1526; x_wconf 90' lang='lat' dir='ltr'><strong>pedum</strong></span> <span class='ocrx_word' id='word_1_127' title='bbox 1086 1498 1097 1517; x_wconf 91' lang='lat'><strong>‚</strong></span> <span class='ocrx_word' id='word_1_128' title='bbox 1121 1460 1384 1526; x_wconf 82' lang='lat' dir='ltr'><strong>nigrumque</strong></span> <span class='ocrx_word' id='word_1_129' title='bbox 1407 1459 1598 1508; x_wconf 82' lang='lat' dir='ltr'><strong>colorem</strong></span> 
     </span>
     <span class='ocr_line' id='line_1_21' title="bbox 289 1535 1488 1594; baseline 0 -10"><span class='ocrx_word' id='word_1_130' title='bbox 289 1539 488 1594; x_wconf 76' lang='lat' dir='ltr'><strong>Ponere3</strong></span> <span class='ocrx_word' id='word_1_131' title='bbox 510 1549 554 1584; x_wconf 92' lang='lat' dir='ltr'><strong>et</strong></span> <span class='ocrx_word' id='word_1_132' title='bbox 574 1537 810 1585; x_wconf 85' lang='lat' dir='ltr'><strong>humanam</strong></span> <span class='ocrx_word' id='word_1_133' title='bbox 833 1537 1042 1585; x_wconf 87' lang='lat' dir='ltr'><strong>membris</strong></span> <span class='ocrx_word' id='word_1_134' title='bbox 1062 1536 1266 1584; x_wconf 87' lang='lat' dir='ltr'><strong>inducere</strong></span> <span class='ocrx_word' id='word_1_135' title='bbox 1290 1535 1488 1584; x_wconf 86' lang='lat' dir='ltr'><strong>formam.</strong></span> 
     </span>
    </p>
   </div>
   <div class='ocr_carea' id='block_1_10' title="bbox 275 1679 965 2761">
    <p class='ocr_par' dir='ltr' id='par_1_15' title="bbox 275 1679 965 2553">
     <span class='ocr_line' id='line_1_22' title="bbox 287 1679 965 1723; baseline 0 -10"><span class='ocrx_word' id='word_1_136' title='bbox 287 1679 354 1713; x_wconf 85' lang='lat' dir='ltr'><strong>tius</strong></span> <span class='ocrx_word' id='word_1_137' title='bbox 366 1704 375 1722; x_wconf 91' lang='lat'>,</span> <span class='ocrx_word' id='word_1_138' title='bbox 391 1679 408 1713; x_wconf 93' lang='lat' dir='ltr'>I</span> <span class='ocrx_word' id='word_1_139' title='bbox 419 1705 428 1721; x_wconf 90' lang='lat'><strong>,</strong></span> <span class='ocrx_word' id='word_1_140' title='bbox 448 1679 518 1713; x_wconf 86' lang='lat' dir='ltr'><strong>Sat.</strong></span> <span class='ocrx_word' id='word_1_141' title='bbox 536 1690 572 1722; x_wconf 93' lang='lat'><strong>1,</strong></span> <span class='ocrx_word' id='word_1_142' title='bbox 590 1679 632 1712; x_wconf 77' lang='lat'><strong>33</strong></span> <span class='ocrx_word' id='word_1_143' title='bbox 644 1705 653 1721; x_wconf 93' lang='lat'><em>,</em></span> <span class='ocrx_word' id='word_1_144' title='bbox 679 1681 827 1713; x_wconf 70' lang='lat' dir='ltr'><strong>Parvula</strong></span> <span class='ocrx_word' id='word_1_145' title='bbox 848 1684 965 1723; x_wconf 72' lang='lat' dir='ltr'><em>magni</em></span> 
     </span>
     <span class='ocr_line' id='line_1_23' title="bbox 275 1731 955 1776; baseline 0 -12"><span class='ocrx_word' id='word_1_146' title='bbox 275 1731 425 1776; x_wconf 78' lang='lat' dir='ltr'><strong>formica</strong></span> <span class='ocrx_word' id='word_1_147' title='bbox 440 1733 576 1764; x_wconf 76' lang='lat' dir='ltr'><strong>labort&#39;s.</strong></span> <span class='ocrx_word' id='word_1_148' title='bbox 592 1748 635 1755; x_wconf 90' lang='lat'><strong>-—</strong></span> <span class='ocrx_word' id='word_1_149' title='bbox 644 1732 802 1775; x_wconf 73' lang='lat' dir='ltr'><strong>Rugosus</strong></span> <span class='ocrx_word' id='word_1_150' title='bbox 819 1736 932 1765; x_wconf 73' lang='lat' dir='ltr'><strong>cortex</strong></span> <span class='ocrx_word' id='word_1_151' title='bbox 947 1759 955 1771; x_wconf 91' lang='lat'>‚</span> 
     </span>
     <span class='ocr_line' id='line_1_24' title="bbox 286 1781 958 1824; baseline 0 -9"><span class='ocrx_word' id='word_1_152' title='bbox 286 1794 359 1815; x_wconf 92' lang='lat' dir='ltr'><strong>non</strong></span> <span class='ocrx_word' id='word_1_153' title='bbox 384 1781 611 1815; x_wconf 80' lang='lat' dir='ltr'><strong>formicarum</strong></span> <span class='ocrx_word' id='word_1_154' title='bbox 627 1807 635 1824; x_wconf 92' lang='lat'>,</span> <span class='ocrx_word' id='word_1_155' title='bbox 669 1788 708 1815; x_wconf 86' lang='lat' dir='ltr'><strong>ut</strong></span> <span class='ocrx_word' id='word_1_156' title='bbox 740 1781 958 1816; x_wconf 80' lang='lat' dir='ltr'><strong>Schirachius</strong></span> 
     </span>
     <span class='ocr_line' id='line_1_25' title="bbox 286 1832 956 1878; baseline -0.001 -11"><span class='ocrx_word' id='word_1_157' title='bbox 286 1833 443 1877; x_wconf 78' lang='lat' dir='ltr'><strong>putabat,</strong></span> <span class='ocrx_word' id='word_1_158' title='bbox 458 1832 515 1867; x_wconf 89' lang='lat' dir='ltr'><strong>sed</strong></span> <span class='ocrx_word' id='word_1_159' title='bbox 530 1845 693 1878; x_wconf 79' lang='lat' dir='ltr'><strong>quercus3</strong></span> <span class='ocrx_word' id='word_1_160' title='bbox 707 1833 821 1866; x_wconf 76' lang='lat' dir='ltr'><strong>Scelus</strong></span> <span class='ocrx_word' id='word_1_161' title='bbox 834 1838 956 1873; x_wconf 75' lang='lat' dir='ltr'><strong>cortex,</strong></span> 
     </span>
     <span class='ocr_line' id='line_1_26' title="bbox 286 1887 960 1929; baseline 0 -8"><span class='ocrx_word' id='word_1_162' title='bbox 286 1887 359 1929; x_wconf 92' lang='lat' dir='ltr'><strong>IX,</strong></span> <span class='ocrx_word' id='word_1_163' title='bbox 376 1887 451 1920; x_wconf 79' lang='lat'>658.</span> <span class='ocrx_word' id='word_1_164' title='bbox 467 1905 510 1912; x_wconf 91' lang='lat'><strong>—-</strong></span> <span class='ocrx_word' id='word_1_165' title='bbox 527 1887 680 1926; x_wconf 73' lang='lat' dir='ltr'><strong>Servant,</strong></span> <span class='ocrx_word' id='word_1_166' title='bbox 701 1898 824 1920; x_wconf 87' lang='lat' dir='ltr'><strong>omnes</strong></span> <span class='ocrx_word' id='word_1_167' title='bbox 841 1893 960 1921; x_wconf 83' lang='lat' dir='ltr'><strong>terunt</strong></span> 
     </span>
     <span class='ocr_line' id='line_1_27' title="bbox 288 1938 958 1980; baseline -0.001 -8"><span class='ocrx_word' id='word_1_168' title='bbox 288 1938 454 1972; x_wconf 89' lang='lat' dir='ltr'><strong>eumdem</strong></span> <span class='ocrx_word' id='word_1_169' title='bbox 465 1938 596 1972; x_wconf 83' lang='lat' dir='ltr'><strong>callem.</strong></span> <span class='ocrx_word' id='word_1_170' title='bbox 613 1938 763 1980; x_wconf 81' lang='lat' dir='ltr'><strong>Plinius,</strong></span> <span class='ocrx_word' id='word_1_171' title='bbox 780 1938 870 1972; x_wconf 86' lang='lat' dir='ltr'><strong>Hist.</strong></span> <span class='ocrx_word' id='word_1_172' title='bbox 882 1938 958 1972; x_wconf 85' lang='lat' dir='ltr'><strong>Nat.</strong></span> 
     </span>
     <span class='ocr_line' id='line_1_28' title="bbox 288 1989 962 2033; baseline -0.001 -9"><span class='ocrx_word' id='word_1_173' title='bbox 288 1991 341 2024; x_wconf 92' lang='lat' dir='ltr'><strong>XI</strong></span> <span class='ocrx_word' id='word_1_174' title='bbox 355 2016 364 2033; x_wconf 92' lang='lat'><strong><em>‚</em></strong></span> <span class='ocrx_word' id='word_1_175' title='bbox 380 1990 422 2024; x_wconf 80' lang='lat'><strong>35</strong></span> <span class='ocrx_word' id='word_1_176' title='bbox 440 2002 447 2023; x_wconf 93' lang='lat'><strong>:</strong></span> <span class='ocrx_word' id='word_1_177' title='bbox 465 1991 584 2023; x_wconf 76' lang='lat' dir='ltr'><strong>Silices</strong></span> <span class='ocrx_word' id='word_1_178' title='bbox 601 1993 716 2023; x_wconf 68' lang='lat' dir='ltr'><strong>dinero</strong></span> <span class='ocrx_word' id='word_1_179' title='bbox 736 1989 962 2024; x_wconf 83' lang='lat' dir='ltr'><strong>formicarum</strong></span> 
     </span>
     <span class='ocr_line' id='line_1_29' title="bbox 287 2042 961 2084; baseline -0.001 -9"><span class='ocrx_word' id='word_1_180' title='bbox 287 2045 421 2075; x_wconf 78' lang='lat' dir='ltr'><strong>attritos</strong></span> <span class='ocrx_word' id='word_1_181' title='bbox 431 2042 579 2074; x_wconf 78' lang='lat' dir='ltr'><strong>videmus</strong></span> <span class='ocrx_word' id='word_1_182' title='bbox 589 2067 596 2080; x_wconf 92' lang='lat'>,</span> <span class='ocrx_word' id='word_1_183' title='bbox 620 2045 655 2074; x_wconf 81' lang='lat' dir='ltr'><strong>et</strong></span> <span class='ocrx_word' id='word_1_184' title='bbox 662 2044 697 2074; x_wconf 81' lang='lat' dir='ltr'><strong>in</strong></span> <span class='ocrx_word' id='word_1_185' title='bbox 708 2054 802 2084; x_wconf 78' lang='lat' dir='ltr'><strong>opere</strong></span> <span class='ocrx_word' id='word_1_186' title='bbox 810 2045 961 2074; x_wconf 60' lang='lat' dir='ltr'><strong>semaam</strong></span> 
     </span>
     <span class='ocr_line' id='line_1_30' title="bbox 277 2093 961 2139; baseline 0.001 -14"><span class='ocrx_word' id='word_1_187' title='bbox 277 2093 414 2139; x_wconf 71' lang='lat' dir='ltr'><strong>factam</strong></span> <span class='ocrx_word' id='word_1_188' title='bbox 427 2119 436 2134; x_wconf 87' lang='lat'>‚</span> <span class='ocrx_word' id='word_1_189' title='bbox 464 2105 505 2126; x_wconf 81' lang='lat' dir='ltr'><strong>ne</strong></span> <span class='ocrx_word' id='word_1_190' title='bbox 520 2095 594 2136; x_wconf 80' lang='lat' dir='ltr'><strong>quis</strong></span> <span class='ocrx_word' id='word_1_191' title='bbox 607 2094 749 2132; x_wconf 79' lang='lat' dir='ltr'><strong>dubitet,</strong></span> <span class='ocrx_word' id='word_1_192' title='bbox 766 2095 912 2137; x_wconf 79' lang='lat' dir='ltr'><strong>qualibet</strong></span> <span class='ocrx_word' id='word_1_193' title='bbox 926 2096 961 2126; x_wconf 83' lang='lat' dir='ltr'><strong>in</strong></span> 
     </span>
     <span class='ocr_line' id='line_1_31' title="bbox 283 2146 958 2189; baseline 0 -11"><span class='ocrx_word' id='word_1_194' title='bbox 283 2158 318 2179; x_wconf 83' lang='lat' dir='ltr'><strong>re</strong></span> <span class='ocrx_word' id='word_1_195' title='bbox 329 2171 338 2185; x_wconf 90' lang='lat'><em>‚</em></span> <span class='ocrx_word' id='word_1_196' title='bbox 356 2146 440 2189; x_wconf 83' lang='lat' dir='ltr'><strong>quid</strong></span> <span class='ocrx_word' id='word_1_197' title='bbox 449 2148 563 2187; x_wconf 71' lang='lat' dir='ltr'><strong>possit</strong></span> <span class='ocrx_word' id='word_1_198' title='bbox 582 2147 878 2189; x_wconf 74' lang='lat' dir='ltr'><strong>quantulacumque</strong></span> <span class='ocrx_word' id='word_1_199' title='bbox 891 2157 958 2178; x_wconf 84' lang='lat' dir='ltr'><strong>as·-</strong></span> 
     </span>
     <span class='ocr_line' id='line_1_32' title="bbox 283 2196 960 2237; baseline 0 -7"><span class='ocrx_word' id='word_1_200' title='bbox 283 2198 437 2230; x_wconf 79' lang='lat' dir='ltr'><strong>sz&#39;duae&#39;las.</strong></span> <span class='ocrx_word' id='word_1_201' title='bbox 454 2197 629 2230; x_wconf 70' lang='lat' dir='ltr'><strong>-Jnania</strong></span> <span class='ocrx_word' id='word_1_202' title='bbox 644 2200 789 2237; x_wconf 79' lang='lat' dir='ltr'><strong>moen1&#39;a‚·</strong></span> <span class='ocrx_word' id='word_1_203' title='bbox 807 2196 960 2230; x_wconf 89' lang='lat' dir='ltr'><strong>homini-</strong></span> 
     </span>
     <span class='ocr_line' id='line_1_33' title="bbox 285 2249 958 2294; baseline 0 -11"><span class='ocrx_word' id='word_1_204' title='bbox 285 2249 349 2283; x_wconf 89' lang='lat' dir='ltr'><strong>bus</strong></span> <span class='ocrx_word' id='word_1_205' title='bbox 367 2261 482 2283; x_wconf 87' lang='lat' dir='ltr'><strong>vacua.</strong></span> <span class='ocrx_word' id='word_1_206' title='bbox 498 2250 564 2282; x_wconf 86' lang='lat' dir='ltr'><strong>Ed.</strong></span> <span class='ocrx_word' id='word_1_207' title='bbox 582 2267 626 2275; x_wconf 91' lang='lat'><strong>—·</strong></span> <span class='ocrx_word' id='word_1_208' title='bbox 643 2250 764 2293; x_wconf 58' lang='lat' dir='ltr'><strong>§opple</strong></span> <span class='ocrx_word' id='word_1_209' title='bbox 780 2250 958 2294; x_wconf 79' lang='lat' dir='ltr'><strong>vulgatum</strong></span> 
     </span>
     <span class='ocr_line' id='line_1_34' title="bbox 283 2302 957 2348; baseline 0.003 -12"><span class='ocrx_word' id='word_1_210' title='bbox 283 2303 373 2336; x_wconf 86' lang='lat' dir='ltr'><strong>male</strong></span> <span class='ocrx_word' id='word_1_211' title='bbox 399 2302 565 2337; x_wconf 87' lang='lat' dir='ltr'><strong>Heinsius</strong></span> <span class='ocrx_word' id='word_1_212' title='bbox 596 2303 797 2337; x_wconf 81' lang='lat' dir='ltr'><strong>auctoritate</strong></span> <span class='ocrx_word' id='word_1_213' title='bbox 823 2311 957 2348; x_wconf 89' lang='lat' dir='ltr'><strong>septem</strong></span> 
     </span>
     <span class='ocr_line' id='line_1_35' title="bbox 288 2353 956 2401; baseline 0.001 -14"><span class='ocrx_word' id='word_1_214' title='bbox 288 2353 395 2388; x_wconf 86' lang='lat' dir='ltr'><strong>MSS.</strong></span> <span class='ocrx_word' id='word_1_215' title='bbox 406 2354 640 2399; x_wconf 86' lang='lat' dir='ltr'><strong>abrogaverat,</strong></span> <span class='ocrx_word' id='word_1_216' title='bbox 652 2354 710 2398; x_wconf 91' lang='lat' dir='ltr'><strong>qui</strong></span> <span class='ocrx_word' id='word_1_217' title='bbox 721 2353 956 2401; x_wconf 76' lang='lat' dir='ltr'><strong>replehabent3</strong></span> 
     </span>
     <span class='ocr_line' id='line_1_36' title="bbox 284 2405 959 2450; baseline 0 -11"><span class='ocrx_word' id='word_1_218' title='bbox 284 2418 368 2439; x_wconf 90' lang='lat' dir='ltr'><strong>nam</strong></span> <span class='ocrx_word' id='word_1_219' title='bbox 379 2405 695 2450; x_wconf 80' lang='lat' dir='ltr'><strong>suppleridicuntur</strong></span> <span class='ocrx_word' id='word_1_220' title='bbox 710 2418 786 2450; x_wconf 79' lang='lat' dir='ltr'><strong>quae</strong></span> <span class='ocrx_word' id='word_1_221' title='bbox 798 2405 959 2440; x_wconf 82' lang='lat' dir='ltr'><strong>exhausta</strong></span> 
     </span>
     <span class='ocr_line' id='line_1_37' title="bbox 282 2456 954 2499; baseline -0.003 -7"><span class='ocrx_word' id='word_1_222' title='bbox 282 2463 373 2492; x_wconf 83' lang='lat' dir='ltr'><strong>sunt.</strong></span> <span class='ocrx_word' id='word_1_223' title='bbox 385 2475 428 2482; x_wconf 92' lang='grc'>-</span> <span class='ocrx_word' id='word_1_224' title='bbox 438 2459 609 2490; x_wconf 74' lang='lat' dir='ltr'><strong>Intremui!</strong></span> <span class='ocrx_word' id='word_1_225' title='bbox 616 2469 627 2499; x_wconf 89' lang='lat'><strong>,·</strong></span> <span class='ocrx_word' id='word_1_226' title='bbox 640 2456 814 2491; x_wconf 84' lang='lat' dir='ltr'><strong>firmando</strong></span> <span class='ocrx_word' id='word_1_227' title='bbox 826 2457 934 2491; x_wconf 88' lang='lat' dir='ltr'><strong>omini</strong></span> <span class='ocrx_word' id='word_1_228' title='bbox 945 2471 954 2499; x_wconf 89' lang='lat'>;</span> 
     </span>
     <span class='ocr_line' id='line_1_38' title="bbox 284 2508 717 2553; baseline -0.002 -10"><span class='ocrx_word' id='word_1_229' title='bbox 284 2508 450 2543; x_wconf 81' lang='lat' dir='ltr'><strong>exauditis</strong></span> <span class='ocrx_word' id='word_1_230' title='bbox 468 2508 634 2553; x_wconf 82' lang='lat' dir='ltr'><strong>precibus.</strong></span> <span class='ocrx_word' id='word_1_231' title='bbox 652 2510 717 2542; x_wconf 83' lang='lat' dir='ltr'><strong>Ed.</strong></span> 
     </span>
    </p>

    <p class='ocr_par' dir='ltr' id='par_1_16' title="bbox 281 2559 957 2761">
     <span class='ocr_line' id='line_1_39' title="bbox 327 2559 957 2593; baseline 0.002 -1"><span class='ocrx_word' id='word_1_232' title='bbox 327 2559 402 2593; x_wconf 79' lang='lat'><strong>630.</strong></span> <span class='ocrx_word' id='word_1_233' title='bbox 420 2561 547 2593; x_wconf 71' lang='lat' dir='ltr'><strong>Pavido</strong></span> <span class='ocrx_word' id='word_1_234' title='bbox 569 2561 655 2592; x_wconf 77' lang='lat' dir='ltr'><strong>mihi</strong></span> <span class='ocrx_word' id='word_1_235' title='bbox 671 2566 735 2593; x_wconf 80' lang='lat' dir='ltr'><strong>etc.</strong></span> <span class='ocrx_word' id='word_1_236' title='bbox 754 2559 882 2593; x_wconf 88' lang='lat' dir='ltr'><strong>Sensus</strong></span> <span class='ocrx_word' id='word_1_237' title='bbox 898 2571 957 2593; x_wconf 89' lang='lat' dir='ltr'><strong>eo-</strong></span> 
     </span>
     <span class='ocr_line' id='line_1_40' title="bbox 282 2610 956 2656; baseline 0.001 -13"><span class='ocrx_word' id='word_1_238' title='bbox 282 2622 362 2644; x_wconf 88' lang='lat' dir='ltr'><strong>rum</strong></span> <span class='ocrx_word' id='word_1_239' title='bbox 375 2637 384 2654; x_wconf 91' lang='lat'>,</span> <span class='ocrx_word' id='word_1_240' title='bbox 400 2610 523 2655; x_wconf 88' lang='lat' dir='ltr'><strong>quibus</strong></span> <span class='ocrx_word' id='word_1_241' title='bbox 539 2611 675 2656; x_wconf 85' lang='lat' dir='ltr'><strong>signum</strong></span> <span class='ocrx_word' id='word_1_242' title='bbox 692 2611 882 2655; x_wconf 84' lang='lat' dir='ltr'><strong>praesentiae</strong></span> <span class='ocrx_word' id='word_1_243' title='bbox 901 2610 956 2644; x_wconf 88' lang='lat' dir='ltr'><strong>di-</strong></span> 
     </span>
     <span class='ocr_line' id='line_1_41' title="bbox 281 2663 956 2709; baseline 0 -13"><span class='ocrx_word' id='word_1_244' title='bbox 281 2663 371 2698; x_wconf 79' lang='lat' dir='ltr'><strong>vinae</strong></span> <span class='ocrx_word' id='word_1_245' title='bbox 391 2663 520 2698; x_wconf 84' lang='lat' dir='ltr'><strong>datum.</strong></span> <span class='ocrx_word' id='word_1_246' title='bbox 545 2682 588 2689; x_wconf 92' lang='lat'>-</span> <span class='ocrx_word' id='word_1_247' title='bbox 615 2665 739 2698; x_wconf 88' lang='lat' dir='ltr'><strong>Oscula</strong></span> <span class='ocrx_word' id='word_1_248' title='bbox 759 2663 956 2709; x_wconf 84' lang='lat' dir='ltr'><strong>figebantur</strong></span> 
     </span>
     <span class='ocr_line' id='line_1_42' title="bbox 285 2714 952 2761; baseline 0.001 -14"><span class='ocrx_word' id='word_1_249' title='bbox 285 2727 357 2748; x_wconf 89' lang='lat' dir='ltr'><strong>non</strong></span> <span class='ocrx_word' id='word_1_250' title='bbox 384 2718 475 2750; x_wconf 77' lang='lat' dir='ltr'><strong>teme</strong></span> <span class='ocrx_word' id='word_1_251' title='bbox 489 2714 596 2748; x_wconf 72' lang='lat' dir='ltr'><strong>inodo</strong></span> <span class='ocrx_word' id='word_1_252' title='bbox 613 2715 805 2761; x_wconf 78' lang='lat' dir='ltr'><strong>peregrinae</strong></span> <span class='ocrx_word' id='word_1_253' title='bbox 819 2741 828 2758; x_wconf 89' lang='lat'>,</span> <span class='ocrx_word' id='word_1_254' title='bbox 847 2727 952 2759; x_wconf 90' lang='lat' dir='ltr'><strong>quam</strong></span> 
     </span>
    </p>
   </div>
   <div class='ocr_carea' id='block_1_11' title="bbox 1018 1679 1699 2750">
    <p class='ocr_par' dir='ltr' id='par_1_17' title="bbox 1023 1679 1699 1871">
     <span class='ocr_line' id='line_1_43' title="bbox 1023 1679 1696 1725; baseline 0 -12"><span class='ocrx_word' id='word_1_255' title='bbox 1023 1680 1099 1724; x_wconf 86' lang='lat' dir='ltr'><strong>quis</strong></span> <span class='ocrx_word' id='word_1_256' title='bbox 1110 1692 1225 1724; x_wconf 88' lang='lat' dir='ltr'><strong>sospes</strong></span> <span class='ocrx_word' id='word_1_257' title='bbox 1237 1680 1426 1725; x_wconf 80' lang='lat' dir='ltr'><strong>attingebat</strong></span> <span class='ocrx_word' id='word_1_258' title='bbox 1441 1706 1451 1722; x_wconf 91' lang='lat'>,</span> <span class='ocrx_word' id='word_1_259' title='bbox 1468 1679 1528 1714; x_wconf 84' lang='lat' dir='ltr'><strong>sed</strong></span> <span class='ocrx_word' id='word_1_260' title='bbox 1545 1686 1579 1714; x_wconf 86' lang='lat' dir='ltr'><strong>et</strong></span> <span class='ocrx_word' id='word_1_261' title='bbox 1591 1679 1672 1714; x_wconf 87' lang='lat' dir='ltr'><strong>locis</strong></span> <span class='ocrx_word' id='word_1_262' title='bbox 1687 1703 1696 1720; x_wconf 89' lang='lat'>‚</span> 
     </span>
     <span class='ocr_line' id='line_1_44' title="bbox 1024 1732 1699 1777; baseline 0.001 -12"><span class='ocrx_word' id='word_1_263' title='bbox 1024 1732 1082 1766; x_wconf 87' lang='lat' dir='ltr'><strong>ubi</strong></span> <span class='ocrx_word' id='word_1_264' title='bbox 1112 1732 1229 1766; x_wconf 87' lang='lat' dir='ltr'><strong>laetum</strong></span> <span class='ocrx_word' id='word_1_265' title='bbox 1253 1733 1391 1777; x_wconf 83' lang='lat' dir='ltr'><strong>signum</strong></span> <span class='ocrx_word' id='word_1_266' title='bbox 1417 1739 1630 1777; x_wconf 84' lang='lat' dir='ltr'><strong>apparuerat.</strong></span> <span class='ocrx_word' id='word_1_267' title='bbox 1656 1750 1699 1757; x_wconf 90' lang='lat'><strong>-—</strong></span> 
     </span>
     <span class='ocr_line' id='line_1_45' title="bbox 1024 1783 1699 1828; baseline -0.001 -11"><span class='ocrx_word' id='word_1_268' title='bbox 1024 1785 1227 1824; x_wconf 77' lang='lat' dir='ltr'><strong>Roboribus,</strong></span> <span class='ocrx_word' id='word_1_269' title='bbox 1250 1783 1367 1817; x_wconf 86' lang='lat' dir='ltr'><strong>robori</strong></span> <span class='ocrx_word' id='word_1_270' title='bbox 1380 1809 1390 1826; x_wconf 89' lang='lat'>‚</span> <span class='ocrx_word' id='word_1_271' title='bbox 1409 1783 1561 1828; x_wconf 85' lang='lat' dir='ltr'><strong>quercui.</strong></span> <span class='ocrx_word' id='word_1_272' title='bbox 1576 1784 1699 1816; x_wconf 81' lang='lat' dir='ltr'><strong>-Nec</strong></span> 
     </span>
     <span class='ocr_line' id='line_1_46' title="bbox 1024 1835 1695 1871; baseline -0.003 -1"><span class='ocrx_word' id='word_1_273' title='bbox 1024 1850 1074 1870; x_wconf 79' lang='lat' dir='ltr'><strong>me</strong></span> <span class='ocrx_word' id='word_1_274' title='bbox 1089 1844 1154 1871; x_wconf 83' lang='lat' dir='ltr'><strong>etc.</strong></span> <span class='ocrx_word' id='word_1_275' title='bbox 1165 1850 1205 1871; x_wconf 80' lang='lat' dir='ltr'><strong>ex</strong></span> <span class='ocrx_word' id='word_1_276' title='bbox 1221 1844 1355 1871; x_wconf 84' lang='lat' dir='ltr'><strong>naturae</strong></span> <span class='ocrx_word' id='word_1_277' title='bbox 1364 1836 1527 1870; x_wconf 78' lang='lat' dir='ltr'><strong>humanoe</strong></span> <span class='ocrx_word' id='word_1_278' title='bbox 1538 1835 1695 1870; x_wconf 77' lang='lat' dir='ltr'><strong>veritate.</strong></span> 
     </span>
    </p>

    <p class='ocr_par' dir='ltr' id='par_1_18' title="bbox 1023 1887 1699 2240">
     <span class='ocr_line' id='line_1_47' title="bbox 1067 1887 1698 1933; baseline -0.002 -11"><span class='ocrx_word' id='word_1_279' title='bbox 1067 1889 1141 1931; x_wconf 77' lang='lat'><strong>534.</strong></span> <span class='ocrx_word' id='word_1_280' title='bbox 1155 1890 1330 1927; x_wconf 55' lang='lat' dir='ltr'><strong>Est-reim,</strong></span> <span class='ocrx_word' id='word_1_281' title='bbox 1349 1887 1532 1933; x_wconf 76' lang='lat' dir='ltr'><strong>defatigata</strong></span> <span class='ocrx_word' id='word_1_282' title='bbox 1547 1900 1556 1921; x_wconf 76' lang='grc' dir='ltr'>ε</span> <span class='ocrx_word' id='word_1_283' title='bbox 1573 1888 1698 1922; x_wconf 82' lang='lat' dir='ltr'><strong>confer</strong></span> 
     </span>
     <span class='ocr_line' id='line_1_48' title="bbox 1025 1939 1699 1983; baseline -0.001 -10"><span class='ocrx_word' id='word_1_284' title='bbox 1025 1940 1117 1974; x_wconf 83' lang='lat' dir='ltr'>VIII</span> <span class='ocrx_word' id='word_1_285' title='bbox 1130 1966 1139 1982; x_wconf 90' lang='lat'>,</span> <span class='ocrx_word' id='word_1_286' title='bbox 1167 1940 1208 1973; x_wconf 85' lang='lat'><strong>83</strong></span> <span class='ocrx_word' id='word_1_287' title='bbox 1222 1966 1231 1982; x_wconf 87' lang='lat'>,</span> <span class='ocrx_word' id='word_1_288' title='bbox 1261 1939 1319 1973; x_wconf 87' lang='lat' dir='ltr'><strong>ubi</strong></span> <span class='ocrx_word' id='word_1_289' title='bbox 1333 1965 1342 1983; x_wconf 86' lang='lat'>,</span> <span class='ocrx_word' id='word_1_290' title='bbox 1360 1943 1448 1974; x_wconf 78' lang='lat' dir='ltr'><strong>curis</strong></span> <span class='ocrx_word' id='word_1_291' title='bbox 1455 1939 1556 1981; x_wconf 83' lang='lat' dir='ltr'><strong>sessa</strong></span> <span class='ocrx_word' id='word_1_292' title='bbox 1572 1941 1699 1973; x_wconf 79' lang='lat' dir='ltr'><strong>diurnis</strong></span> 
     </span>
     <span class='ocr_line' id='line_1_49' title="bbox 1025 1989 1697 2034; baseline 0 -11"><span class='ocrx_word' id='word_1_293' title='bbox 1025 1992 1166 2024; x_wconf 81' lang='lat' dir='ltr'><strong>Pectora</strong></span> <span class='ocrx_word' id='word_1_294' title='bbox 1184 2003 1318 2024; x_wconf 83' lang='lat' dir='ltr'><strong>somnus</strong></span> <span class='ocrx_word' id='word_1_295' title='bbox 1342 1992 1451 2024; x_wconf 77' lang='lat' dir='ltr'><strong>habet.</strong></span> <span class='ocrx_word' id='word_1_296' title='bbox 1466 2008 1510 2017; x_wconf 90' lang='lat'><strong>—-</strong></span> <span class='ocrx_word' id='word_1_297' title='bbox 1529 1989 1697 2034; x_wconf 78' lang='lat' dir='ltr'><strong>Granife-</strong></span> 
     </span>
     <span class='ocr_line' id='line_1_50' title="bbox 1024 2040 1698 2085; baseline 0 -11"><span class='ocrx_word' id='word_1_298' title='bbox 1024 2054 1093 2074; x_wconf 82' lang='lat' dir='ltr'><strong>rum</strong></span> <span class='ocrx_word' id='word_1_299' title='bbox 1112 2053 1252 2085; x_wconf 51' lang='lat' dir='ltr'><strong>affluam</strong></span> <span class='ocrx_word' id='word_1_300' title='bbox 1279 2041 1439 2075; x_wconf 79' lang='lat' dir='ltr'><strong>formicas</strong></span> <span class='ocrx_word' id='word_1_301' title='bbox 1459 2053 1466 2075; x_wconf 89' lang='lat'><strong>:</strong></span> <span class='ocrx_word' id='word_1_302' title='bbox 1490 2040 1533 2074; x_wconf 90' lang='lat' dir='ltr'><strong>de</strong></span> <span class='ocrx_word' id='word_1_303' title='bbox 1550 2041 1590 2075; x_wconf 88' lang='lat' dir='ltr'><strong>iis</strong></span> <span class='ocrx_word' id='word_1_304' title='bbox 1604 2040 1698 2074; x_wconf 78' lang='lat' dir='ltr'><strong>Vir-</strong></span> 
     </span>
     <span class='ocr_line' id='line_1_51' title="bbox 1025 2091 1696 2137; baseline 0 -12"><span class='ocrx_word' id='word_1_305' title='bbox 1025 2092 1143 2137; x_wconf 86' lang='lat' dir='ltr'><strong>gilius,</strong></span> <span class='ocrx_word' id='word_1_306' title='bbox 1162 2091 1301 2126; x_wconf 84' lang='lat' dir='ltr'><strong>AEneid.</strong></span> <span class='ocrx_word' id='word_1_307' title='bbox 1320 2093 1385 2135; x_wconf 91' lang='lat' dir='ltr'><strong>IV,</strong></span> <span class='ocrx_word' id='word_1_308' title='bbox 1402 2094 1466 2135; x_wconf 76' lang='lat'><strong>4⁰4</strong></span> <span class='ocrx_word' id='word_1_309' title='bbox 1478 2118 1488 2136; x_wconf 95' lang='lat'>,</span> <span class='ocrx_word' id='word_1_310' title='bbox 1511 2094 1547 2126; x_wconf 85' lang='lat' dir='ltr'><strong>Il</strong></span> <span class='ocrx_word' id='word_1_311' title='bbox 1569 2095 1696 2136; x_wconf 70' lang='lat' dir='ltr'><strong>nigrum</strong></span> 
     </span>
     <span class='ocr_line' id='line_1_52' title="bbox 1023 2145 1695 2188; baseline 0.001 -11"><span class='ocrx_word' id='word_1_312' title='bbox 1023 2148 1150 2188; x_wconf 73' lang='lat' dir='ltr'><strong>campis</strong></span> <span class='ocrx_word' id='word_1_313' title='bbox 1169 2157 1303 2188; x_wconf 72' lang='lat' dir='ltr'><strong>agmen,</strong></span> <span class='ocrx_word' id='word_1_314' title='bbox 1324 2146 1531 2188; x_wconf 63' lang='lat' dir='ltr'><strong>praedamque</strong></span> <span class='ocrx_word' id='word_1_315' title='bbox 1544 2157 1608 2187; x_wconf 80' lang='lat' dir='ltr'><strong>per</strong></span> <span class='ocrx_word' id='word_1_316' title='bbox 1620 2145 1695 2178; x_wconf 77' lang='lat' dir='ltr'><strong>ber-</strong></span> 
     </span>
     <span class='ocr_line' id='line_1_53' title="bbox 1023 2195 1657 2240; baseline 0.002 -12"><span class='ocrx_word' id='word_1_317' title='bbox 1023 2198 1084 2229; x_wconf 83' lang='lat' dir='ltr'><strong>bas</strong></span> <span class='ocrx_word' id='word_1_318' title='bbox 1102 2199 1306 2231; x_wconf 72' lang='lat' dir='ltr'><strong>Coaocclanl</strong></span> <span class='ocrx_word' id='word_1_319' title='bbox 1319 2199 1406 2230; x_wconf 85' lang='lat' dir='ltr'><strong>calle</strong></span> <span class='ocrx_word' id='word_1_320' title='bbox 1421 2200 1571 2240; x_wconf 73' lang='lat' dir='ltr'><strong>angusto.</strong></span> <span class='ocrx_word' id='word_1_321' title='bbox 1591 2195 1657 2230; x_wconf 85' lang='lat' dir='ltr'><strong>Ed.</strong></span> 
     </span>
    </p>

    <p class='ocr_par' dir='ltr' id='par_1_19' title="bbox 1018 2247 1694 2750">
     <span class='ocr_line' id='line_1_54' title="bbox 1066 2247 1694 2295; baseline -0.002 -13"><span class='ocrx_word' id='word_1_322' title='bbox 1066 2249 1141 2295; x_wconf 82' lang='lat'>639.</span> <span class='ocrx_word' id='word_1_323' title='bbox 1154 2251 1303 2283; x_wconf 82' lang='lat' dir='ltr'><strong>Crescere</strong></span> <span class='ocrx_word' id='word_1_324' title='bbox 1312 2251 1403 2293; x_wconf 85' lang='lat' dir='ltr'><strong>quod</strong></span> <span class='ocrx_word' id='word_1_325' title='bbox 1408 2251 1517 2283; x_wconf 81' lang='lat' dir='ltr'><strong>subito</strong></span> <span class='ocrx_word' id='word_1_326' title='bbox 1527 2260 1539 2290; x_wconf 89' lang='lat'><strong>‚·</strong></span> <span class='ocrx_word' id='word_1_327' title='bbox 1553 2247 1694 2292; x_wconf 86' lang='lat' dir='ltr'><strong>quidam</strong></span> 
     </span>
     <span class='ocr_line' id='line_1_55' title="bbox 1022 2300 1694 2335; baseline -0.001 -1"><span class='ocrx_word' id='word_1_328' title='bbox 1022 2303 1100 2335; x_wconf 79' lang='lat' dir='ltr'><strong>hinc</strong></span> <span class='ocrx_word' id='word_1_329' title='bbox 1115 2304 1224 2335; x_wconf 78' lang='lat' dir='ltr'><strong>subito</strong></span> <span class='ocrx_word' id='word_1_330' title='bbox 1240 2308 1299 2335; x_wconf 85' lang='lat' dir='ltr'><strong>aut</strong></span> <span class='ocrx_word' id='word_1_331' title='bbox 1315 2303 1356 2335; x_wconf 82' lang='lat' dir='ltr'><strong>de</strong></span> <span class='ocrx_word' id='word_1_332' title='bbox 1371 2304 1479 2335; x_wconf 77' lang='lat' dir='ltr'><strong>subito</strong></span> <span class='ocrx_word' id='word_1_333' title='bbox 1498 2314 1508 2334; x_wconf 89' lang='grc'><strong>,·</strong></span> <span class='ocrx_word' id='word_1_334' title='bbox 1530 2300 1694 2334; x_wconf 85' lang='lat' dir='ltr'><strong>Heinsius</strong></span> 
     </span>
     <span class='ocr_line' id='line_1_56' title="bbox 1022 2350 1694 2397; baseline -0.001 -12"><span class='ocrx_word' id='word_1_335' title='bbox 1022 2352 1119 2386; x_wconf 83' lang='lat' dir='ltr'><strong>malit</strong></span> <span class='ocrx_word' id='word_1_336' title='bbox 1130 2354 1247 2386; x_wconf 78' lang='lat' dir='ltr'><strong>debinc</strong></span> <span class='ocrx_word' id='word_1_337' title='bbox 1257 2355 1374 2386; x_wconf 76' lang='lat' dir='ltr'><strong>subito.</strong></span> <span class='ocrx_word' id='word_1_338' title='bbox 1386 2370 1430 2378; x_wconf 89' lang='lat'><strong>--</strong></span> <span class='ocrx_word' id='word_1_339' title='bbox 1439 2352 1568 2397; x_wconf 87' lang='lat' dir='ltr'><strong>Regius</strong></span> <span class='ocrx_word' id='word_1_340' title='bbox 1582 2351 1614 2385; x_wconf 90' lang='lat' dir='ltr'>A</span> <span class='ocrx_word' id='word_1_341' title='bbox 1629 2350 1694 2384; x_wconf 89' lang='lat' dir='ltr'><strong>ha-</strong></span> 
     </span>
     <span class='ocr_line' id='line_1_57' title="bbox 1022 2404 1693 2446; baseline -0.003 -7"><span class='ocrx_word' id='word_1_342' title='bbox 1022 2405 1080 2439; x_wconf 84' lang='lat' dir='ltr'><strong>bet</strong></span> <span class='ocrx_word' id='word_1_343' title='bbox 1092 2408 1134 2439; x_wconf 83' lang='lat' dir='ltr'><strong>de</strong></span> <span class='ocrx_word' id='word_1_344' title='bbox 1146 2408 1256 2439; x_wconf 77' lang='lat' dir='ltr'><strong>subito</strong></span> <span class='ocrx_word' id='word_1_345' title='bbox 1267 2417 1277 2446; x_wconf 86' lang='lat'><strong>‚¹</strong></span> <span class='ocrx_word' id='word_1_346' title='bbox 1301 2404 1421 2439; x_wconf 86' lang='lat' dir='ltr'><strong>Codex</strong></span> <span class='ocrx_word' id='word_1_347' title='bbox 1436 2405 1465 2440; x_wconf 94' lang='lat' dir='ltr'>B</span> <span class='ocrx_word' id='word_1_348' title='bbox 1475 2404 1562 2438; x_wconf 89' lang='lat' dir='ltr'><strong>nihil</strong></span> <span class='ocrx_word' id='word_1_349' title='bbox 1571 2409 1693 2437; x_wconf 84' lang='lat' dir='ltr'><strong>mutat.</strong></span> 
     </span>
     <span class='ocr_line' id='line_1_58' title="bbox 1021 2455 1687 2501; baseline -0.006 -9"><span class='ocrx_word' id='word_1_350' title='bbox 1021 2476 1064 2483; x_wconf 90' lang='lat'><strong>—</strong></span> <span class='ocrx_word' id='word_1_351' title='bbox 1072 2460 1180 2492; x_wconf 74' lang='lat' dir='ltr'><strong>Recto</strong></span> <span class='ocrx_word' id='word_1_352' title='bbox 1190 2463 1304 2492; x_wconf 83' lang='lat' dir='ltr'><strong>lrunco</strong></span> <span class='ocrx_word' id='word_1_353' title='bbox 1314 2484 1322 2497; x_wconf 91' lang='lat'><em>‚</em></span> <span class='ocrx_word' id='word_1_354' title='bbox 1340 2457 1420 2501; x_wconf 84' lang='lat' dir='ltr'><strong>quia</strong></span> <span class='ocrx_word' id='word_1_355' title='bbox 1431 2455 1566 2490; x_wconf 87' lang='lat' dir='ltr'><strong>homini</strong></span> <span class='ocrx_word' id='word_1_356' title='bbox 1574 2460 1666 2490; x_wconf 81' lang='lat' dir='ltr'><strong>recta</strong></span> <span class='ocrx_word' id='word_1_357' title='bbox 1677 2480 1687 2497; x_wconf 83' lang='lat'><em>,</em></span> 
     </span>
     <span class='ocr_line' id='line_1_59' title="bbox 1019 2506 1692 2551; baseline -0.004 -9"><span class='ocrx_word' id='word_1_358' title='bbox 1019 2509 1089 2542; x_wconf 85' lang='lat' dir='ltr'><strong>sive</strong></span> <span class='ocrx_word' id='word_1_359' title='bbox 1101 2534 1111 2551; x_wconf 82' lang='lat'>‚</span> <span class='ocrx_word' id='word_1_360' title='bbox 1130 2515 1243 2542; x_wconf 83' lang='lat' dir='ltr'><strong>erecta</strong></span> <span class='ocrx_word' id='word_1_361' title='bbox 1253 2509 1376 2542; x_wconf 81' lang='lat' dir='ltr'><strong>forma.</strong></span> <span class='ocrx_word' id='word_1_362' title='bbox 1388 2506 1593 2542; x_wconf 85' lang='lat' dir='ltr'><strong>Secundum</strong></span> <span class='ocrx_word' id='word_1_363' title='bbox 1606 2506 1692 2540; x_wconf 90' lang='lat' dir='ltr'><strong>Ser-</strong></span> 
     </span>
     <span class='ocr_line' id='line_1_60' title="bbox 1020 2559 1691 2603; baseline -0.001 -11"><span class='ocrx_word' id='word_1_364' title='bbox 1020 2560 1115 2593; x_wconf 85' lang='lat' dir='ltr'><strong>vium</strong></span> <span class='ocrx_word' id='word_1_365' title='bbox 1129 2585 1138 2602; x_wconf 81' lang='lat'><em>,</em></span> <span class='ocrx_word' id='word_1_366' title='bbox 1156 2559 1198 2592; x_wconf 88' lang='lat' dir='ltr'><strong>ad</strong></span> <span class='ocrx_word' id='word_1_367' title='bbox 1215 2559 1297 2593; x_wconf 89' lang='lat' dir='ltr'><strong>AEn.</strong></span> <span class='ocrx_word' id='word_1_368' title='bbox 1315 2560 1350 2594; x_wconf 91' lang='lat'><strong>11</strong></span> <span class='ocrx_word' id='word_1_369' title='bbox 1363 2585 1372 2602; x_wconf 93' lang='lat'>,</span> <span class='ocrx_word' id='word_1_370' title='bbox 1393 2574 1409 2603; x_wconf 95' lang='lat'>7</span> <span class='ocrx_word' id='word_1_371' title='bbox 1423 2585 1432 2602; x_wconf 93' lang='lat'>,</span> <span class='ocrx_word' id='word_1_372' title='bbox 1449 2561 1575 2593; x_wconf 84' lang='lat' dir='ltr'><strong>AEacus</strong></span> <span class='ocrx_word' id='word_1_373' title='bbox 1591 2570 1691 2602; x_wconf 85' lang='lat' dir='ltr'><strong>quum</strong></span> 
     </span>
     <span class='ocr_line' id='line_1_61' title="bbox 1018 2611 1685 2655; baseline -0.001 -12"><span class='ocrx_word' id='word_1_374' title='bbox 1018 2613 1054 2644; x_wconf 79' lang='lat' dir='ltr'><strong>in</strong></span> <span class='ocrx_word' id='word_1_375' title='bbox 1070 2613 1186 2644; x_wconf 83' lang='lat' dir='ltr'><strong>arbore</strong></span> <span class='ocrx_word' id='word_1_376' title='bbox 1191 2611 1358 2655; x_wconf 78' lang='lat' dir='ltr'><strong>formicas</strong></span> <span class='ocrx_word' id='word_1_377' title='bbox 1375 2613 1528 2650; x_wconf 59' lang='lat' dir='ltr'><strong>vidisset,</strong></span> <span class='ocrx_word' id='word_1_378' title='bbox 1544 2613 1685 2653; x_wconf 67' lang='lat' dir='ltr'><strong>ovail,</strong></span> 
     </span>
     <span class='ocr_line' id='line_1_62' title="bbox 1019 2659 1685 2704; baseline -0.002 -9"><span class='ocrx_word' id='word_1_379' title='bbox 1019 2667 1069 2696; x_wconf 76' lang='lat' dir='ltr'><strong>lot</strong></span> <span class='ocrx_word' id='word_1_380' title='bbox 1080 2665 1152 2696; x_wconf 74' lang='lat' dir='ltr'><strong>sibi</strong></span> <span class='ocrx_word' id='word_1_381' title='bbox 1159 2666 1268 2696; x_wconf 80' lang='lat' dir='ltr'><strong>socios</strong></span> <span class='ocrx_word' id='word_1_382' title='bbox 1284 2665 1408 2696; x_wconf 68' lang='lat' dir='ltr'><strong>euenire</strong></span> <span class='ocrx_word' id='word_1_383' title='bbox 1417 2688 1425 2704; x_wconf 91' lang='lat'>,</span> <span class='ocrx_word' id='word_1_384' title='bbox 1441 2667 1476 2695; x_wconf 84' lang='lat' dir='ltr'><strong>et</strong></span> <span class='ocrx_word' id='word_1_385' title='bbox 1488 2664 1602 2695; x_wconf 73' lang='lat' dir='ltr'><strong>statim</strong></span> <span class='ocrx_word' id='word_1_386' title='bbox 1606 2659 1685 2704; x_wconf 78' lang='lat' dir='ltr'><strong>sor-</strong></span> 
     </span>
     <span class='ocr_line' id='line_1_63' title="bbox 1018 2715 1549 2750; baseline -0.006 -2"><span class='ocrx_word' id='word_1_387' title='bbox 1018 2717 1111 2748; x_wconf 76' lang='lat' dir='ltr'><strong>micoe</strong></span> <span class='ocrx_word' id='word_1_388' title='bbox 1126 2717 1161 2750; x_wconf 79' lang='lat'><strong>1&#39;11</strong></span> <span class='ocrx_word' id='word_1_389' title='bbox 1177 2715 1325 2748; x_wconf 75' lang='lat' dir='ltr'><strong>homines</strong></span> <span class='ocrx_word' id='word_1_390' title='bbox 1345 2725 1447 2748; x_wconf 72' lang='lat' dir='ltr'><strong>versa·</strong></span> <span class='ocrx_word' id='word_1_391' title='bbox 1461 2716 1549 2747; x_wconf 82' lang='lat' dir='ltr'><strong>sunt.</strong></span> 
     </span>
    </p>
   </div>
  </div>
 </body>
</html>
