1832 3100
379 225 1062 273 METAMORPHOSEON
1097 229 1228 274 LIB.
1264 230 1323 276 V.

1480 231 1561 274 361

134 324 311 373 'Fronte
333 333 478 373 tamen
499 321 652 372 Rhoeti
676 340 768 370 non
787 321 912 370 irrita
937 322 1087 389 cuspis
1111 322 1318 381 adhaesit3

150 401 245 466 Qui
266 412 502 468 postquam
524 400 682 450 cecidit
695 438 708 458 ‚
733 400 986 467 ferrumque
1003 418 1056 448 ex
1073 418 1172 448 osse
1191 399 1415 450 revulsum
1439 412 1506 450 est
1523 438 1535 459 ‚

149 477 366 546 Palpitat,
386 490 431 528 et
451 479 620 546 positas
642 478 867 545 adspergit
890 477 1103 541 sanguine
1125 497 1312 527 mensas.
1525 491 1568 535 40

148 555 263 604 Tum
285 573 387 604 vero
408 554 648 604 indomitas
669 555 859 605 ardescit
877 554 1036 618 vulgus
1059 555 1104 603 in
1127 555 1214 603 iras
1235 575 1246 613 ς

145 630 339 699 Telaque
363 632 632 699 conjiciunt;
657 645 701 682 et
722 645 851 692 sunt,
877 633 954 700 qui
975 633 1150 700 Cephea
1173 633 1322 682 dicant

148 709 262 758 Cum
285 710 629 776 genero'debere
652 711 767 759 mori
789 730 800 758 ε
820 710 897 760 sed
921 709 1070 759 limine
1095 711 1200 759 tecti

143 785 323 836 Exierat
347 787 575 854 Cepheus3
601 799 786 837 testatus
806 789 979 855 Jusque
998 826 1010 847 ‚
1034 788 1301 856 Fidemque‚

143 863 432 932 Hospitiique
451 865 585 924 Deos,
609 885 658 915 ea
681 885 726 915 se
748 865 1016 933 prohibente
1035 866 1215 916 moveri.
1528 882 1571 927 45

145 939 313 990 Bellica
335 933 481 990 Pallas
501 941 651 1000 ¹adest;
678 954 723 991 et
744 943 945 1010 protegit
963 944 1101 1007 aegide
1121 943 1300 993 fratrem
1314 981 1326 1002 ‚

144 1017 323 1085 Datque
340 1019 524 1068 animos
551 1021 662 1068 Erat
681 1020 821 1069 Indus
843 1021 977 1071 Athis
991 1060 1003 1081 ‚
1031 1041 1162 1089 quem
1179 1022 1360 1071 flumine
1386 1022 1537 1086 Gange

144 1095 279 1144 Edita
299 1095 501 1144 Limnate
521 1096 672 1146 vitreis
691 1099 926 1165 peperisse.
939 1100 1024 1149 sub
1045 1101 1184 1150 antris

144 1221 374 1258 tumultuaria
405 1223 515 1259 altera
539 1223 596 1259 illa
621 1224 660 1260 in
690 1227 822 1272 nuptiis

145 1274 306 1323 Pyrithoi
317 1288 447 1322 pugna,
458 1276 514 1312 lib.
526 1276 611 1321 XII,
622 1278 685 1313 258
693 1290 701 1312 ε
709 1281 824 1313 Proxi-

145 1340 219 1362 mus
246 1332 286 1362 ut
312 1332 454 1363 steterat
465 1355 475 1371 ‚
513 1334 670 1374 spectans
698 1334 825 1366 altaria

143 1383 240 1430 vulta
250 1381 394 1416 Fumida
411 1385 567 1425 terribili,
586 1395 646 1419 cur
654 1397 719 1418 non
730 1411 739 1426 ‚
753 1387 819 1427 ait,

143 1436 269 1470 utimur
277 1437 356 1469 als-tis
365 1436 385 1472 ?
399 1433 467 1470 Ed.

190 1487 244 1522 38.
267 1488 404 1528 monte,
423 1485 520 1522 deest
540 1490 586 1522 in.
601 1505 647 1514 -—
663 1489 722 1523 Ex
739 1502 826 1529 asse.

144 1536 204 1572 Sic
217 1535 345 1592 Codex
360 1537 492 1584 Regius
507 1538 540 1574 A
553 1553 563 1581 ;
585 1546 621 1574 et
633 1538 755 1575 Codex
767 1541 798 1575 B
811 1566 822 1585 ,

141 1603 186 1624 ex
212 1592 328 1632 hoste,
355 1591 473 1627 sor-san
505 1604 525 1626 e
553 1591 673 1637 glossa.
698 1594 765 1627 Ed.
779 1611 823 1620 —

140 1644 306 1688 palpitat.
333 1642 442 1678 Multi
459 1669 471 1688 ,
505 1647 682 1686 calcitrat,
725 1645 822 1691 quod

141 1695 269 1740 etiam,
292 1694 366 1731 XII
385 1721 396 1740 ,
418 1697 484 1740 240
498 1721 509 1740 ‚
533 1703 569 1731 et
585 1696 687 1741 alibi,
710 1710 822 1743 repe-

140 1750 240 1785 ritur.
249 1749 436 1786 —Nostris
444 1763 588 1799 quoque
599 1751 717 1798 Regiis
726 1778 736 1796 ,
754 1755 824 1788 cal-

139 1806 246 1838 citrat
266 1816 278 1839 .·
302 1802 416 1839 lenius
451 1804 622 1849 verbum,
648 1807 822 1849 palpitat,-

139 1855 243 1895 lectio
272 1863 393 1891 tamen
421 1859 582 1892 calcitrat
616 1858 822 1893 auctoritate

142 1907 319 1944 Codicum
334 1915 511 1955 praestans.
523 1909 629 1945 Dicto
644 1909 721 1944 loco
734 1936 744 1954 ,
759 1923 822 1945 eo·-

140 1960 223 1996 dem
239 1974 344 1996 sensu
354 1987 364 2005 ,
380 1963 520 1996 madida
530 1964 704 2005 resupinus
719 1975 824 1997 arena

140 2018 320 2057 calce'irat,·
333 2013 476 2049 AEneid.
494 2014 547 2058 X,
567 2015 631 2062 730
644 2016 827 2050 :Sternitur

139 2069 264 2115 inst-lia·
272 2068 308 2103 A
309 2081 389 2103 crau
397 2094 407 2110 ,
415 2073 451 2103 et
456 2070 607 2104 calcibus
611 2072 721 2103 atram
736 2069 824 2103 Tun-

140 2123 195 2156 dit
205 2122 338 2155 humum
349 2123 537 2165 exspirans.
554 2120 749 2155 Farnabius
761 2121 824 2166 qui

141 2171 297 2207 admittit
325 2174 485 2208 calcitrat
507 2171 575 2207 hoc
601 2172 749 2207 verbum
774 2172 823 2208 ita

142 2225 413 2272 interpretatur:
439 2240 458 2256 ει
487 2226 591 2261 More
621 2225 823 2261 cadentium

143 2293 162 2310 n
178 2279 216 2314 in
232 2278 303 2314 acie
315 2285 351 2314 et
362 2292 479 2325 pugna
489 2306 500 2324 ,
513 2279 591 2325 qui,
607 2282 664 2325 λὰξ
676 2286 736 2314 aut
750 2281 824 2325 σ’ὸῖιξ

143 2344 162 2361 »
179 2330 272 2377 apud
288 2337 408 2377 poetas
421 2357 430 2375 ,
457 2337 589 2366 terram
608 2331 765 2377 ingratiis
788 2337 824 2365 et

143 2397 161 2413 ι»
180 2382 407 2428 indignanter
421 2382 582 2418 salutant.
600 2397 618 2414 »
635 2384 825 2418 Ed.—-In-

141 2436 269 2469 domita
282 2461 295 2478 ‚¹
314 2435 511 2480 ἀδάμαστος,
529 2435 762 2481 implacabilis.
779 2453 824 2463 -

147 2488 275 2532 Vulgus
294 2513 303 2527 ‚
338 2487 467 2522 milites
497 2487 644 2534 gregarii
663 2502 672 2530 ;
701 2489 823 2524 confer

140 2552 282 2575 versum
295 2552 370 2585 207·
383 2541 584 2585 Coajaemnt,
599 2553 670 2576 una
679 2542 822 2586 jaciunt.

143 2590 281 2627 Confer
294 2604 377 2634 cum
400 2591 467 2627 hoc
488 2591 613 2628 ardore
636 2594 731 2637 XII,
759 2595 823 2638 240

140 2658 216 2691 sqq.
228 2664 274 2672 ——
283 2646 524 2690 Seprohibenle
533 2672 541 2687 ,
559 2646 744 2691 prohibere
752 2660 823 2682 vo-

142 2697 257 2742 lente,
287 2698 519 2744 improbante.
537 2716 582 2724 —
600 2700 657 2734 Ea
679 2703 816 2742 moveri,

144 2762 228 2785 eum
243 2751 435 2786 tumultum
452 2750 599 2787 excitari.

935 1229 988 1274 46.
1010 1231 1147 1265 Bellica
1175 1231 1297 1265 Pallas
1322 1236 1387 1265 etc.
1424 1230 1544 1264 Heroa
1559 1257 1569 1274 ,

890 1296 997 1329 quem
1018 1284 1113 1318 inter
1135 1284 1403 1330 praesentissima
1418 1283 1572 1329 pericula

889 1335 1018 1370 servari
1034 1335 1157 1371 volunt
1169 1362 1179 1380 ,
1206 1350 1226 1371 a
1251 1335 1399 1371 numine
1418 1335 1571 1381 quodam

887 1388 942 1422 vel
966 1394 1097 1423 tectum
1109 1415 1119 1432 ,
1139 1389 1194 1423 vel
1211 1388 1435 1423 admonitum
1457 1395 1570 1434 poetae

887 1438 1039 1484 fingunt.
1050 1440 1108 1475 Sic
1119 1439 1211 1483 XII,
1227 1441 1293 1487 359
1303 1440 1475 1483 ,Theseus
1484 1441 1571 1474 Pal-

885 1493 986 1525 lados
1000 1494 1172 1527 admonitu
1187 1498 1292 1526 tutus.
1307 1494 1428 1526 Pallas
1450 1499 1571 1526 autem

887 1542 1019 1577 Perseo
1041 1543 1081 1577 in
1097 1543 1261 1578 omnibus
1274 1543 1458 1578 itineribus
1478 1542 1570 1578 ade-

885 1601 950 1629 rat.
965 1613 1011 1622 —
1025 1595 1081 1630 De
1101 1597 1226 1640 AEgide
1242 1595 1318 1641 ejus
1334 1595 1430 1630 locus
1446 1595 1568 1631 classi-

886 1659 946 1681 cus
963 1647 1115 1682 Homeri
1125 1647 1173 1691 ι11.
1190 1648 1220 1684 Β
1231 1674 1241 1691 ,
1263 1649 1325 1695 447
1339 1660 1411 1694 sqq.
1425 1666 1470 1674 —
1483 1649 1571 1682 Fra-

886 1703 977 1734 trem.
995 1700 1114 1735 Etiam
1125 1699 1239 1746 Orph.
1255 1699 1299 1734 de
1316 1700 1400 1746 Lap.
1418 1712 1466 1735 xv
1478 1726 1488 1744 ,
1507 1701 1547 1743 42
1558 1725 1568 1740 ,

886 1758 1066 1798 κασίγνητος
1077 1779 1086 1797 ,
1112 1766 1299 1799 germanus
1313 1779 1323 1796 ,
1342 1753 1527 1788 Minervae.

930 1805 982 1850 47.
1006 1805 1112 1839 Athis
1124 1832 1132 1846 ,
1157 1818 1246 1851 puer
1261 1811 1364 1839 tener
1380 1811 1416 1839 et
1433 1804 1547 1839 mollis
1558 1830 1568 1847 ,

888 1856 1006 1901 quales
1019 1857 1135 1892 solent
1146 1857 1306 1892 Orientis
1320 1857 1462 1903 populi,
1481 1869 1571 1902 quo-

886 1921 968 1943 rum
983 1909 1089 1944 etiam
1102 1909 1145 1944 ad
1159 1910 1288 1945 fastum
1298 1916 1441 1944 ornatus
1453 1935 1463 1953 ‚
1481 1910 1572 1944 sorte

886 1959 1114 1996 adumbratus
1129 1967 1182 1996 est
1196 1974 1215 1996 e
1235 1961 1333 2007 Virg.
1351 1961 1405 1996 IX
1418 1987 1428 2005 ‚
1449 1962 1524 1996 581.

931 2013 984 2056 48.
1009 2014 1177 2048 Limnate.
1200 2014 1244 2048 In
1261 2013 1329 2049 hoc
1344 2012 1490 2048 nomine
1507 2025 1570 2047 va-

886 2064 980 2100 riant
1011 2065 1120 2100 MSS.
1147 2065 1314 2101 Heinsius
1341 2064 1569 2102 scribendum

886 2124 1006 2153 censet
1021 2119 1190 2154 Limnatis
1200 2144 1210 2160 ‚
1234 2119 1292 2154 ἀπὶ
1308 2127 1362 2158 τῆς
1377 2123 1494 2164 λίμνης.
1509 2117 1570 2152 Sic

888 2170 980 2216 apud
995 2170 1279 2207 Lacedaemonios
1292 2172 1384 2207 culta
1397 2172 1463 2206 suit
1479 2172 1570 2205 Lim-

886 2227 978 2259 natis
990 2224 1106 2259 Diana
1119 2251 1128 2269 ,
1144 2224 1235 2261 dicta
1245 2239 1264 2260 a
1278 2226 1415 2261 Limnis
1427 2224 1567 2271 oppido.

887 2277 998 2313 Addit
1013 2277 1108 2313 idem
1122 2286 1158 2314 et
1167 2280 1366 2314 Limnacz'as
1375 2279 1442 2326 legi
1455 2291 1566 2324 posse,

886 2342 971 2365 nam
986 2335 1170 2371 λιμνακίδας
1183 2344 1256 2366 esse
1266 2331 1439 2379 nymphas
1452 2329 1570 2376 palus·-

886 2390 1019 2419 tres.—-
1029 2385 1072 2420 In
1088 2384 1216 2420 nostris
1229 2385 1349 2430 Regiis
1359 2390 1568 2429 corruptum

887 2444 939 2472 est
955 2437 1022 2472 hoe
1034 2450 1167 2473 nomen
1180 2438 1375 2484 proprium.
1386 2455 1431 2464 —-
1446 2438 1569 2472 Vitreis

887 2491 948 2523 sub
980 2489 1065 2532 (iu)
1097 2493 1215 2524 aatn's.
1234 2490 1367 2524 Antris=
1381 2500 1446 2533 pro
1469 2489 1570 2522 undis·

889 2547 1081 2587 agnoscunt
1117 2541 1250 2586 primus
1285 2540 1491 2575 Basileensis
1532 2546 1569 2574 et

888 2595 1084 2639 fragmenta
1102 2593 1297 2628 Zulichem.
1324 2592 1419 2628 unde
1434 2593 1569 2639 recepit

890 2647 1069 2682 Heinsius.
1087 2665 1131 2674 --
1161 2646 1308 2682 Codices
1333 2647 1444 2682 nostri
1465 2646 1567 2692 Regii

888 2700 1020 2735 habent
1032 2702 1154 2742 undis;
1172 2699 1332 2736 usitatius
1347 2707 1400 2736 est
1413 2701 1504 2735 unda
1513 2702 1568 2734 vi-

890 2755 962 2786 trea
980 2763 1086 2796 quam
1101 2756 1235 2787 antrum
1248 2756 1404 2795 w'lreum‚·
1414 2751 1501 2787 nihil
1514 2758 1568 2786 ta—
