1832 3100
302 201 383 257 144

662 206 712 247 P.
757 205 991 251 OVIDII
1027 207 1332 254 NASONIS

298 316 319 336 »
345 295 418 343 Fit
440 278 593 354 timor,
622 308 667 345 et
688 298 846 364 pavida
869 299 1060 366 trepidat
1081 299 1316 358 formidine
1339 315 1494 369 pectus
1517 324 1529 353 z

298 399 320 419 »
349 376 516 426 Ultima
542 397 684 444 prona
705 378 775 428 via
797 391 883 438 est,
909 392 953 428 et
977 382 1389 444 egetmoderamine
1410 397 1542 434 certo.

297 481 318 501 »
345 459 472 508 Tunc
494 459 645 518 etiam,
670 479 766 527 quae
786 481 857 510 me
878 462 1088 527 subjectis
1108 465 1269 531 excipit
1290 467 1440 526 undis,

297 562 318 583 »
344 541 412 589 Ne
434 541 548 589 ferar
567 541 616 589 in
633 560 826 609 praeceps
842 581 854 601 ,
877 544 1044 610 Tethys
1067 544 1178 594 solet
1200 547 1295 613 ipsa
1316 549 1466 597 vereri.

294 644 316 663 »
345 622 499 681 Adde,
526 623 649 690 quod
672 624 855 674 adsidua
876 627 1047 692 rapitur
1068 627 1279 691 vertigine
1303 630 1452 678 caelum
1471 650 1481 688 ;
1660 658 1703 679 -0

1663 673 1676 693 A

293 726 315 746 >³
345 704 582 772 Sideraque
605 704 692 754 alta
717 706 852 755 trahit
867 745 878 765 ,
903 707 1117 775 celerique
1135 709 1357 759 volumine
1377 722 1565 778 torquet.

296 810 318 828 »
345 787 476 836 Nitor
497 788 545 836 in
568 789 797 838 adversum
817 811 827 838 ε
845 810 925 840 nec
945 811 1038 849 me,
1065 792 1140 858 qui
1164 805 1322 852 cetera,
1347 795 1484 843 vincit

292 891 314 910 »
341 870 538 935 Impetus
565 889 575 917 z
601 882 646 918 et
666 871 822 937 rapido
849 873 1094 921 contrarius
1119 874 1280 922 evehor
1302 875 1415 923 orbi.

329 1001 383 1035 66.
399 1003 540 1036 Ρανίᾰα.
558 1001 663 1038 Unus
680 1002 818 1038 Heinsii
837 1006 962 1048 gelida.

287 1053 405 1087 Nostri
415 1059 532 1087 autem
535 1056 724 1097 pavida.·—-
733 1057 863 1090 Pavida
873 1056 965 1090 otio-

285 1117 364 1138 sum
388 1104 531 1149 quidem
559 1104 594 1139 h.
614 1104 635 1139 l.
662 1112 734 1147 est3
767 1106 827 1141 sed
851 1107 964 1142 solent

286 1163 398 1201 poetae
421 1155 600 1190 interdum
626 1157 677 1191 uti
699 1157 858 1203 epithetis
880 1158 963 1192 affi-

286 1207 402 1251 nibus,
414 1214 449 1242 et
462 1206 557 1241 idem
568 1209 641 1242 sere
652 1208 854 1244 notantibus
869 1209 962 1254 quod

286 1259 510 1303 substantiva,
530 1260 653 1305 quibus
669 1259 856 1294 adduntur.
867 1260 964 1296 Hinc

279 1312 426 1353 pauidus
451 1314 556 1345 metus
566 1337 575 1351 ‚
607 1314 701 1344 muta
730 1313 866 1345 silentia
898 1317 962 1345 etc.

288 1362 380 1397 Vide
396 1363 656 1397 Burmannum.

328 1416 381 1461 67.
419 1416 548 1450 Ultima
564 1428 672 1459 prona
699 1418 767 1450 via.
790 1415 962 1451 Ascensus

286 1474 428 1512 propter
435 1467 665 1502 adclivitatem
673 1467 793 1509 durus;
804 1467 962 1502 medium

287 1520 365 1563 iter,
381 1526 524 1565 propter
540 1519 773 1563 altitudinem,
787 1519 938 1554 terribile
951 1534 959 1561 ;

289 1571 484 1615 descensus,
494 1578 638 1617 propter
645 1584 762 1606 casum
771 1597 780 1615 ,
797 1571 942 1606 difficilis
951 1585 960 1613 ;

286 1623 360 1658 haec
376 1624 442 1658 tria
458 1624 561 1669 plena
577 1631 691 1659 metus
705 1630 798 1658 sunt.
821 1626 887 1658 Ed.

330 1675 384 1722 69.
409 1677 524 1710 Telbis
538 1678 633 1710 solet.
654 1676 750 1710 Infra
762 1676 858 1719 ,1V,
877 1675 959 1709 532:

284 1730 414 1763 Pontus
428 1730 519 1763 Solis
535 1730 666 1762 anhelis
681 1729 831 1771 AEquora
849 1729 964 1761 subdit

285 1784 387 1825 equis.
395 1780 465 1815 Sed
475 1792 539 1825 pro
553 1780 642 1814 mari
660 1781 774 1813 Telbis
784 1779 820 1812 in
832 1778 961 1825 mythis

286 1833 369 1878 poni
389 1832 487 1867 solet.
504 1833 590 1866 Haec
602 1832 707 1877 igitur
716 1831 806 1865 bene
819 1838 854 1865 et
869 1831 961 1865 exci-

286 1897 367 1930 pere
378 1885 511 1928 Solem,
523 1891 558 1918 et
567 1896 653 1918 vers.
669 1884 742 1927 156,
752 1896 856 1918 mane
864 1883 961 1917 emit-

287 1945 360 1972 tere
377 1936 513 1972 dicitur.
538 1936 586 1970 Et
605 1948 701 1970 nunc
727 1948 808 1970 cum
833 1934 959 1970 dilectu

285 1987 595 2031 commemoratur,
600 1988 679 2033 quia
687 1987 843 2022 timorille
850 1986 886 2020 in
894 1987 961 2032 pri-

288 2041 354 2076 mis
366 2041 530 2075 convenit
548 2039 695 2087 Tethyi,
708 2039 821 2073 amitae
838 2038 961 2073 Phoebi

288 2105 437 2139 quacum
449 2092 513 2126 alia
521 2090 749 2126 confunditur
757 2090 888 2125 Thetis.
895 2092 961 2125 Ed.

332 2157 383 2191 70.
400 2146 575 2187 Vertige‘nc.
597 2145 750 2186 Vertigo,
769 2143 962 2178 circumvo-

285 2198 383 2234 lutio.
407 2198 529 2231 Caelum
547 2202 665 2229 autem
685 2197 814 2238 rapitur
822 2196 962 2228 assidua

287 2253 448 2293 vertigine
463 2261 504 2283 ex
519 2246 654 2282 ratione
667 2246 885 2291 adspectabili
898 2272 907 2289 ,
925 2253 960 2280 et

288 2301 453 2347 opinione
488 2299 661 2333 Veterum
675 2324 685 2341 ,
717 2310 794 2342 quae
823 2297 849 2331 si
878 2310 960 2331 vera

287 2361 376 2388 esset
387 2379 396 2396 ,
414 2358 510 2387 tanta
521 2352 613 2385 soret
625 2350 720 2384 istius
728 2349 961 2384 conversionis

288 2405 443 2440 celeritas
462 2429 472 2446 ,
503 2409 683 2450 quantam,
701 2400 850 2446 cogitare
885 2413 959 2433 non

288 2468 474 2502 possemus.
501 2453 574 2488 Cic.
601 2453 702 2487 Tusc.
725 2464 760 2495 1,
786 2452 837 2486 28.
860 2452 958 2485 Bene

287 2509 393 2553 igitur
415 2509 561 2551 rapitur,
591 2518 661 2550 quo
679 2504 785 2538 verbo
806 2503 960 2539 celeritas

288 2567 323 2594 et
348 2559 569 2593 vehementia
595 2557 798 2591 declaratur.
824 2554 959 2590 Caelum

286 2613 399 2645 sidera
409 2638 417 2651 ,
435 2623 511 2654 quae
524 2610 556 2643 ei
565 2609 658 2643 velut
673 2607 771 2641 affixa
781 2606 958 2650 videntur,

286 2665 399 2702 trahit,
417 2675 535 2697 secum
552 2660 762 2705 circumagit.
776 2660 898 2694 Senec.
915 2658 959 2692 N.

289 2714 337 2759 Q.
366 2715 438 2748 VII
452 2741 461 2757 ‚
496 2726 554 2756 10,
586 2713 703 2747 laudat
724 2712 817 2746 hunc
834 2712 959 2756 -ipsum

1026 1018 1180 1050 versum,
1192 1012 1232 1040 ut
1242 1010 1413 1051 vertfflmk
1427 1007 1499 1042 vim
1512 1006 1595 1042 inde
1607 1020 1703 1043 com-

1026 1059 1151 1104 probet
1166 1064 1178 1103 ,
1207 1059 1398 1107 doceatque
1415 1086 1426 1105 ,
1460 1065 1582 1095 motum
1613 1067 1703 1096 motu

1029 1114 1195 1145 contrario
1211 1114 1311 1146 vinci.

1073 1175 1124 1207 72·
1141 1159 1242 1196 Nitor
1257 1165 1293 1196 in
1316 1164 1498 1197 adversum.
1525 1162 1572 1198 Et
1595 1176 1676 1198 mox
1690 1191 1699 1207 ,

1027 1215 1144 1256 rapido
1157 1217 1345 1248 contrarius
1358 1216 1477 1258 esychar
1489 1217 1565 1249 orbi
1574 1215 1700 1250 eodem

1027 1264 1196 1300 redeunt:
1208 1263 1394 1300 cbntrarius
1407 1270 1496 1307 orbi,
1515 1274 1636 1302 contra
1646 1281 1703 1302 or-

1028 1318 1099 1349 bem
1111 1342 1120 1356 ‚
1147 1315 1169 1350 i.
1184 1329 1214 1350 e.
1230 1316 1363 1350 caelum.
1393 1316 1546 1352 Planetae
1561 1319 1702 1364 proprio

1029 1366 1182 1411 quodam
1195 1375 1296 1402 motu
1307 1369 1471 1403 seruntur
1481 1396 1490 1413 ,
1507 1376 1609 1415 atque
1621 1382 1702 1415 pau—

1027 1418 1126 1452 latim
1142 1418 1184 1453 ab
1201 1431 1323 1453 occasu
1338 1432 1455 1455 versus
1479 1427 1598 1455 ortum
1623 1433 1703 1454 mo-

1027 1477 1155 1504 ventur
1165 1496 1174 1514 ,
1188 1477 1228 1504 ut
1237 1470 1366 1505 docent
1378 1471 1590 1506 Astronomi.
1602 1471 1701 1506 Idem

1029 1520 1176 1556 Veteres
1192 1523 1360 1567 putabant
1369 1522 1412 1558 de
1423 1523 1504 1559 Sole
1515 1524 1610 1559 :vide
1621 1524 1702 1559 Ma-

1026 1573 1119 1607 crob.
1147 1573 1270 1608 somn.
1296 1574 1387 1619 Scip.
1412 1586 1428 1609 1
1439 1601 1449 1618 ,
1478 1576 1538 1616 18;
1570 1576 1702 1624 Hygin.

1027 1625 1126 1659 Poet.
1154 1625 1295 1660 Astron.
1322 1625 1375 1659 IV
1385 1652 1394 1669 ,
1417 1627 1455 1661 13
1468 1641 1478 1669 ;
1496 1627 1586 1661 Plin.
1611 1628 1703 1662 Hist.

1027 1675 1107 1710 Nat.
1126 1675 1162 1710 II
1174 1702 1183 1719 ,
1202 1677 1222 1710 8
1235 1702 1244 1719 ,
1262 1676 1360 1722 cujus
1381 1677 1486 1711 verba
1510 1677 1701 1713 adscribere

1026 1727 1137 1772 placet
1147 1739 1155 1761 ε
1166 1740 1183 1756 «
1193 1726 1369 1761 Omnium
1380 1735 1498 1763 autem
1507 1730 1701 1764 errantium

1025 1778 1180 1813 siderum
1197 1786 1332 1813 meatus
1345 1805 1354 1823 ‚
1377 1780 1539 1825 interque
1556 1794 1597 1815 ea
1613 1781 1702 1816 Solis

1028 1837 1064 1864 et
1077 1830 1187 1865 Lunae
1197 1857 1206 1873 ,
1224 1831 1438 1866 contrarium
1452 1832 1586 1866 mundo
1600 1846 1700 1878 agere

1025 1895 1166 1916 cursum
1178 1908 1188 1926 ,
1201 1882 1235 1916 id
1248 1890 1319 1927 est,
1335 1883 1462 1918 laevum
1478 1883 1701 1930 (Auguribus

1027 1933 1196 1968 Romanis
1208 1933 1305 1979 plaga
1315 1934 1490 1969 orientalis
1499 1937 1582 1969 leva
1590 1935 1698 1978 erat),

1026 1985 1085 2031 illo
1100 1998 1238 2032 semper
1247 1986 1285 2020 in
1300 1985 1456 2020 dextram
1470 1987 1643 2032 praecipiti.
1654 1986 1701 2021 Et

1027 2038 1182 2082 quamvis
1208 2037 1342 2072 assidua
1372 2037 1597 2072 conversione
1625 2038 1700 2072 im-

1026 2102 1156 2124 mensae
1167 2089 1350 2124 celeritatis
1366 2089 1568 2124 attollantur
1583 2089 1625 2124 ab
1637 2101 1680 2124 eo
1689 2116 1699 2133 ,

1025 2141 1274 2186 rapianturque
1296 2140 1334 2174 iu
1352 2153 1532 2184 occasum,
1557 2140 1700 2175 adverso

1026 2199 1145 2227 tamen
1170 2192 1222 2227 ire
1244 2199 1344 2227 motu
1367 2205 1431 2239 per
1456 2206 1536 2228 suos
1553 2205 1698 2239 quaeque

1025 2257 1152 2290 passus.
1170 2245 1224 2279 Ita
1239 2244 1316 2279 fieri
1328 2270 1338 2288 ,
1355 2257 1401 2279 ne
1418 2244 1622 2279 convolutus
1641 2257 1700 2278 aer

1026 2295 1188 2330 eamdem
1203 2296 1242 2330 in
1265 2302 1401 2341 partem
1424 2302 1554 2331 aeterna
1575 2295 1700 2329 mundi

1025 2349 1194 2393 vertigine
1210 2348 1335 2394 ignavo
1351 2347 1452 2393 globo
1470 2353 1622 2392 torpeat,
1637 2345 1698 2381 sed

1025 2401 1202 2443 findatur,
1222 2399 1365 2433 adverso
1383 2398 1538 2433 siderum
1555 2398 1698 2433 'verbere

1025 2452 1191 2486 discretus
1215 2457 1251 2484 et
1273 2449 1434 2495 digestus.
1452 2464 1469 2479 »
1493 2468 1538 2476 ·-
1554 2451 1700 2494 Impetus

1023 2503 1141 2547 igitur,
1153 2501 1334 2535 celerrima
1341 2500 1413 2536 caeli
1421 2496 1696 2544 circumvolutio,

1022 2557 1082 2598 qui
1095 2558 1214 2587 coetera
1230 2552 1342 2587 sidera
1356 2555 1465 2587 vincti*
1479 2579 1488 2596 ,
1508 2564 1626 2587 secum
1641 2564 1698 2585 ra-

1024 2605 1094 2650 pit,
1113 2605 1232 2639 Solem
1245 2617 1382 2649 quoque
1397 2617 1517 2649 rapere
1530 2603 1602 2637 vult
1615 2617 1623 2644 ;
1640 2603 1696 2637 ille

1022 2671 1107 2693 vero
1119 2658 1269 2692 maximo
1284 2669 1366 2691 cum
1378 2657 1493 2691 labore
1505 2661 1628 2690 contra
1640 2655 1697 2688 ni—

1025 2711 1119 2744 titur.
1137 2711 1281 2752 Impetus
1304 2721 1392 2753 saepe
1417 2707 1459 2742 de
1479 2707 1561 2742 caelo
1587 2719 1594 2740 ε
1617 2705 1694 2739 vide
