1832 3100
300 199 386 242 350

660 199 713 242 P.
754 198 988 246 0V1D11
1025 198 1329 246 NASONIS

297 291 434 354 Virga
457 309 608 340 recens
623 328 635 349 ‚
657 290 898 358 bibulaque
921 292 1158 341 etiamnum
1181 293 1275 342 viva
1293 294 1482 346 medulla
1499 334 1512 355 ,

296 369 399 417 Vim
424 369 573 436 rapuit
595 368 806 427 monstri,
833 381 1038 436 tactuque
1061 370 1260 420 induruit
1281 372 1438 438 hujus;

297 446 586 513 Percepitque
610 465 774 494 novum
795 446 926 496 ramis
952 458 996 495 et
1012 447 1167 496 fronde
1191 449 1394 512 rigorem

1642 467 1708 513 74⁵

294 524 358 589 At
381 523 524 591 pelagi
547 523 759 610 Nymphae
780 523 943 572 factum
962 523 1160 573 mirabile
1184 536 1353 575 tentant

297 601 542 650 Pluribus
531 620 577 648 111
601 600 760 663 virgis,
784 611 827 648 et
848 599 962 648 idem
988 601 1241 663 contingere
1259 589 1480 664 gaudent3

298 678 560 743 Seminaque
585 696 636 725 ex
661 675 780 724 illis
769 687 929 724 lterant
948 676 1106 740 jactata
1129 695 1209 743 per
1229 678 1383 726 undas.

293 757 422 804 Nunc
447 773 624 821 quoque
644 753 819 802 curaliis
844 752 993 802 eadem
1016 765 1171 802 natura
1194 754 1428 814 remansit,

295 837 516 885 Duritiem
543 847 659 884 tacto
682 835 857 902 capiant
879 847 930 883 ut
951 835 1007 883 ab
1031 854 1150 893 aere3
1176 835 1384 902 quodque

297 919 456 968 Vimen
481 918 528 966 in
547 936 721 984 aequore
740 928 858 975 erat,
882 916 959 965 fiat
981 936 1115 983 super
1136 936 1309 983 aequora
1333 936 1495 967 saxum.

359 1002 436 1048 VI.
474 999 556 1047 Dis
579 999 723 1066 tribus
746 997 818 1046 ille
841 998 968 1046 focos
990 997 1174 1046 totidem
1199 998 1251 1046 de
1273 999 1434 1065 cespite
1459 999 1589 1066 ponit
1606 1037 1618 1058 ‚

294 1143 437 1178 Hesiod.
451 1143 518 1177 Th.
532 1155 604 1187 270.
621 1142 812 1176 Dicebatur
829 1153 966 1186 quoque

293 1198 440 1241 Phorcys
450 1222 460 1238 ,
474 1197 677 1236 Phorcid0s;
696 1193 774 1228 vide
789 1207 876 1228 vers.
896 1195 967 1239 774.

338 1248 410 1293 743.
429 1248 512 1280 Vina
522 1246 644 1280 eadem
655 1258 731 1290 quae
741 1258 866 1286 recens,
878 1257 969 1278 non-

295 1299 381 1332 dum
410 1298 564 1333 marcida
578 1325 588 1341 ,
615 1298 653 1332 in
684 1298 782 1342 cujus
800 1299 964 1337 medulla,

293 1351 379 1387 vasis
391 1377 400 1394 ,
429 1350 518 1385 succi
535 1350 657 1384 adhuc.
673 1368 717 1376 ·—
735 1352 867 1393 Rapuit
879 1353 962 1388 vim,

292 1402 381 1437 illico
393 1409 531 1447 experta
540 1409 590 1436 est
603 1402 673 1435 vim
690 1401 793 1435 illam.
807 1419 851 1427 —
860 1403 966 1435 Indu-

295 1457 362 1488 ruz'l
375 1480 383 1491 ‚
400 1466 534 1487 saxeam
552 1460 714 1487 naturam
732 1453 881 1498 accepit;
907 1452 968 1487 sed

296 1506 460 1540 duritiem
477 1505 652 1540 Schirach.
670 1512 763 1539 creat
782 1521 814 1540 το
827 1506 937 1547 hujus.

336 1557 407 1600 746.
441 1558 565 1599 pelagi
588 1558 761 1601 Nymphas
791 1567 863 1588 non
896 1556 966 1599 ipse

295 1608 444 1644 Ovidius
457 1608 606 1648 addidit;
623 1607 682 1642 sed
700 1614 735 1641 et
754 1607 917 1652 Orpheus
930 1607 966 1640 in

295 1661 385 1696 Lith.
402 1660 507 1695 habet
520 1686 530 1703 ,
547 1672 746 1704 quanquam
764 1659 810 1693 ibi
825 1659 887 1692 alia
900 1672 964 1693 ea—

294 1727 373 1749 rum
395 1726 509 1759 opera.
526 1713 741 1758 Sanguinem
758 1713 852 1746 enim
868 1738 876 1755 ,
898 1725 966 1756 quo

292 1766 398 1810 virgae
412 1771 583 1807 saturatae,
602 1764 648 1798 ita
662 1763 908 1808 compingunt,
928 1769 967 1796 ut

295 1817 378 1863 lapis
393 1830 464 1852 esse
483 1816 703 1850 videatur.—
720 1817 877 1851 Teutam«.
897 1814 967 1848 ad-

294 1869 398 1904 motis
406 1868 560 1914 pluribus
568 1867 669 1913 virgis
679 1867 834 1912 capiti.—
841 1868 971 1901 lteram!

286 1924 427 1967 jaciata
439 1950 447 1962 ‚
473 1920 628 1967 repetitis
645 1920 774 1955 vicibus
791 1926 966 1964 spargunt.

295 1994 339 2002 -—
359 1976 518 2015 Jactare,
546 1985 661 2008 serere
676 1999 684 2016 ‚
711 1984 883 2016 spargere.

343 2028 415 2073 749.
449 2027 596 2060 Curaliis
626 2025 722 2060 dedit
757 2024 921 2059 Heinsius
949 2035 967 2057 e

295 2074 502 2113 Florentino
519 2078 554 2112 S.
569 2078 680 2112 Marci
693 2084 727 2111 et
738 2076 968 2120 Neapolitano

295 2143 360 2177 pro
370 2132 525 2170 carulas,
547 2130 626 2174 quia
637 2129 841 2163 vetustiores
858 2127 970 2162 Graeci

292 2183 436 2232 κουράλικ
451 2187 486 2214 et
501 2185 644 2228 κούραλλα
658 2180 876 2224 scripserunt.
893 2180 967 2213 Re-

295 2233 340 2280 gii
362 2232 472 2267 nostri
496 2232 626 2266 habent
649 2234 793 2264 corallis.
817 2230 967 2264 Minime

294 2289 409 2322 eadem
424 2290 544 2319 natura
565 2293 616 2320 est
633 2284 671 2318 iis
685 2309 694 2326 ,
714 2295 790 2328 quae
808 2289 859 2316 tat
863 2290 899 2316 to
928 2283 969 2317 ab

297 2353 375 2375 aere
393 2346 427 2373 et
449 2351 467 2372 a
483 2344 573 2372 tacto
593 2336 750 2371 Medusae
767 2335 874 2379 capite
895 2334 968 2368 du-

295 2400 444 2429 rescunt.
463 2391 531 2426 Sed
547 2390 695 2425 Ovidius
710 2401 786 2434 quae
802 2389 844 2422 de
861 2401 969 2422 cura-

295 2447 423 2480 liorum
440 2450 564 2479 natura
585 2442 828 2484 tradebantur,
846 2440 968 2486 mytho

298 2496 560 2533 accommodare
585 2494 705 2528 voluit.
722 2494 776 2527 De
801 2493 841 2527 iis
863 2494 968 2527 etiam

300 2549 390 2584 Plin.
415 2549 505 2582 Hist.
531 2549 610 2582 Nat.
635 2546 799 2588 XXXII,
824 2556 875 2587 11,
905 2556 966 2578 11:

297 2601 420 2633 Baccae
435 2601 586 2633 candida·
603 2601 662 2632 sub
685 2610 773 2642 aqua
787 2602 821 2631 et
833 2597 968 2630 molles:

294 2656 431 2684 exemloe
458 2651 631 2693 conseslim
661 2653 821 2684 durantur
845 2653 879 2683 el
903 2662 968 2682 ru-

298 2705 442 2737 bescunt.
458 2703 585 2744 Aiunt,
605 2707 696 2736 tactu
702 2706 854 2746 protinus
873 2704 968 2745 lapi-

1033 1143 1172 1174 descere.
1196 1139 1332 1175 Verum
1352 1139 1426 1176 haec
1443 1147 1568 1176 natura
1585 1142 1706 1177 cortici

1034 1199 1170 1226 tantum
1182 1199 1232 1226 est
1241 1218 1250 1235 ‚
1263 1205 1333 1226 non
1348 1192 1504 1227 interiori
1516 1194 1618 1239 parti,
1631 1207 1708 1239 quae

1033 1244 1104 1289 jam
1113 1244 1176 1278 sub
1188 1257 1276 1289 aqua
1293 1239 1573 1290 dura‘reperitur.
1584 1264 1628 1271 ·—
1646 1248 1708 1280 Vi-

1034 1309 1106 1330 men
1118 1323 1126 1336 ‚
1149 1297 1170 1330 i.
1185 1309 1215 1342 q.
1235 1299 1337 1341 virga.
1359 1295 1541 1331 Claudian.
1558 1297 1592 1332 X
1610 1323 1621 1340 ,
1646 1297 1708 1345 169

1031 1362 1080 1394 sq.
1095 1362 1102 1383 :
1126 1351 1242 1383 Vl'men
1258 1358 1348 1389 erat,
1366 1351 1443 1383 dum
1462 1354 1586 1393 stagna
1608 1352 1707 1384 subit.

1031 1405 1246 1437 processerat
1252 1404 1352 1436 uadis
1361 1414 1371 1435 :
1379 1402 1598 1446 gemmasul‘t.
1611 1402 1707 1436 Hinc

1030 1457 1217 1501 lt‘lhophyla
1233 1454 1333 1489 dicta.
1346 1454 1463 1490 Hodie
1479 1455 1607 1490 cuz-alia
1623 1455 1707 1490 ani-

1031 1506 1184 1540 malculis
1209 1505 1381 1551 originem
1406 1505 1533 1546 debere
1558 1505 1705 1541 cra-Inn-

1031 1565 1101 1600 tur,
1117 1571 1316 1603 quanquam
1326 1571 1404 1592 eam
1414 1558 1616 1603 opinionem
1626 1559 1702 1593 im·-

1030 1615 1161 1654 pugnat
1194 1609 1366 1643 Mullerus
1379 1635 1388 1652 ,
1418 1622 1526 1654 quem
1552 1609 1630 1644 vide
1661 1609 1705 1643 ad

1032 1660 1166 1694 Linnaei
1181 1660 1342 1707 Systema
1353 1661 1496 1695 Naturae
1509 1686 1519 1704 ,
1537 1667 1620 1695 tom.
1632 1660 1684 1696 VI
1697 1687 1706 1703 ‚

1031 1725 1063 1758 p.
1080 1713 1144 1755 643
1164 1724 1237 1756 sqq.

1076 1765 1241 1807 752-802.
1255 1764 1403 1798 ,Medusoe
1413 1768 1522 1808 caput.
1540 1763 1639 1798 Inter
1650 1776 1708 1809 po-

1030 1817 1105 1851 eula
1124 1818 1270 1851 Perseus
1294 1817 1363 1862 ipse
1389 1823 1508 1851 narrat
1521 1842 1530 1860 ,
1549 1825 1622 1861 qua'
1634 1823 1707 1850 arte

1033 1868 1190 1903 Medusae
1208 1868 1310 1913 caput
1327 1867 1515 1903 abstulerit.
1548 1867 1610 1902 Est
1634 1867 1708 1902 haec

1032 1922 1144 1955 fabula
1162 1934 1232 1956 una
1249 1934 1290 1956 ex
1306 1921 1548 1966 antiquissimis
1566 1947 1576 1964 ,
1601 1933 1706 1966 quam

1033 1986 1051 2007 a
1070 1973 1290 2008 Phoenicibus
1303 1999 1312 2016 ‚
1338 1973 1396 2018 qui
1414 1973 1566 2007 Africam
1586 1979 1707 2007 extre-

1033 2039 1127 2060 mam
1148 2026 1325 2070 adierant,
1343 2025 1436 2060 haud
1454 2025 1558 2060 dubie
1579 2033 1707 2071 aceep-

1034 2085 1105 2111 tam
1136 2077 1249 2112 Graeci
1276 2078 1392 2112 Persei
1419 2077 1523 2111 rebus
1541 2077 1706 2111 inserue-

1033 2137 1127 2164 runt.
1144 2131 1349 2164 Narraverat
1367 2141 1444 2163 eam
1463 2128 1681 2175 Pherecydes
1697 2143 1705 2170 ;

1033 2188 1238 2216 tractaverat
1257 2181 1360 2215 etiam
1378 2180 1556 2227 AEschyles
1575 2180 1610 2214 in
1628 2186 1707 2214 tra-

1035 2234 1143 2280 goedia
1157 2235 1354 2273 Phorcides,
1373 2233 1431 2278 qui
1441 2232 1534 2266 idem
1545 2258 1555 2275 ,
1568 2232 1604 2266 in
1617 2233 1707 2267 Pro-

1034 2287 1140 2322 meth.
1160 2289 1221 2334 798
1237 2300 1308 2331 sqq.
1325 2313 1335 2329 ,
1352 2286 1395 2320 de
1411 2285 1635 2330 Gorgonibus
1649 2297 1708 2319 ea—

1034 2345 1183 2383 rum‘que
1204 2338 1379 2372 sororibus
1401 2336 1571 2370 nonnulla
1593 2335 1707 2370 habet.

1035 2390 1106 2424 Nos
1121 2402 1198 2424 eam
1218 2388 1395 2423 haurimus
1413 2401 1453 2422 ex
1472 2387 1616 2422 Hesiodi
1639 2386 1707 2420 Th.

1035 2444 1211 2487 270-285;
1240 2441 1335 2475 Scut.
1354 2440 1496 2474 Hercul.
1524 2440 1587 2474 216
1608 2452 1706 2484 sqq.;

1035 2494 1211 2529 Eratosth.
1230 2508 1289 2537 αα,
1309 2506 1413 2538 quem
1431 2493 1606 2528 transtulit
1629 2493 1707 2538 Hy-

1034 2547 1102 2592 gin.
1120 2547 1157 2580 P.
1177 2546 1289 2588 A.11‚
1313 2559 1349 2579 12
1367 2560 1374 2586 ;
1394 2545 1556 2590 Apollon.
1572 2544 1627 2587 II,
1645 2554 1703 2585 1v,

1003 2625 1015 2635 ,
1034 2610 1074 2637 23
1093 2596 1207 2631 schol.
1234 2596 1391 2641 Apollon.
1410 2597 1483 2639 lv,
1503 2597 1606 2635 1515;
1624 2593 1703 2628 Or—

1034 2647 1112 2692 phei
1132 2661 1237 2682 carm.
1266 2647 1308 2682 de
1335 2647 1453 2693 Lapid.
1475 2657 1546 2689 xv,
1566 2646 1609 2678 30
1631 2657 1704 2689 sqq.

1036 2700 1196 2735 Studiose
1217 2701 1399 2746 scriptores
1415 2706 1549 2734 veteres
1574 2698 1703 2743 quaesi—
