1832 3100
385 265 1076 315 METAMORPHOSEON
1114 266 1244 310 LIB.
1279 267 1368 311 IV.

1511 263 1591 318 341

179 353 394 414 Constitit
415 361 656 430 Hesperio,
681 360 831 424 regnis
855 359 1053 408 Atlantis
1069 396 1081 417 ,
1107 358 1153 406 in
1179 359 1312 416 orbe;

177 440 480 506 Exiguamque
504 438 619 505 petit
641 437 840 504 requiem
855 474 867 495 ‚
894 435 1000 485 dum
1024 435 1204 484 Lucifer
1225 435 1353 498 ignes

178 519 347 567 Evocet
367 517 574 573 Aurorae,
601 534 757 564 currus
780 515 958 563 Aurora
980 513 1178 585 diurnos.

177 595 264 644 Hic
284 594 519 643 hominum
543 606 730 643 cunctos
753 593 927 656 ingenti
951 587 1137 658 corpore
1159 601 1372 657 praestans

1544 602 1610 636 630

176 672 474 740 Iapetionides
498 672 627 721 Atlas
645 672 730 720 fuit
749 692 759 719 :
781 670 938 719 ultima
961 669 1093 718 tellus

177 750 298 814 Rege
323 750 408 799 sub
431 750 517 798 hoc
532 788 544 808 ‚
568 762 613 799 et
633 761 800 817 pontus
825 761 937 806 erat,
965 747 1042 815 qui
1067 746 1186 795 Solis
1209 745 1378 795 anhelis

175 829 377 896 AEquora
399 829 554 878 subdit
574 828 700 896 equis
717 866 729 887 ‚
757 840 801 877 et
822 828 964 877 sessos
987 826 1154 893 excipit
1174 844 1289 875 axes.

175 910 304 961 Mille
323 931 478 976 greges
502 911 592 971 illi,
618 911 895 978 totidemque
920 922 1113 959 armenta
1138 928 1220 976 per
1241 908 1402 957 herbas

175 995 399 1044 Errabant
418 1015 428 1054 ;
455 1007 498 1044 et
519 995 707 1044 humum
730 995 892 1043 vicinia
914 994 1039 1043 nulla
1062 993 1333 1060 premebant.

1539 1004 1606 1038 635

175 1077 389 1127 Arboreae
411 1077 595 1126 frondes
610 1115 623 1138 ,
648 1074 757 1127 &iro
777 1077 975 1127 radiante
995 1077 1186 1125 virentes
1200 1112 1212 1134 ,

176 1221 237 1257 ubi
259 1222 493 1269 Mauritania,
518 1224 673 1260 Atlantis
694 1238 856 1271 regnum.

176 1293 221 1301 —
233 1276 367 1310 Evocat
382 1289 403 1311 e
427 1276 522 1323 regia
542 1276 654 1322 Solis,
675 1277 712 1312 in
730 1290 798 1323 qua
822 1284 858 1312 et

175 1327 258 1374 vigil
283 1327 424 1364 Aurora
453 1336 490 1365 et
513 1342 636 1365 currus
666 1332 794 1371 diurni,
820 1329 857 1364 id

176 1389 230 1418 est
241 1408 252 1427 ‚
268 1382 406 1419 solares.
426 1384 463 1419 II
475 1410 485 1428 ‚
506 1385 568 1420 106
580 1398 653 1430 sqq.
678 1384 857 1420 Vocariab

177 1433 291 1480 aliqua
303 1447 342 1469 re
362 1434 490 1470 dicitur
506 1435 543 1470 id
554 1462 564 1480 ,
582 1436 676 1482 quod
697 1449 776 1471 eam
793 1449 858 1471 se-

177 1485 308 1530 quitur.
320 1485 444 1533 Virgil.
460 1485 590 1533 Georg.
603 1488 640 1531 1,
661 1488 726 1523 388
746 1500 754 1522 :
780 1489 859 1522 Vo-

177 1541 396 1583 catplun'am
413 1543 541 1575 comit.
558 1540 737 1575 Leidensis
753 1539 859 1574 habet

170 1597 330 1636 provocet
342 1604 356 1635 ‚·
384 1593 496 1628 nostri
513 1593 638 1639 Regii,
668 1597 789 1628 evocet.
814 1610 858 1618 -

179 1643 311 1679 Currus.
338 1644 458 1681 Nostri
475 1644 596 1690 Regii,
620 1657 748 1680 cursus.

219 1694 298 1730 630.
309 1696 458 1731 Cunctos
463 1697 643 1738 hommum,
661 1710 774 1743 graeco
785 1710 859 1732 mo-

173 1759 225 1782 re.
242 1746 317 1782 Liv.
334 1748 440 1783 XXX
450 1775 460 1793 ,
479 1762 521 1796 9,
538 1750 691 1794 expediti
705 1751 857 1785 militum.

174 1801 383 1842 ——Cunclos‚
400 1813 466 1846 pro
473 1804 622 1842 cunctat,
638 1800 737 1836 dedit
747 1801 859 1836 Hein-

172 1851 243 1887 sius
258 1864 301 1887 ex
315 1851 524 1888 Florentino
541 1852 578 1888 S.
596 1853 710 1888 Marci
724 1879 734 1896 ,
761 1853 858 1888 Ber—

174 1904 390 1950 neggeriano
414 1911 451 1940 et
475 1905 586 1939 tribus
611 1904 694 1939 aliis.
729 1904 859 1942 Noster

177 1956 310 2003 Regius
334 1957 368 1992 A
381 1983 391 2001 ,
406 1960 562 1999 cunctas-3
586 1964 757 1992 neutrum
772 1956 861 1991 mihi

177 2009 312 2055 placet;
329 2015 366 2044 et
380 2009 484 2044 lectio
500 2007 641 2044 Codicis
657 2009 687 2044 B
699 2034 709 2052 ,
725 2014 858 2051 eustos,

178 2060 251 2096 sola
261 2060 396 2096 sincera
406 2060 495 2096 mihi
506 2060 645 2096 videtur
658 2073 666 2095 ι
677 2060 770 2106 apud
783 2061 861 2095 Ho-

179 2124 322 2148 merum
338 2113 436 2148 enim
449 2119 486 2148 et
502 2119 646 2149 caeteros
658 2120 777 2159 poetas
786 2139 796 2158 ,
809 2126 862 2148 re-

180 2179 240 2212 ges
253 2173 338 2202 sunt
351 2168 487 2211 πυιμὲυες
498 2171 593 2209 λαῶν,
611 2173 778 2211 pastores,
788 2178 862 2201 cus·

179 2217 279 2253 todes
291 2218 513 2264 populorum.
529 2219 596 2252 Ed.
606 2218 780 2259 -Allas,
804 2219 862 2253 Ia-

179 2271 253 2316 peti
267 2270 359 2306 filius
375 2297 386 2315 ,
400 2270 624 2306 Mauritaniae
638 2283 699 2306 rex
709 2295 719 2313 ,
734 2282 859 2315 quem,

179 2336 292 2370 quum
306 2323 542 2359 Astronomiae
562 2329 652 2358 emet
665 2321 839 2358 studiosus
849 2347 860 2367 ,

177 2375 420 2422 spheramque
434 2375 643 2418 invenisset,
659 2374 784 2410 caelum
792 2373 863 2409 hu-

178 2429 465 2465 merissustinere
472 2435 585 2475 poetae
601 2428 791 2463 finxerunt.
803 2427 862 2463 Sic

181 2479 255 2516 Cic.
274 2481 380 2517 Tusc.
396 2481 445 2525 V,
461 2481 506 2524 3;
529 2480 652 2516 Isidor.
670 2480 728 2515 lib.
745 2480 835 2516 XIV
849 2507 861 2525 ,

178 2546 251 2579 cap.
269 2534 301 2568 8.
313 2550 358 2560 —
378 2533 518 2568 Ultima.
535 2532 628 2568 Vide
645 2532 687 2567 ad
706 2532 767 2576 11,
787 2534 861 2576 254.

178 2603 222 2613 —
230 2585 361 2619 Pontus
371 2597 503 2629 equora
514 2586 645 2626 subdit,
667 2583 786 2619 subdit
799 2597 836 2620 se
850 2610 860 2628 ,

179 2649 286 2682 aquas
297 2649 375 2672 suas
383 2662 393 2677 ,
405 2635 509 2671 undis
522 2636 592 2671 suis
603 2636 728 2682 excipit
742 2648 862 2682 equos.

181 2689 307 2735 virgil.
322 2687 465 2723 AEneid.
480 2688 534 2731 X,
556 2688 617 2723 103
636 2701 644 2723 :
651 2691 775 2731 premit
780 2690 863 2732 pla-

182 2744 263 2778 cida
271 2753 402 2787 equora
410 2745 534 2785 ponlus
543 2767 551 2782 ‚
565 2740 697 2786 premit
706 2753 784 2776 suas
794 2753 864 2775 un-

185 2793 269 2840 das,
294 2801 335 2831 ut
351 2794 540 2841 quiescant.
567 2812 612 2822 —
635 2794 766 2832 Arbele·
789 2796 870 2840 equi

923 1225 996 1269 jam
1014 1222 1143 1258 orienti
1160 1220 1235 1256 Soli
1253 1220 1384 1255 dantur
1400 1231 1419 1254 a
1434 1218 1584 1265 Virgilio
1596 1245 1607 1263 ‚

923 1276 1053 1322 Georg.
1082 1275 1122 1319 I,
1148 1276 1224 1309 250.
1247 1291 1292 1300 --
1314 1276 1418 1309 Fessi
1434 1284 1540 1312 axes,
1569 1277 1610 1306 ut

913 1327 1020 1373 sessoe
1034 1341 1137 1365 cursu
1156 1340 1267 1363 naves.
1287 1326 1421 1363 Plinius
1434 1352 1444 1370 ,
1462 1326 1495 1359 V
1511 1351 1521 1368 ,
1541 1324 1607 1371 Ep.

923 1392 963 1417 vl
977 1408 986 1424 ,
1014 1383 1054 1426 ¹4
1070 1394 1078 1416 :
1095 1394 1198 1415 auras
1213 1383 1324 1425 spatio
1340 1382 1415 1423 {oso
1430 1380 1557 1412 lassas.

966 1435 1042 1469 635.
1068 1435 1193 1468 Errare
1208 1433 1357 1468 verbum
1376 1430 1560 1478 proprium
1573 1436 1610 1464 et

924 1486 1063 1532 elegans
1090 1485 1133 1520 de
1163 1484 1324 1532 gregibus
1352 1490 1388 1518 et
1415 1482 1584 1518 armentis
1597 1507 1608 1525 ,

924 1551 1001 1584 quae
1018 1542 1210 1584 pascuntur
1224 1537 1262 1572 in
1282 1542 1394 1583 prato.
1413 1535 1582 1581 Virgilius
1598 1560 1609 1578 ,

923 1591 1053 1636 Georg.
1071 1590 1088 1625 I
1106 1615 1116 1633 ,
1145 1593 1185 1625 15
1204 1602 1212 1624 :
1228 1592 1287 1624 cui
1303 1590 1510 1623 Tercentum
1523 1590 1615 1622 nivei

922 1645 1062 1677 tondent
1075 1644 1210 1677 dumeta
1218 1641 1370 1685 juvenci.
1393 1639 1520 1675 Priscis
1537 1652 1608 1673 au-

922 1700 997 1728 tem
1019 1692 1255 1739 temporibus,
1271 1705 1387 1738 greges
1405 1699 1442 1727 et
1457 1694 1610 1726 armenta

923 1748 1084 1782 maximae
1109 1746 1268 1793 ipsorum'
1292 1758 1418 1792 regum
1446 1757 1540 1790 opes.
1564 1761 1609 1770 ·-·

930 1802 964 1835 V
961 1803 1066 1834 icinia
1077 1802 1172 1834 nulla
1185 1826 1194 1843 ,
1211 1799 1291 1845 quia
1303 1799 1339 1832 in
1356 1805 1513 1832 extremo
1522 1796 1608 1830 orbe

926 1851 1155 1891 terrarumad
1171 1851 1358 1886 Oceanum
1372 1849 1609 1884 habitabat.—

924 1905 1133 1938 Premebant.
1140 1902 1260 1938 Nostri
1269 1901 1382 1948 Regii,
1387 1903 1561 1945 premebat
1564 1904 1613 1934 υί-

925 1959 1019 1990 cim‘a
1036 1955 1074 1990 in
1094 1955 1268 1990 feminino
1295 1967 1436 2001 genere.
1459 1956 1610 1989 Premere

927 2009 1126 2055 eleganter,
1144 2021 1208 2055 pro
1223 2009 1409 2049 includere,
1429 2020 1589 2042 coercere.

963 2062 1038 2099 636.
1049 2063 1207 2098 Arboreae
1205 2061 1350 2106 frondes
1356 2067 1421 2095 etc.
1429 2060 1519 2096 Haec
1527 2073 1591 2096 sun
1597 2067 1611 2094 t

925 2113 984 2149 illa
1002 2127 1106 2150 aurea
1115 2127 1219 2159 poma
1229 2141 1239 2155 ‚
1264 2125 1341 2159 quae
1357 2112 1414 2147 alii
1430 2112 1611 2158 Hesperi—

927 2166 1028 2202 dibus
1038 2193 1049 2211 ,
1062 2166 1215 2202 Atlantis
1225 2165 1359 2201 filiabus
1371 2191 1381 2209 ,
1396 2165 1609 2200 tribuebant.

928 2220 1103 2255 Veterum
1118 2219 1174 2254 alii
1190 2219 1297 2254 citrea
1311 2217 1366 2253 vel
1378 2216 1536 2252 aurantia
1553 2217 1612 2252 in-

926 2270 1114 2318 telligenda
1142 2284 1216 2307 esse
1243 2271 1413 2318 putabant
1433 2295 1443 2314 ,
1477 2268 1609 2303 Athen.

926 2324 983 2360 lib.
999 2324 1055 2360 III
1065 2350 1075 2368 ,
1089 2338 1122 2371 p.
1137 2325 1178 2360 82
1193 2337 1243 2369 sq.
1256 2350 1266 2367 ,
1279 2322 1335 2358 alii
1345 2335 1427 2358 oves
1441 2327 1612 2368 praestan-

927 2376 1074 2412 tissimas
1091 2377 1210 2412 colore
1228 2376 1335 2411 rutilo
1344 2390 1358 2421 3
1383 2374 1495 2421 poetis
1510 2373 1610 2408 enim

927 2442 1011 2465 oves
1023 2434 1108 2475 μῆλα
1124 2428 1340 2464 dicebantur.
1366 2426 1513 2461 Diodor.
1539 2427 1608 2471 lv,

928 2495 960 2527 p.
972 2482 1036 2516 233
1049 2496 1058 2523 3
1078 2480 1229 2527 Palaeph.
1245 2493 1294 2528 ¹9·
1307 2479 1433 2524 Quum
1438 2491 1542 2523 poma
1551 2491 1612 2513 au-

928 2546 988 2568 rea
1009 2533 1061 2568 his
1080 2533 1261 2568 arboribus
1285 2531 1364 2566 data
1387 2536 1504 2566 essent
1518 2557 1528 2574 ,
1555 2529 1612 2564 alii

928 2593 963 2621 et
964 2585 1110 2630 frondes
1120 2597 1294 2630 ramosque
1302 2583 1481 2620 finxerunt
1497 2597 1538 2619 ex
1549 2597 1613 2618 eo-

929 2638 1012 2672 dem
1027 2637 1180 2673 metallo.
1198 2638 1242 2672 In
1260 2637 1473 2672 Mauritania
1491 2636 1612 2672 hortos

927 2689 1003 2724 illos
1021 2689 1236 2725 collocarunt
1251 2696 1287 2724 et
1302 2688 1382 2734 alii,
1399 2696 1439 2724 ut
1457 2688 1610 2730 Plinius,

930 2741 1024 2776 Hist.
1035 2742 1115 2778 Nat.
1128 2741 1177 2786 V,
1191 2744 1209 2777 5
1218 2769 1227 2783 ,
1241 2741 1284 2777 de
1295 2741 1380 2776 Lixo
1393 2768 1403 2785 ,
1413 2741 1501 2776 illius
1511 2748 1614 2776 terrae

931 2793 1018 2832 urbe
1029 2819 1041 2840 ,
1053 2796 1106 2830 ibi
1111 2798 1148 2830 et
1158 2795 1380 2839 Hesperidum
1390 2795 1497 2837 hortm·
1517 2805 1619 2828 non-
