1832 3100
334 213 1041 262 METAMORPHOSEON
1071 217 1198 262 LIB.
1233 218 1272 262 1.

1435 232 1451 261 1
1462 233 1520 279 09

93 311 156 360 Et
177 309 288 360 levis
307 309 509 378 impexos
532 321 654 359 retro
680 309 814 359 dabat
835 328 942 358 aura
963 308 1148 376 capillos
1169 329 1180 368 3

92 389 328 455 Auctaque
346 387 488 437 forma
505 387 612 452 fuga
629 399 698 437 est
718 407 727 435 :
749 387 826 436 sed
842 387 961 436 enim
979 407 1071 436 non
1089 387 1279 436 sustinet
1299 387 1415 438 ultra
1460 404 1527 440 530

93 466 284 529 Bet-dere
305 465 547 516 blanditias
566 465 741 532 juvenis
765 467 888 515 Deus
908 486 919 516 :
943 478 1084 534 utque
1107 466 1316 515 movebat

93 545 195 611 Ipse
217 542 389 604 Amor..
408 543 602 594 admisso
629 544 832 612 sequitur
853 545 1040 609 vestigia
1064 549 1212 612 p'assu.

93 623 162 670 Ut
184 622 307 671 canis
329 623 379 671 in
402 640 542 672 vacuo
568 621 766 689 leporem
792 641 930 690 quum
959 621 1156 672 Gallicus
1178 642 1281 672 arvo

95 703 245 762 Vidit3
271 715 316 752 et
336 702 412 751 hic
433 701 627 770 praedam
648 701 841 768 pedibus
863 702 1001 769 petit,
1025 701 1100 751 ille
1123 701 1311 751 salutem
1333 721 1344 749 :

95 780 226 831 Alter
247 781 470 830 inhaesuro
494 779 676 838 similis,
697 779 787 845 jam
807 778 986 846 jamque
1009 791 1158 828 tenere

1468 792 1533 829 535

99 864 262 931 Sperat
275 901 288 924 ‚
317 874 362 912 et
383 873 562 912 extento
588 861 769 926 stringit
785 862 970 926 vestigia
990 874 1139 911 rostro
1163 882 1175 911 :

99 945 232 996 Alter
257 945 304 995 in
329 945 543 1008 ambiguo
569 956 662 1003 est,
690 963 746 993 an
769 944 829 993 sit
852 945 1096 1013 deprensus
1112 983 1124 1004 ‚
1152 957 1196 995 et
1218 944 1329 1013 ipsis
1398 1014 1400 1016 ³

100 1098 199 1122 nunc
205 1098 346 1132 sursum
353 1084 658 1132 agitaretur,nunc
666 1095 790 1128 expan-

102 1139 249 1175 deretur
261 1166 271 1184 ,
294 1151 393 1173 nunc
418 1143 515 1172 retro
539 1135 679 1170 ssueret.
709 1135 791 1170 Pari

103 1198 300 1235 venustate,
317 1191 368 1235 II,
386 1191 450 1235 875
463 1202 471 1224 ε
483 1190 629 1223 tremule
642 1191 793 1222 sinuan-

105 1249 162 1279 tur
163 1244 308 1289 flamine
323 1245 444 1276 vestes.
466 1238 523 1274 Cf.
541 1246 576 1274 et
602 1239 675 1283 XI,
701 1240 791 1283 4703

107 1297 200 1332 Fast.
219 1296 296 1339 III,
319 1296 393 1330 585.
413 1293 534 1328 Verba
549 1295 648 1329 obvia
671 1298 706 1328 et
720 1295 793 1327 ad-

107 1363 232 1393 versas,
247 1348 476 1397 plenitudinis
488 1361 602 1391 causa,
614 1361 688 1382 non
702 1348 793 1384 male

107 1402 227 1439 addita
238 1417 248 1446 ;
262 1401 325 1438 sed
338 1402 457 1436 minus
466 1399 647 1447 probanda
659 1413 794 1436 cumu-

108 1456 194 1491 latio
211 1454 401 1491 verborum
411 1454 679 1498 venti,flam1·na,
698 1466 794 1488 aura.

108 1509 356 1545 —Wbmbant
370 1505 481 1543 Palat.
495 1508 687 1547 smuabaat,
700 1505 795 1551 quod

110 1561 238 1597 Burm.
255 1558 450 1606 elegantius
461 1557 603 1604 judicat.
622 1559 675 1594 Ita
691 1571 774 1594 sane
784 1585 794 1603 ‚

110 1613 148 1649 ΙΙ
160 1639 170 1657 ,
188 1614 272 1659 875;
290 1609 350 1647 sed
368 1616 472 1657 poeta
494 1610 610 1656 potuit
631 1609 796 1645 eamdem

110 1679 188 1702 rem
198 1665 344 1702 variare.
356 1663 485 1700 Eidem
495 1663 602 1699 etiam
611 1690 621 1707 ‚
638 1670 678 1698 ut
687 1664 797 1709 magis

111 1718 301 1765 poeticum,
311 1730 330 1752 e
337 1716 452 1763 Regio
458 1715 614 1762 placebat
622 1717 797 1750 adversam

111 1769 434 1808 vestem—Nostri
454 1767 588 1812 codd„
609 1771 798 1803 vibrabant.

157 1828 233 1873 529.
241 1826 293 1860 Et
296 1827 380 1860 levis
387 1827 547 1869 impexos.
555 1822 675 1858 Nostri
683 1821 799 1858 Codd.

112 1882 148 1915 ei
161 1881 244 1913 lentr
260 1880 434 1923 impulsos.
451 1903 453 1905 .

158 1930 235 1966 530.
242 1927 534 1974 Auclaquesorma
539 1931 601 1962 est.
606 1925 785 1962 Cod.R.B.
790 1952 800 1970 ,

115 1983 458 2028 AuctaDeoflamma
464 1985 525 2015 est.
536 1978 578 2014 C.
589 1979 634 2014 R.
644 1979 700 2023 A„
711 1979 801 2013 Auc-

116 2032 362 2078 {asugasorma
369 2037 430 2068 est.
445 2032 527 2066 Hoc
537 2030 703 2065 ultimum
714 2042 803 2064 con-

117 2085 257 2120 cinnius
266 2084 416 2120 videtur.
426 2102 469 2109 —
476 2085 647 2124 Sedenim,
664 2089 698 2116 at
706 2094 801 2115 vero.

119 2154 164 2162 -··
175 2138 253 2171 Noa
268 2139 431 2177 suslt‘ncre
448 2135 627 2180 eleganter
639 2133 802 2177 dicimur,

120 2186 163 2222 ad
175 2200 253 2233 quae
262 2185 476 2233 perficienda
486 2197 559 2221 non
570 2185 651 2220 satis
660 2184 714 2219 vel
726 2183 804 2219 ani-

120 2240 170 2274 mi
179 2239 234 2275 vel
245 2238 434 2274 voluntatis
445 2237 625 2272 habemus.

164 2293 396 2329 531.Juoem·s.
407 2291 535 2338 Apollo
551 2291 648 2326 enim
666 2291 715 2326 ἀεὶ
728 2293 803 2335 νέος,

120 2351 157 2381 et
169 2345 219 2381 sic
230 2346 338 2381 etiam
348 2345 386 2380 in
399 2343 643 2380 monumentis
655 2343 806 2388 antiquis

120 2405 404 2444 repraesentatur.
412 2397 530 2434 Schol.
543 2397 631 2432 Stat.
643 2397 659 2433 Ι
671 2423 680 2442 ,
692 2396 805 2432 Theb.

121 2451 207 2499 694,
223 2463 363 2486 causam
374 2447 490 2485 reddit
505 2449 616 2494 hanc,
634 2451 727 2495 quod
732 2452 807 2493 ilnc

121 2509 172 2540 sit
184 2508 246 2540 sol.
261 2506 323 2539 Sol
332 2509 443 2539 aulem
459 2507 549 2549 ignis
562 2509 628 2544 est,
647 2507 708 2549 qui
717 2516 807 2538 nun-

119 2571 221 2604 quam
235 2562 390 2595 senescit.
407 2556 588 2594 Ceterum
602 2557 639 2592 in
657 2557 724 2593 hoc
737 2570 806 2592 no·-

122 2613 220 2648 mine
238 2613 329 2648 inest
346 2611 382 2647 h.
404 2611 426 2646 l.
447 2624 548 2647 causa
562 2611 709 2652 suroris,
735 2623 806 2656 quo

122 2665 322 2712 insequitur
335 2663 542 2713 nympham.
561 2682 605 2690 —
623 2665 799 2705 Manebat,

122 2716 529 2758 incitabat—Mardoi.
547 2713 590 2751 C.
608 2714 710 2750 R-B.
728 2727 807 2750 mo-

855 1087 975 1127 nebat,
996 1085 1086 1120 sacili
1107 1085 1304 1120 mutatione
1328 1090 1382 1121 τοῦ·
1401 1098 1424 1120 u
1442 1084 1481 1120 in
1508 1099 1543 1122 π.

899 1138 1149 1179 532.Adm1·ss0‚
1160 1137 1425 1183 celeri-Proprie
1433 1150 1544 1184 equus

858 1188 986 1224 dicitur
996 1192 1146 1231 admitti,
1172 1202 1284 1235 quum
1300 1189 1408 1225 srenis
1425 1190 1545 1226 laxatis

858 1240 1025 1276 incitatur
1035 1241 1078 1276 ad
1089 1254 1294 1277 cursum.—
1302 1242 1458 1287 Sequitur
1463 1254 1543 1277 ves-

858 1296 953 1338 trgia.
970 1293 1168 1329 Burmann.
1178 1307 1253 1328 non
1264 1294 1399 1340 spernit
1412 1307 1455 1330 ex
1471 1307 1545 1329 uno

859 1346 984 1381 Heius.
1001 1349 1151 1391 sequitur
1159 1360 1224 1391 per
1235 1349 1343 1382 devm.

905 1400 980 1435 533.
1002 1401 1051 1434 Ut
1063 1403 1162 1434 canis
1177 1407 1241 1436 etc.
1265 1400 1436 1446 Sequitur
1449 1400 1547 1436 locus

860 1464 879 1486 a
889 1451 1071 1498 phantasia
1080 1451 1265 1498 singularis
1277 1478 1287 1496 ,
1299 1460 1333 1487 et
1345 1453 1449 1498 longe
1462 1465 1549 1499 prae-

859 1503 1090 1539 stantissimus
1105 1530 1114 1548 ‚
1132 1505 1234 1550 cujus
1247 1512 1369 1540 tamen
1385 1505 1459 1541 laus
1472 1518 1549 1541 non

861 1556 1011 1592 debetur
1023 1556 1167 1603 ingenio
1181 1556 1359 1593 Ovidiano
1370 1585 1379 1602 ,
1397 1571 1482 1593 nam
1495 1566 1548 1594 to-

860 1615 917 1643 tus
930 1621 1109 1655 expressus
1124 1616 1176 1644 est
1188 1622 1206 1643 e
1222 1609 1346 1656 virgil.
1358 1610 1443 1645 AEn.
1454 1611 1526 1646 XII
1535 1636 1548 1655 ‚

864 1662 927 1709 749
936 1675 1024 1707 sqq.;
1035 1661 1341 1707 quemadmodum
1352 1662 1476 1710 virgil.
1487 1677 1550 1699 sua

862 1726 903 1748 ex
917 1713 1080 1760 Apollon.
1094 1714 1163 1749 Rh.
1181 1715 1240 1759 ΙΙ,
1258 1717 1322 1760 278
1335 1742 1344 1759 ,
1365 1715 1494 1761 petiit:
1506 1717 1551 1751 cf.

863 1766 996 1804 Statius
1018 1766 1190 1802 Thebaid.
1215 1767 1271 1810 V,
1306 1768 1368 1803 165
1395 1781 1492 1813 sqq.;
1514 1775 1551 1803 et

864 1819 994 1856 Noster
1003 1819 1114 1863 insra,
1127 1819 1199 1855 VII
1212 1846 1222 1863 ,
1242 1820 1375 1865 781-86
1385 1846 1394 1864 ,
1412 1820 1472 1865 qui
1486 1820 1552 1856 loc.

864 1872 986 1918 utique
997 1885 1078 1907 cum
1089 1871 1155 1906 hoc
1165 1871 1552 1908 conserendus.—Gal-

862 1928 929 1960 lici
937 1938 1040 1960 canes
1051 1952 1060 1965 ‚
1075 1924 1302 1969 vertagidicti
1315 1951 1324 1969 ‚
1341 1937 1360 1959 a
1372 1919 1563 1962 celeritatev

864 1978 903 2012 in
919 1977 1040 2023 primis
1052 1976 1288 2012 laudabantur
1297 2003 1307 2021 ,
1325 1984 1362 2012 et
1375 1977 1552 2024 leporibus

865 2029 1087 2075 potissimum
1115 2029 1365 2075 persequendis
1397 2030 1552 2067 adhibe-

866 2082 996 2116 bantur
1015 2095 1024 2117 :
1041 2081 1199 2116 Gratian.
1218 2080 1354 2129 Cyneg.
1369 2096 1456 2119 vers.
1475 2086 1552 2120 203.

867 2155 911 2165 -ι
921 2138 961 2171 In
970 2149 1090 2177 vacuo,
1106 2136 1166 2171 ubi
1176 2135 1226 2171 nil
1236 2144 1398 2172 moratur
1408 2138 1484 2183 ejus
1498 2152 1553 2174 ce·-

865 2190 1053 2243 leritatem.
1077 2193 1194 2226 Vacua
1208 2191 1283 2226 loca
1294 2218 1304 2235 ,
1329 2205 1403 2226 non
1418 2193 1553 2228 consita

868 2244 1017 2280 arbustis
1028 2270 1037 2288 ,
1051 2243 1104 2279 IV
1116 2270 1124 2278 .
1140 2245 1213 2291 713.
1226 2244 1340 2290 Supra
1351 2247 1414 2281 285
1423 2272 1432 2288 ,
1443 2250 1558 2290 aperti

867 2302 988 2344 campi.
1000 2298 1273 2345 Virgil.AEneid.
1289 2300 1382 2344 XII,
1397 2314 1455 2346 771
1472 2326 1482 2345 ,
1492 2314 1555 2345 pu-

866 2365 923 2387 rus
938 2364 1092 2395 campus,
1113 2355 1238 2403 καθαρὸς
1248 2358 1355 2401 χῶρος.

918 2404 993 2440 535.
1010 2405 1197 2445 Inhoesuro‚
1215 2404 1344 2439 scilicet
1362 2403 1527 2439 dentibus
1540 2431 1550 2449 ‚

869 2455 913 2491 de
936 2455 1135 2491 mordente.
1156 2455 1279 2501 virgil.
1300 2455 1334 2489 d.
1350 2455 1372 2490 l.
1394 2468 1403 2490 :
1420 2458 1553 2491 vividus

873 2509 1000 2542 Umber
1022 2508 1141 2541 Hoeret
1168 2509 1270 2541 bnans
1278 2533 1288 2548 ,
1316 2507 1395 2550 jam
1414 2507 1556 2554 jamque

869 2564 959 2594 tenet
977 2586 985 2600 ‚
1021 2562 1206 2604 sinum-que
1237 2562 1365 2593 tenenti
1387 2561 1558 2605 Increpuit

869 2614 971 2646 malls
980 2638 990 2653 ,
1022 2623 1195 2656 morsuque
1227 2613 1341 2646 elusus
1367 2614 1469 2647 inani
1492 2618 1553 2648 est.

870 2682 914 2689 —
928 2663 984 2698 De
1001 2662 1131 2698 decoro
1148 2663 1258 2699 nostri
1275 2663 1342 2700 loci
1359 2664 1491 2701 dictum
1509 2665 1554 2701 ad

870 2727 958 2750 vers.
976 2715 1050 2750 503.
