1832 3100
332 234 1044 286 METAMORPHOSEON
1081 236 1214 280 LI'B.
1253 234 1343 282 IV.

1458 237 1543 298 317

129 338 284 403 Quum
304 335 468 386 flustra
487 342 699 381 resonant
719 349 803 378 aera
826 327 1051 377 auxiliaria
1068 364 1080 384 ,
1103 329 1254 376 Lunae.

131 410 336 463 Poscenti
358 407 572 477 Nymphae
595 408 689 456 sine
710 407 798 455 fine
820 405 991 455 sororia
1013 404 1168 453 saltem

133 487 323 546 Oscula,
344 486 519 553 jamque
540 503 696 533 manus
719 484 775 532 ad
796 484 1000 534 eburnea.
1013 481 1128 531 colla
1147 481 1304 530 ferenti
1320 519 1332 539 ,

1483 497 1547 533 335

135 589 159 611 «
185 565 375 622 Desine,
400 562 468 612 vel
488 562 612 626 fugio
629 600 642 621 ,
668 573 900 628 tecumque
916 598 928 619 ‚
953 561 1036 618 ait,
1061 559 1145 607 ista
1170 558 1388 625 relinquo.
1416 581 1441 602 »

128 642 339 692 Salmacis
359 641 581 699 extimuit,
612 662 635 683 «
659 642 866 706 Locaque
888 638 981 687 haec
1005 638 1089 686 tibi
1114 636 1252 685 libera
1272 636 1398 685 trado
1415 675 1428 696 ,

136 742 160 763 »
184 721 384 787 Hospes,
408 741 431 762 »
456 718 540 776 ait;
567 717 832 783 simulatque
857 716 996 779 gradu
1021 714 1242 764 discedere
1265 734 1405 763 verso.

131 799 247 847 Tum
271 816 450 864 quoque
472 795 736 863 respiciens,
761 794 1058 860 fruticumque
1082 791 1309 841 recondita
1332 791 1441 841 silva

132 874 346 933 Delituit3
370 874 619 940 flexumque
644 892 759 935 genu
782 872 1018 921 submisit:
1039 882 1084 919 at
1106 869 1202 928 ille,

1487 884 1554 929 340

133 956 199 1003 Ut
218 972 352 1021 puer,
375 964 420 1002 et
437 952 586 1000 vacuis
608 963 661 1000 ut
683 951 993 1000 inobservatus
1017 950 1065 997 in
1084 949 1262 1007 herbis,

134 1033 237 1081 Huc
258 1032 319 1091 it;
346 1043 390 1080 et
408 1031 513 1080 hinc
536 1029 667 1089 illuc;
690 1042 733 1078 et
754 1030 800 1077 in
825 1027 1142 1077 adludentibus
1166 1027 1298 1075 undis

137 1115 318 1164 Summa
336 1114 499 1182 pedum
514 1151 526 1173 ,
550 1113 730 1180 taloque
750 1125 880 1162 tenus
903 1111 1088 1175 vestigia
1112 1111 1288 1174 tinguit.

136 1199 228 1246 Nec
248 1216 392 1255 mora,
417 1196 624 1263 temperie
647 1194 910 1244 blandarum
935 1205 1090 1260 captus
1114 1212 1350 1260 aquarum,

138 1278 299 1328 Mollia
321 1279 374 1328 de
396 1290 546 1328 tenero
569 1277 782 1327 velamina
806 1296 992 1344 corpore
1014 1276 1156 1343 ponit.
1191 1337 1193 1339 K

1489 1288 1556 1335 345

139 1363 262 1413 Tum
278 1380 383 1411 vero
406 1360 665 1427 obstupuit3
690 1359 906 1426 nudaeque
930 1358 1137 1425 cupidine
1161 1356 1310 1405 formae

142 1523 251 1556 quum
267 1513 414 1546 candida
424 1511 480 1555 sit,
491 1518 651 1557 tempore
662 1510 817 1546 defectus

140 1565 302 1605 rubesc1⁰t3
314 1564 373 1609 qui
381 1564 490 1599 Lunae
500 1564 609 1598 rubor
619 1564 724 1598 etiam
733 1564 815 1599 Am.

144 1615 182 1651 11
196 1642 206 1659 ,
223 1626 269 1659 v,
293 1616 334 1661 37
350 1642 360 1660 ,
385 1615 636 1661 comparationi
661 1615 816 1650 inservit.

142 1668 352 1704 Persuasum
363 1676 480 1704 autem
489 1675 563 1704 erat
571 1668 816 1715 superstitiosae

141 1719 380 1765 multitudini,
397 1721 455 1756 tali
466 1728 624 1767 tempore
637 1720 818 1755 Thessalas

140 1772 312 1809 veneficas
333 1773 369 1809 id
392 1787 493 1821 agere
508 1801 518 1819 ‚
543 1782 583 1810 ut
605 1774 818 1810 carminibus

140 1821 209 1860 suis
215 1825 355 1861 Lunam
365 1825 408 1861 de
419 1827 502 1862 caelo
518 1826 710 1870 deducant,
722 1826 818 1861 illam

142 1890 226 1912 vero
239 1877 416 1923 laborare,
433 1879 455 1913 i.
474 1892 504 1914 e.
520 1886 642 1914 contra
654 1878 719 1913 niti
730 1905 739 1922 ,
751 1891 820 1924 pu-

143 1943 249 1976 gnare
262 1956 271 1974 ‚
289 1930 530 1977 laborantique
547 1931 709 1965 homines
720 1943 818 1976 posse

143 1994 345 2020 succurrere
364 2008 374 2026 ,
405 1989 441 2017 et
467 1985 635 2016 auxiliari
646 1988 821 2016 concentu

142 2033 360 2079 strepituque
390 2037 466 2069 aen’s
477 2060 486 2078 ,
511 2033 545 2068 h.
569 2047 600 2068 e.
627 2034 791 2068 tubarum
809 2059 819 2076 ,

145 2097 320 2120 cornuum
329 2092 365 2121 et
375 2085 692 2121 tintinnabulorum
704 2098 823 2121 aeneo-

145 2148 238 2174 rum.
255 2137 329 2172 Liv.
344 2137 468 2173 XXVI
484 2164 494 2182 ‚
513 2140 532 2173 5
546 2152 555 2180 ς
574 2138 697 2173 Senec.
714 2138 822 2184 Hipp.

146 2202 236 2225 vers.
254 2190 316 2235 785
332 2202 406 2235 sqq.
423 2189 512 2225 nid.
531 2188 648 2224 Cei-da
663 2189 707 2223 ad
724 2189 823 2236 Virg.

150 2241 224 2277 Ed.
242 2241 335 2277 VIII
346 2267 356 2286 ,
373 2241 428 2288 69.
443 2240 515 2277 Sed
530 2241 603 2277 haec
616 2242 718 2277 tertia
731 2242 825 2277 simi-

148 2292 260 2329 litudo
275 2294 378 2339 paulo
395 2293 495 2329 altius
509 2294 655 2340 repetita
671 2301 723 2329 est
734 2321 744 2339 ,
758 2306 825 2329 nec

149 2346 303 2392 jucunda
321 2346 524 2382 admodum.

193 2399 268 2444 334.
285 2400 420 2435 Sor-oria
427 2402 544 2435 oscula
554 2400 659 2435 etiam
672 2400 737 2444 IX,
751 2400 824 2436 538.

151 2450 230 2496 Ipse
246 2451 407 2497 explicat,
425 2452 482 2497 11,
500 2452 723 2496 431.—Jam
741 2452 826 2487 olim

151 2501 321 2537 edebatur
342 2505 483 2539 Desinis
497 2509 565 2539 aul.
591 2503 686 2540 Hinc
703 2504 827 2540 Hein-

151 2555 221 2591 sius
231 2568 313 2590 cum
322 2555 528 2592 Florentino
537 2557 573 2592 S.
587 2557 700 2592 Marci
710 2584 720 2602 ,
732 2558 828 2593 Nea-

152 2607 325 2653 politano,
344 2607 458 2654 primo
476 2609 647 2643 Vaticano
663 2616 698 2644 et
715 2609 827 2654 quin-

153 2673 221 2707 que
232 2661 304 2697 aliis
314 2662 461 2697 mutavit
475 2661 578 2696 autin
592 2675 699 2696 an.·—
708 2662 829 2697 Nostri

156 2712 315 2760 Codices,
326 2718 453 2750 desinis
460 2719 528 2749 aut.
540 2715 586 2749 Et
593 2715 750 2750 revocavi
759 2715 830 2749 lec-

153 2766 288 2802 tionem
306 2769 448 2809 Desine,
466 2766 644 2811 velsugio5
658 2767 714 2805 cui
731 2767 831 2802 Nau-

881 1509 996 1557 gerius
1028 1508 1232 1554 praeserebat
1263 1519 1369 1553 quam
1399 1506 1565 1541 referunt>

880 1562 992 1597 nostri
1011 1560 1170 1596 Codices.
1185 1559 1306 1605 Gierig
1324 1557 1462 1593 admisit
1476 1571 1485 1593 :
1498 1560 1564 1592 de·-

877 1617 953 1648 sine
967 1612 1156 1657 autfhgio,
1174 1624 1257 1646 nam
1269 1637 1279 1654 ,
1297 1610 1407 1645 aiebat
1422 1636 1431 1653 ,
1448 1610 1562 1644 inter-

880 1664 1015 1711 rogatio
1031 1666 1158 1698 desim}
1171 1666 1190 1699 ?
1207 1676 1252 1697 an
1265 1661 1394 1707 fugio?
1415 1661 1560 1696 incom-

882 1716 987 1751 moda
999 1716 1079 1751 satis
1091 1722 1142 1751 est
1154 1728 1161 1750 :
1171 1722 1335 1750 caeterum
1352 1714 1408 1748 hic
1420 1726 1561 1758 quoque

882 1770 1082 1816 simplicitas
1105 1769 1205 1815 pueri
1227 1769 1316 1802 b'ene
1339 1773 1480 1807 notata;
1501 1766 1564 1801 sed.

883 1837 924 1859 ea
941 1829 1121 1868 nequeant
1137 1834 1277 1856 versum
1293 1822 1340 1856 ita
1357 1820 1562 1856 claudicam-

883 1883 956 1910 tem
974 1888 1145 1910 excusare.
1162 1876 1228 1908 Ed.

929 1927 1004 1970 340.
1013 1928 1212 1970 Metumque
1218 1938 1313 1969 genu.
1327 1923 1475 1958 Codices
1484 1935 1563 1958 nos-

884 1978 930 2013 tri
939 2005 948 2022 ,
959 1979 1111 2022 flexoque
1117 1990 1213 2021 genu.
1225 1995 1269 2002 —-
1276 1977 1471 2011 submittere
1476 1988 1564 2020 geme

886 2032 929 2066 de
942 2031 1192 2077 procumbente
1206 2031 1243 2064 in
1258 2043 1350 2076 genu
1362 2055 1371 2073 ,
1390 2028 1560 2075 quemad-

886 2083 1034 2118 modum
1041 2085 1229 2117 submittere
1236 2083 1328 2115 lalus
1337 2080 1380 2115 de
1389 2081 1477 2115 bove
1486 2092 1563 2125 pro-

887 2135 1073 2171 cumbente
1085 2160 1094 2178 ,
1113 2133 1200 2168 libro
1226 2133 1303 2177 111,
1321 2133 1374 2167 23.
1396 2132 1565 2167 Absolute

888 2188 1012 2235 Virgil.
1038 2186 1180 2222 AEneid.
1206 2186 1284 2231 III,
1313 2186 1356 2234 93
1377 2186 1572 2221 :Submissi

881 2245 1027 2286 petimus
1044 2245 1173 2275 terram.

933 2294 1008 2338 341.
1041 2294 1089 2327 Ut
1105 2292 1278 2327 rationem
1294 2290 1431 2335 reddit,
1450 2297 1489 2325 ut
1507 2290 1567 2335 qui

882 2360 969 2392 puer
982 2353 1070 2382 esset
1086 2372 1096 2391 ,
1121 2358 1245 2391 neque*
1263 2345 1350 2380 adeo
1374 2344 1459 2379 ullas
1474 2344 1567 2378 insi-

890 2401 963 2436 dias
979 2407 1164 2436 metueret.
1183 2418 1227 2426 --
1242 2401 1292 2433 Et
1300 2401 1428 2439 ναι-αἰψ’.
1449 2396 1569 2431 Nostri

893 2452 1040 2489 Codices
1056 2452 1187 2487 habent
1202 2456 1241 2486 ul
1256 2454 1395 2492 vacu1's,·
1413 2461 1490 2494 quae
1502 2462 1568 2483 re·-

891 2505 1012 2553 petitio
1039 2517 1121 2540 sane
1147 2503 1275 2539 insulsa
1306 2509 1409 2547 atque
1433 2500 1569 2546 ingrata

892 2560 961 2594 visa
973 2565 1024 2594 est
1034 2557 1193 2593 Heinsio.
1203 2558 1267 2591 Ed.
1282 2573 1326 2582 --·
1341 2557 1460 2590 Vacua
1474 2554 1546 2589 loca
1556 2580 1568 2598 ,

892 2624 966 2647 non
998 2610 1129 2646 consita
1158 2608 1312 2644 arbustis.
1342 2607 1401 2643 Sic
1425 2620 1569 2644 vacuum

892 2675 1023 2703 arvum,
1057 2661 1072 2696 l
1087 2687 1097 2704 ,
1114 2661 1187 2695 533.
1204 2659 1276 2695 Sed
1291 2660 1327 2695 h.
1338 2659 1358 2695 l.
1376 2659 1489 2705 potius
1503 2672 1568 2693 so-

893 2714 1047 2749 litarium
1060 2720 1201 2759 pratum
1223 2712 1366 2758 intellig.
1386 2712 1445 2747 ubi
1460 2705 1574 2746 nemo'

895 2773 966 2811 est,
984 2766 1044 2811 qui
1059 2778 1142 2801 eum
1158 2765 1329 2803 observet.
1354 2783 1398 2792 —
1416 2766 1571 2800 Inobser-
