1832 3100
402 228 1092 285 METAMORPHOSEON
1126 240 1256 284 ΜΒ.
1291 241 1394 284 111.
1523 238 1604 281 261

193 354 218 377 ι)
242 333 375 383 Scitis
397 334 537 392 enim,
561 345 607 382 et
624 333 777 383 multis
799 332 969 382 latebra
993 344 1247 400 opportuna
1266 333 1429 382 fuistis.

189 431 216 453 >²
242 411 438 477 Ecquem
451 447 463 470 ‚
489 430 627 478 quum
646 423 800 460 vestrae
825 423 896 460 tot
917 423 1106 475 agantur
1127 410 1274 459 secula
1291 411 1389 459 vitae
1405 448 1417 469 ‚

191 507 217 530 n
246 487 340 552 Qui
365 489 428 537 sic
451 489 645 538 tabuerit
661 528 671 548 ‚
696 489 836 553 longo
858 489 1120 538 meministis
1143 490 1191 537 in
1213 490 1337 538 aevo?

1550 500 1615 546 445

188 585 214 606 »
241 565 303 613 Et
324 564 491 632 placet,
517 579 563 615 et
585 567 739 626 vide03
768 567 846 616 sed
871 567 995 634 quod
1017 566 1265 633 videoque,
1293 564 1551 632 placetque,

188 662 215 684 »
241 642 348 691 Non
370 653 517 692 tamen
541 643 720 693 invenio
745 665 754 693 :
780 657 931 694 tantus
951 656 1071 694 tenet
1097 663 1222 693 error
1245 643 1489 692 amantem!

188 740 214 762 >›
243 719 439 788 Quoque
462 722 602 786 magis
627 722 824 782 doleam;
849 742 931 772 nec
952 742 1036 772 nos
1059 741 1178 772 mare
1204 733 1379 789 separat
1401 721 1586 784 ingens,

186 818 213 840 >›
238 798 332 847 Nec
355 799 423 848 via
437 799 455 859 ,'
474 820 555 850 nec
578 813 778 860 montes,
801 821 883 850 nec
906 801 1067 851 clausis
1089 801 1250 850 moenia
1274 799 1420 867 portis
1440 818 1451 857 ;

184 896 212 918 »
238 876 412 941 Exigua
434 879 727 946 prohibemur
747 899 860 947 aqua
882 900 892 929 :
920 881 1044 947 cupit
1066 881 1161 947 ipse
1181 880 1320 929 teneri
1341 900 1351 938 ;

1550 890 1618 938 450

187 974 212 996 »
238 953 377 1012 Nam,
408 957 585 1023 quoties
610 957 795 1024 liquidis
814 958 1098 1025 porreximus
1122 957 1274 1006 oscula
1296 955 1492 1024 lymphis
1509 992 1522 1014 ,

186 1052 210 1074 »
234 1032 325 1082 Hie
350 1034 482 1084 toties
507 1035 563 1084 ad
582 1055 651 1084 me
675 1036 888 1102 resupino
910 1036 1072 1085 nititur
1094 1054 1168 1084 ore
1190 1055 1201 1083 :

187 1129 212 1152 n
238 1109 378 1159 Posse
393 1123 525 1178 putes
538 1114 659 1176 tangi
672 1114 925 1162 :minimum
941 1126 1030 1172 est,
1049 1113 1172 1180 quod
1185 1112 1437 1161 amantibus
1450 1110 1612 1159 obstat.

186 1208 212 1230 >›
240 1187 462 1256 Quisquis
482 1209 548 1249 es,
574 1191 662 1240 huc
686 1192 777 1240 exi!
804 1191 911 1259 quid
935 1211 1005 1240 me
1020 1229 1032 1250 ‚
1056 1209 1168 1258 puer
1187 1191 1337 1247 unice,
1362 1189 1512 1238 fallis?

186 1287 211 1308 ³»
239 1266 398 1331 Quove
422 1269 591 1335 petitus
613 1270 744 1318 abis?
766 1282 881 1319 certe
906 1289 987 1319 nec
1011 1269 1179 1328 forma,
1204 1289 1286 1318 nec
1307 1279 1411 1318 aetas

1547 1280 1614 1325 455

186 1365 211 1386 »
236 1344 320 1393 Est
335 1364 452 1405 mea,
479 1366 610 1414 quam
624 1347 770 1411 fugias
786 1367 796 1407 ;
812 1360 856 1397 et
873 1361 1077 1398 amarunt
1090 1368 1160 1398 me
1181 1367 1361 1415 quoque
1378 1345 1609 1414 Nymphae.

186 1446 210 1468 ³)
238 1426 371 1494 Spem
395 1428 529 1488 mihi,
552 1430 701 1479 nescio
726 1450 879 1497 quam,
904 1430 1029 1479 vultu
1054 1430 1280 1498 promittis
1305 1429 1471 1486 amico3

182 1531 209 1554 »
237 1510 481 1579 Quumque
508 1532 590 1576 ego
614 1513 793 1580 porrexi
817 1514 903 1563 tibi
926 1514 1130 1572 brachia,
1156 1513 1352 1581 porrigis
1376 1512 1495 1561 ultro
1518 1530 1528 1559 t

185 1614 209 1635 »
237 1593 392 1657 Quum
413 1595 515 1654 risi,
539 1595 743 1646 adrides:
769 1595 971 1646 lacrimas
994 1616 1173 1664 quoque
1198 1616 1312 1664 saepe
1334 1595 1508 1654 notavi,

182 1695 208 1719 ν»
233 1675 311 1724 Me
333 1674 612 1737 lacrimante,
636 1690 735 1728 tuas
756 1699 766 1727 :
784 1679 909 1728 nictu
935 1698 1114 1746 quoque
1139 1679 1265 1742 signa
1284 1678 1474 1728 remittis
1494 1697 1504 1726 ε
1542 1692 1610 1738 460

220 1820 295 1865 443.
325 1821 430 1856 Scitis
451 1824 560 1864 enim,
594 1827 631 1858 et
652 1826 768 1858 mulltlr
791 1830 857 1859 etc.

176 1872 406 1909 Burmannus
423 1874 588 1920 opinatur
610 1876 857 1921 procacitatem

176 1925 415 1972 nympharum
430 1925 487 1961 hic
500 1927 609 1973 tangi.
630 1927 701 1962 Sed
718 1928 859 1963 videtur

176 1983 280 2022 poeta
293 1978 442 2013 omnino
458 1985 616 2014 amantes
631 1979 838 2015 intellexisse
847 2006 857 2025 ,

178 2028 240 2074 qui
252 2029 325 2064 sere
336 2030 411 2065 loca
422 2038 572 2075 remota,
586 2031 686 2067 silvas
695 2039 730 2067 et
742 2038 855 2075 antra,

179 2093 336 2127 querere
363 2083 488 2118 solent.
517 2083 718 2119 Commoda
738 2092 857 2121 autem

178 2140 232 2169 est
245 2133 320 2171 haec
331 2134 375 2170 ad
389 2135 490 2171 silvas
505 2136 724 2183 apostropha.
733 2156 777 2164 —
786 2140 856 2174 Ec-

176 2199 270 2232 quem
286 2213 295 2228 ‚
325 2200 425 2232 quum
439 2193 558 2223 vestra.-
577 2195 640 2224 etc.
660 2188 763 2224 Ordo
779 2197 831 2225 est
847 2203 856 2226 :

176 2237 337 2284 Ecquem
347 2240 557 2275 meministis
566 2266 576 2284 ,
593 2241 630 2274 in
645 2240 750 2287 longo
759 2254 832 2277 aevo
844 2268 854 2286 ,

175 2290 236 2335 qui
260 2290 310 2326 sic
333 2291 484 2327 tabuerit
497 2317 507 2335 ,
526 2298 562 2327 et
578 2292 745 2338 paulatim
760 2306 855 2329 con-

171 2350 333 2390 sumptus
346 2343 418 2380 sit?
435 2346 503 2381 Ed.

214 2398 291 2440 448.
308 2398 381 2432 Nec
388 2410 451 2432 uos
458 2410 551 2432 marc
559 2403 699 2444 separat
705 2413 722 2435 e
728 2406 769 2436 tc.
780 2400 854 2436 Pli-

171 2447 270 2493 nius,
289 2448 399 2495 Epist.
417 2449 471 2485 VI
485 2476 495 2495 ,
521 2461 536 2484 1
548 2477 558 2494 ,
580 2464 594 2485 1
616 2464 623 2486 :
639 2453 853 2488 Desiderium

169 2503 360 2536 absentium
381 2504 472 2537 nihil
478 2506 619 2548 perinde
633 2517 677 2539 ac
693 2508 854 2541 vicinitas

169 2556 273 2587 acuit.
280 2553 403 2588 ——sed
412 2557 471 2589 w'a
478 2555 514 2590 in
526 2555 580 2592 his
590 2557 854 2603 impedimentis

171 2604 263 2640 male
282 2615 605 2652 commemoratum
621 2622 662 2644 ea
679 2610 778 2647 enim
793 2611 853 2645 sa-

170 2657 234 2693 cile
253 2665 367 2704 potest
382 2660 622 2696 transiliri..-
646 2663 771 2698 Tenere
788 2676 855 2698 vox

171 2711 369 2746 amantium
378 2739 388 2757 ,
399 2725 510 2758 quum
519 2713 620 2759 potiti
631 2722 714 2750 sunt
723 2722 852 2759 amato,

173 2768 211 2797 et
224 2762 336 2800 ferme
358 2778 442 2801 cum
460 2765 673 2812 amplexibus
694 2767 855 2812 conjun-

924 1824 1027 1870 gitur.
1054 1823 1147 1868 VII,
1168 1824 1234 1868 56,
1263 1825 1334 1867 143.
1356 1842 1400 1850 —
1427 1824 1602 1869 Lt‘qut'dtlr,

924 1877 1086 1923 limpidis.
1102 1895 1146 1904 --·
1161 1879 1334 1923 Resupjno
1350 1883 1414 1911 etc.
1428 1902 1438 1920 ‚
1458 1889 1605 1922 corpore

923 1929 1092 1964 inclinato
1105 1955 1115 1972 ,
1133 1941 1271 1964 sursum
1287 1929 1376 1974 erigi
1390 1937 1548 1964 conatur.

967 1982 1044 2025 454.
1058 1983 1150 2016 Puer
1158 1986 1266 2017 unice.
1282 1982 1388 2017 Unus
1404 1982 1583 2018 Palatinus
1596 2008 1605 2026 ,

923 2044 1019 2068 unus
1034 2033 1182 2078 Argent.
1197 2041 1233 2069 et
1248 2033 1368 2082 Thysii
1385 2033 1511 2077 codex,
1524 2048 1610 2079 puer

922 2088 1047 2127 1‘nm'de‚
1071 2086 1164 2132 quod
1185 2086 1347 2129 Danieli,
1366 2086 1516 2121 Heinsio
1536 2087 1606 2132 pla-

922 2138 1083 2174 cebat.·—
1098 2139 1227 2174 Unicus
1238 2166 1246 2181 ,
1269 2152 1376 2184 quem
1388 2151 1459 2185 prae
1473 2140 1608 2175 caeteris

923 2203 1101 2235 amamus,
1123 2192 1203 2238 quia
1227 2192 1360 2228 caeteris
1385 2199 1525 2238 praestat
1548 2192 1604 2227 vel

922 2244 1029 2279 animi
1052 2245 1107 2279 vel
1123 2245 1277 2291 corporis
1293 2245 1442 2280 dotibus.
1468 2244 1605 2279 Multus

921 2303 974 2332 est
995 2297 1032 2332 in
1051 2297 1085 2333 h.
1103 2311 1135 2335 V.
1151 2296 1354 2344 explicando
1366 2297 1491 2332 Heius.
1508 2296 1551 2330 ad
1569 2297 1602 2332 h.

919 2350 942 2385 l.
959 2351 1056 2386 Raro
1072 2351 1217 2397 ponitur
1233 2363 1298 2397 pro
1314 2363 1410 2385 unus.

963 2404 1039 2449 457.
1063 2405 1238 2438 Promittis
1255 2403 1456 2449 exquisitius
1475 2416 1580 2449 quam
1594 2430 1603 2447 ,

918 2455 1009 2490 sacis.
1022 2473 1065 2482 —
1076 2457 1220 2490 Amicus
1229 2482 1237 2496 ‚
1261 2455 1389 2490 hilaris.
1401 2455 1513 2498 VIII,
1522 2456 1601 2502 677,

919 2510 1134 2542 bom'vultus.
1154 2525 1199 2534 —·
1217 2508 1362 2541 Porrcxe·
1381 2508 1454 2540 tibi.
1481 2505 1603 2541 Codex

921 2561 1053 2607 Regius
1068 2561 1101 2596 A
1116 2587 1126 2604 ‚
1151 2573 1216 2606 pro
1230 2562 1310 2602 tibi,
1333 2559 1438 2595 habet
1452 2572 1537 2595 mea.
1557 2578 1601 2586 -—

920 2614 1024 2648 Nt'clu
1039 2612 1135 2648 dedit
1149 2613 1377 2648 Burmannus
1389 2625 1430 2647 ex
1446 2625 1519 2647 uno
1534 2613 1604 2647 Ju-

920 2665 1028 2699 niano
1039 2691 1050 2708 ,
1070 2677 1180 2709 quum
1196 2664 1313 2700 caeteri
1330 2669 1412 2699 nutu
1434 2671 1495 2699 aut
1512 2669 1605 2699 motu

920 2715 1082 2750 habeant.
1101 2733 1144 2742 -
1167 2716 1269 2762 Regii
1287 2715 1419 2758 nostri,
1444 2720 1539 2751 nutu.
1559 2734 1602 2742 --

920 2770 1042 2807 Niclus
1050 2768 1210 2816 proprius
1220 2775 1271 2807 est
1282 2770 1476 2806 amantium
1481 2781 1605 2815 ,quum
