1832 3100
281 274 369 318 386

645 274 697 316 P.
744 272 973 318 ovlnn
1007 253 1305 317 NASONIS

279 365 521 429 Postquam
543 361 815 428 exploratum
837 360 940 409 satis
962 373 1052 419 est,
1074 361 1170 409 loca
1191 361 1310 410 nulla
1331 361 1503 422 labare‚'

277 439 567 506 Depositique
590 449 759 494 metus;
783 437 901 485 videt
921 438 1040 486 hunc
1062 438 1248 504 Erycina
1269 450 1494 501 vagantem

228 575 230 578 .
279 518 437 565 Monte
459 535 540 564 suo
563 515 781 573 residens,
805 526 1043 580 natumque
1068 513 1265 580 amplexa
1288 514 1532 573 volucrem;

286 615 307 636 «
333 594 489 651 Arma,
513 610 755 658 manusque
774 610 902 648 meae,
926 609 1021 638 mea
1036 628 1048 648 ‚
1071 603 1197 649 nate,
1222 592 1445 657 potentia,
1471 592 1602 651 dixit,
1620 606 1684 641 365

283 692 305 713 »
333 669 437 728 Illa,
466 670 628 736 quibus
652 687 831 734 superas
856 686 1005 715 omnes
1020 705 1031 725 ,
1056 687 1159 734 cape
1185 668 1291 726 tela,
1319 669 1516 736 Cupido,

285 771 307 792 »
333 751 474 814 Inque
495 748 579 795 Dei
602 758 755 812 pectus
780 745 939 793 celeres
960 745 1114 794 molire
1139 747 1318 809 sagittas
1333 783 1344 804 ‚

284 848 306 868 »
335 825 420 873 Cui
443 823 626 890 triplicis
650 822 780 870 cessit
802 821 980 869 fortuna
1002 822 1240 870 novissima
1263 821 1400 884 regni.

283 925 306 945 »
330 904 402 950 Tu
425 902 620 968 Superos
635 937 646 957 ‚
669 900 903 965 ipsumque
924 900 1077 946 Jovem
1092 936 1103 956 ‚
1128 911 1177 946 tu
1200 899 1380 946 numina
1397 900 1527 965 ponti

286 1002 307 1022 »
334 979 462 1026 Victa
485 977 635 1024 domas
650 1013 662 1033 ‚
685 975 918 1042 ipsumque
941 976 1054 1038 regit
1080 975 1156 1041 qui
1178 976 1357 1023 numina
1379 976 1520 1042 ponti.

1622 991 1688 1038 3³70

283 1080 306 1101 »
333 1059 515 1104 Tartara
539 1053 645 1120 quid
669 1054 872 1101 cessant?
896 1072 973 1100 cur
995 1071 1087 1099 non
1107 1054 1345 1119 matrisque
1370 1065 1582 1119 tuumque

284 1158 306 1178 »
330 1132 569 1200 Imperium
589 1129 790 1196 profers?
811 1129 955 1191 agitur
977 1148 1078 1194 pars
1103 1130 1230 1177 tertia
1252 1129 1418 1177 mundi.

284 1234 305 1254 »
333 1213 395 1259 Et
415 1223 559 1258 tamen
579 1208 626 1254 in
648 1206 751 1255 caelo
767 1243 778 1264 ‚
804 1206 933 1271 (quae
951 1205 1039 1270 jam
1062 1206 1445 1271 patientia·nostra
1465 1216 1532 1254 est
1545 1207 1590 1266 !)

325 1337 398 1373 363.
431 1336 646 1378 Depositt'que
668 1336 783 1366 metus.
810 1329 949 1365 Codicis

278 1391 378 1437 Regii
406 1389 434 1422 B
460 1387 560 1421 lectio
574 1412 583 1428 ‚
608 1386 816 1428 depositoque
841 1387 942 1423 metu,

276 1440 463 1487 simplicior
479 1445 514 1472 et
524 1436 638 1471 verior
651 1442 744 1470 certe
755 1441 814 1468 est.
827 1435 892 1467 Ed.
907 1451 951 1459 —-

277 1495 446 1540 Erycina,
468 1489 570 1531 Erix‚
594 1486 696 1520 hodie
722 1485 757 1520 S.
776 1483 949 1526 Guilano,

278 1556 381 1579 mons
398 1540 578 1575 altissimus
596 1550 667 1571 non
687 1536 789 1580 longe
807 1548 826 1568 a
848 1535 950 1581 Lily-

276 1599 352 1632 baeo
363 1621 372 1638 ‚
391 1591 540 1627 Veneris
556 1591 710 1635 Erycina·
728 1587 858 1631 templo
875 1599 951 1619 me-

278 1644 462 1682 morabilis.
480 1640 549 1675 Hic
565 1640 687 1672 Venus
702 1649 763 1671 sua
776 1642 899 1681 sponte
913 1635 950 1667 in

279 1698 429 1734 Plutone
447 1703 605 1728 amorem
621 1689 763 1728 excitat3
780 1687 840 1721 sed
858 1685 950 1731 apud

279 1748 531 1786 Claudianum,
549 1744 658 1788 quum
668 1739 808 1785 Jupiter
821 1738 951 1773 consti-

277 1803 397 1839 tuisset
412 1795 658 1841 Proserpinam
674 1791 817 1827 Plutoni
831 1791 950 1835 conju-

279 1865 358 1900 gem
369 1848 523 1897 poscenti
532 1848 691 1892 jungere,
706 1844 848 1888 jubetur
857 1843 951 1876 illam

279 1904 366 1940 dolis
377 1901 579 1949 perducere,
591 1903 630 1931 ut
640 1902 734 1931 'certo
747 1894 801 1928 die
814 1894 850 1927 in
862 1906 951 1928 cam-

280 1959 330 2006 pis
361 1955 481 1997 ludat,
513 1949 715 1994 Venerique
746 1947 888 1982 comites
915 1959 951 1980 se
978 1990 985 1993 ‘V

279 2012 364 2046 dant
378 2008 540 2043 Minerva
555 2012 589 2039 et
606 2003 730 2037 Diana.
748 1999 952 2036 Secundum

283 2059 443 2107 Apollod.
460 2070 515 2092 res
531 2055 571 2090 fit
588 2058 656 2093 Διὸς
674 2061 885 2102 συνεργοῦντος.
899 2050 951 2084 Cf.

277 2116 399 2162 hymn.
418 2112 525 2146 Hom.
539 2109 575 2142 in
591 2107 671 2142 Cer.
686 2120 735 2153 79.
747 2124 791 2132 --
808 2106 952 2148 Vagam—

279 2157 360 2205 lein,
376 2169 519 2197 euntem
531 2167 565 2194 et
574 2159 792 2193 redeuntem.
807 2157 861 2199 ΙΙ,
878 2157 952 2203 409.

324 2216 397 2251 365.
420 2215 527 2248 Arma
538 2239 546 2252 ‚
575 2223 752 2254 manusque
767 2221 844 2242 meae
855 2235 865 2249 ‚
888 2214 952 2242 etc.

281 2270 362 2305 Non
374 2267 522 2311 imperat
538 2262 609 2297 silio
620 2289 628 2306 ,
640 2261 699 2296 sed
710 2261 841 2294 socium
854 2259 954 2304 regni

280 2325 394 2366 captat
417 2314 628 2362 argumentis
653 2311 785 2347 blandis
802 2319 836 2345 et
852 2311 952 2345 sorti—

279 2372 355 2406 bus.
375 2369 467 2404 Ante
485 2366 599 2401 oculos
615 2370 716 2409 poeta
731 2361 853 2396 habuit
870 2361 953 2394 AEn.

283 2424 319 2466 I,
336 2422 411 2464 664.
434 2419 486 2455 lbi
511 2428 649 2463 quoque
667 2415 790 2448 Venus
806 2413 952 2447 Amori:

283 2477 371 2510 Nate
384 2501 392 2514 ‚
420 2485 497 2506 meoe
521 2469 608 2504 vires
619 2494 628 2509 ,
655 2479 728 2501 mea
747 2478 868 2509 magna
881 2478 953 2509 po—

281 2531 401 2566 lensia,
424 2538 486 2571 per
505 2534 610 2568 quem
634 2532 697 2565 ego
720 2519 817 2552 valeo
832 2526 867 2552 et
882 2530 952 2563 po-

283 2587 359 2613 tens
369 2590 457 2612 sum.
470 2577 597 2611 Noster
605 2585 699 2607 arma
713 2578 748 2605 et
762 2583 879 2604 manus
895 2570 952 2604 ad·

283 2630 370 2664 didit
380 2657 388 2673 ‚
406 2629 528 2674 quibus
539 2626 665 2661 milites
677 2624 864 2669 imperium
877 2635 953 2668 pro-

283 2682 410 2716 ferunt.
430 2699 473 2706 —
487 2681 645 2723 Superas,
671 2676 810 2715 domas;
834 2676 954 2710 confer

282 2733 299 2768 Ι
310 2759 319 2776 ,
338 2733 461 2776 453„—
471 2733 589 2765 Molire
601 2757 609 2769 ‚
624 2729 732 2763 mitte.
742 2745 785 2753 --·
798 2729 932 2770 Triplex
941 2753 951 2768 ‚

284 2785 320 2818 in
338 2790 406 2819 tres
429 2789 540 2828 partes
562 2781 719 2816 divisum.
741 2797 785 2804 —
809 2781 953 2812 Fortuna

1013 1334 1194 1364 novissima
1205 1357 1213 1371 ,
1237 1344 1310 1365 sors
1333 1330 1455 1365 ultima
1468 1344 1477 1371 ;
1499 1341 1583 1364 nam
1605 1330 1686 1364 sor-

1015 1390 1100 1418 tuna
1111 1384 1229 1418 tribuit
1239 1389 1379 1418 sortem.
1387 1383 1411 1417 J
1413 1383 1484 1417 ovis
1492 1395 1565 1417 sors
1574 1382 1688 1428 prima

1015 1435 1143 1468 exierat
1161 1461 1171 1478 ,
1201 1434 1387 1469 novissima
1413 1434 1571 1468 Plutonis
1585 1459 1596 1476 ,
1626 1433 1685 1477 qui

1014 1485 1096 1520 hinc
1111 1497 1129 1520 a
1148 1486 1282 1520 Seneca
1296 1512 1306 1530 ,
1334 1485 1476 1520 Hercul.
1493 1485 1577 1519 Fur.
1593 1485 1656 1519 833
1675 1510 1685 1528 ,

1014 1541 1117 1572 tertia·
1134 1551 1192 1573 rex
1207 1541 1308 1572 sortis
1322 1543 1475 1572 vocatur.
1501 1535 1686 1570 Claudian.

1016 1588 1117 1633 Rapt.
1137 1590 1173 1632 I,
1202 1601 1263 1623 100
1281 1601 1289 1623 ε
1316 1590 1428 1622 Τενίία
1446 1599 1602 1631 supreme
1611 1599 1687 1631 pa—

1014 1642 1081 1672 llor
1094 1642 1270 1684 dispendia
1284 1643 1393 1673 soriis.
1508 1643 1511 1647 '

1059 1690 1132 1735 370.
1148 1692 1251 1734 Bega
1263 1692 1470 1734 quinumt'na
1480 1691 1587 1732 ponti.
1607 1687 1688 1722 Co-

1016 1740 1107 1776 dices
1122 1742 1231 1775 nostri
1252 1740 1351 1786 Regii
1365 1766 1374 1783 ,
1403 1742 1464 1784 qui
1473 1743 1610 1774 numina
1624 1745 1687 1774 ler-

1013 1806 1058 1826 rae
1069 1804 1081 1834 ;
1108 1793 1181 1828 haec
1200 1792 1301 1827 lectio
1322 1790 1510 1835 rejicienda
1525 1791 1686 1833 videtur3

1010 1858 1169 1891 ‘namque
1185 1846 1370 1890 Neptunus
1378 1843 1476 1889 ponti
1486 1850 1601 1877 rector
1609 1849 1688 1878 tan-

1015 1903 1093 1930 tum
1115 1896 1263 1930 habetur
1275 1921 1284 1938 ,
1305 1895 1391 1929 sicut
1406 1894 1546 1939 Jupiter
1562 1893 1635 1928 caeli
1652 1901 1688 1928 et

1016 1954 1118 1981 terrae
1132 1974 1140 1988 ‚
1159 1953 1194 1982 et
1210 1946 1315 1980 Pluto
1328 1948 1431 1979 tertioe
1435 1947 1546 1988 partis
1555 1947 1685 1985 mundi,

1015 1999 1161 2039 scilicet,
1180 1998 1382 2032 inferorum.
1404 1998 1471 2031 Ed.

1059 2052 1099 2098 37
1108 2065 1133 2085 1.
1156 2053 1248 2094 Quid
1262 2054 1399 2085 cessant
1407 2052 1427 2086 ?
1449 2062 1513 2084 cur
1527 2060 1599 2083 non
1617 2048 1687 2083 ad*

1016 2103 1150 2137 duntur
1164 2109 1284 2137 nostro
1308 2101 1480 2146 imperio?
1506 2100 1688 2137 Claudian-

1017 2156 1034 2190 Ι
1046 2182 1055 2198 ,
1075 2169 1136 2189 222
1151 2182 1160 2198 ,
1174 2155 1314 2200 Jupiter
1325 2153 1456 2187 Veneri
1471 2179 1480 2197 ‚
1498 2164 1559 2187 cur
1569 2155 1687 2186 ultima

1016 2220 1116 2251 regna
1125 2211 1304 2252 'quiescunt
1315 2207 1334 2240 ,Ρ
1350 2224 1395 2231 --
1411 2207 1584 2250 Imperium
1598 2217 1686 2249 pro-

1007 2259 1103 2303 fers,
1131 2258 1306 2300 extendis,
1328 2257 1477 2302 amplias.
1502 2275 1547 2283 —
1568 2257 1690 2300 Agitur

1016 2311 1105 2345 bene
1123 2311 1266 2355 explieat
1291 2309 1420 2355 Regius
1435 2335 1445 2352 ,
1472 2308 1508 2342 in
1534 2308 1686 2354 periculo

1016 2371 1184 2407 versatur,
1193 2376 1237 2398 ne
1249 2377 1268 2397 a
1279 2363 1379 2396 nohis
1389 2362 1576 2396 amittatur.
1587 2361 1686 2406 Saepe

1019 2415 1090 2451 Cic.
1103 2420 1164 2460 agi
1173 2418 1321 2454 salutem,
1337 2417 1506 2458 imperium
1517 2419 1580 2446 etc.
1596 2412 1688 2446 dicit.

1018 2468 1065 2502 Et
1073 2469 1159 2502 bene
1169 2469 1266 2501 tertia
1273 2468 1487 2509 mundipars5
1500 2477 1580 2510 rege
1592 2464 1688 2498 enim

1016 2519 1118 2560 victo,
1130 2524 1243 2551 totum
1256 2529 1405 2561 regnum
1416 2515 1566 2550 vincitur
1578 2522 1612 2549 et
1620 2526 1688 2550 ser-

1016 2570 1088 2602 vire
1099 2569 1242 2614 cogitur.
1258 2567 1440 2601 Claudian.
1452 2567 1553 2612 Rapt.
1568 2566 1616 2608 Π,
1632 2565 1685 2598 13:

1018 2620 1139 2655 Venus
1146 2621 1223 2664 jam
1239 2621 1322 2654 Dite
1336 2622 1474 2653 subacto
1490 2615 1687 2661 Ingentisa-

1016 2676 1122 2707 mulos
1140 2673 1261 2716 Manes·
1276 2673 1417 2705 ductum
1431 2670 1600 2712 lriumpho.

1059 2727 1079 2759 3
1085 2726 1133 2770 73.
1141 2725 1190 2757 Et
1196 2728 1304 2758 tamen
1313 2726 1348 2757 in
1357 2725 1447 2760 caelo,
1461 2720 1612 2765 quoejam
1620 2726 1683 2754 etc.

1018 2776 1182 2810 Heinsius
1192 2802 1200 2817 ‚
1213 2774 1318 2808 MSS.
1328 2779 1504 2817 sequutus,
1514 2772 1602 2805 hanc
1611 2771 1684 2805 lec—
