1832 3100
247 209 324 250 152

605 209 657 252 P.
708 205 939 255 0V1n11
977 178 1274 255 NAsoms

239 301 422 366 Statque
446 319 601 367 super3
627 301 918 368 manibusque
941 301 1064 350 datas
1090 303 1342 366 contingere
1366 303 1559 352 habenas

239 378 431 436 Gaudet;
457 390 500 427 et
521 379 660 426 invito
685 390 826 442 grates
849 379 938 442 agit
958 378 1059 426 inde
1084 380 1268 445 parenti.
1611 376 1615 379 ⁵

300 456 470 504 Interea
491 455 689 504 volucres
714 456 917 522 Pyroeis‚
941 458 1093 514 Eous,
1118 469 1162 505 et
1186 457 1355 506 AEthon
1371 495 1383 516 ‚

234 531 352 580 Solis
373 532 495 598 equi,
520 545 790 599 quartusque
809 532 1011 596 Phlegon
1027 570 1039 590 ‚
1065 533 1314 582 hinnitibus
1333 554 1459 584 auras

232 609 521 657 Flammiferis
543 609 731 675 implent
746 646 758 666 ‚
781 609 1064 675 pedibusque
1087 609 1294 675 repagula
1315 610 1506 677 pulsant.
1589 623 1650 658 155

236 687 348 750 Quae
369 699 605 753 postquam
627 686 796 753 Tethys
810 723 820 743 ‚
845 687 1038 734 fatorum
1057 687 1207 750 ignara
1227 689 1426 754 nepotis,

234 764 451 830 Reppulit
466 802 477 823 ‚
502 776 546 813 et
568 764 683 812 facta
704 776 770 812 est
791 764 994 812 immensi
1018 765 1144 830 copia
1167 765 1346 824 mundi,

233 842 498 908 Corripuere
523 842 659 898 viam,
682 840 960 907 pedibusque
987 860 1067 907 per
1090 861 1187 891 aera
1205 844 1340 892 motis

233 918 476 966 Obstantes
499 917 676 965 findunt
698 917 904 974 nebulas,
928 919 1174 985 pennisque
1201 913 1336 969 levati

232 995 506 1043 Praetereunt
530 1005 651 1041 ortos
674 993 831 1042 iisdem
855 994 909 1042 de
931 995 1133 1060 partibus
1157 997 1319 1044 Euros.

233 1114 385 1160 imagine
408 1113 598 1147 verborum
619 1111 753 1146 emicat.
780 1113 875 1145 Edit.

281 1170 352 1203 151.
367 1170 491 1202 Datus.
511 1165 623 1200 Codd.
641 1165 752 1200 nostri
765 1165 910 1200 RR.le-

235 1234 299 1256 ves.
323 1220 369 1254 Et
390 1221 505 1253 forsan
523 1231 562 1251 ea
579 1224 630 1252 est
646 1230 727 1251 vera
746 1216 859 1250 lectio.

280 1273 351 1306 153.
367 1273 499 1304 Interea
517 1272 667 1303 volucres
678 1274 741 1302 etc.
762 1267 831 1302 Alii
848 1267 911 1302 alia

233 1324 331 1369 equis
346 1322 514 1357 solaribus
535 1321 680 1355 nomina
697 1320 886 1365 imponunt
903 1331 911 1353 :

232 1375 301 1410 vid.
322 1375 452 1421 Hygin.
475 1374 540 1407 sab.
562 1373 620 1407 183
637 1399 645 1416 ,
663 1373 780 1418 ibique
800 1373 913 1406 Mun-

231 1427 352 1462 kersset
365 1425 554 1471 Spanhem.
568 1424 610 1458 ad
630 1423 766 1458 Callim.
783 1423 815 1457 h.
834 1423 911 1457 Del.

238 1477 308 1520 169.
325 1476 396 1510 Pro
406 1474 622 1520 flammzfirtlr
638 1501 646 1514 ‚
679 1474 802 1508 Burm.
821 1473 911 1507 male

234 1530 357 1575 probat
376 1528 546 1573 fumzfict‘s.
578 1527 670 1561 Loca
700 1527 741 1560 ab
767 1539 808 1560 eo
831 1527 913 1560 lau-—

234 1582 336 1625 data,
365 1581 609 1625 ubisumanles
633 1583 745 1619 lauri,
777 1586 835 1613 aut
849 1581 914 1624 su-

235 1638 363 1668 manlia
385 1636 463 1678 equi
482 1638 591 1677 terga,
622 1632 691 1666 huc
707 1644 780 1665 non
798 1632 914 1677 perti-

235 1694 323 1721 nent
340 1701 348 1728 3
377 1686 499 1731 quidni
519 1685 615 1730 equis
631 1685 749 1730 ignem
766 1697 915 1718 vomen-

234 1740 326 1774 tibus
343 1739 447 1785 (vers.
465 1739 507 1782 84
519 1765 527 1781 ,
550 1753 562 1772 1
573 1737 628 1784 19)
644 1745 737 1772 recte
756 1738 914 1772 tribuan-

235 1800 293 1827 tur
313 1791 514 1836 starmm'fiert'
537 1792 688 1823 hinnitus
702 1792 721 1825 ,Ρ

284 1846 356 1879 ι55.
381 1841 614 1884 Flamm1'fertlr.
639 1842 741 1876 Unus
756 1841 915 1875 Vatican.

235 1896 375 1931 Thuan.
394 1902 428 1929 et
455 1893 615 1928 Leidens.
636 1906 699 1938 pro
723 1893 815 1927 varia
839 1892 915 1926 lect.

225 1948 408 1993 furmficis,
431 1946 525 1992 quod
542 1946 664 1979 Burm.
689 1958 761 1979 non
779 1952 914 1979 temere

236 1997 470 2043 abjiciendum
489 2003 588 2042 putat
602 2023 610 2039 ,
637 1996 805 2042 quoniam
812 1998 917 2040 flam-

236 2050 336 2094 miser
353 2049 395 2083 de
414 2049 496 2083 caelo
513 2048 749 2093 similibusque
760 2047 836 2083 'dici
851 2060 916 2082 so-

235 2102 306 2136 leat
319 2115 326 2143 ;
335 2101 502 2145 sumfficis
526 2102 703 2143 mugilibus
719 2108 836 2134 autem
857 2113 917 2134 oc-

237 2159 355 2188 currat
385 2152 457 2186 VII
473 2179 481 2192 ,
522 2154 582 2195 114
601 2166 609 2192 ς
633 2152 812 2195 fizmanlia
842 2155 922 2196 equi

240 2211 351 2250 terga,
377 2204 480 2248 XIV,
499 2203 562 2238 362
577 2217 584 2244 ;
603 2211 637 2238 et
643 2204 818 2247 fumantes
834 2209 917 2237 lau—

238 2270 303 2298 ros,
318 2255 434 2290 Valer.
453 2255 543 2290 Flac.
558 2255 644 2301 VII,
656 2255 730 2288 283.
742 2274 786 2280 —
798 2255 917 2290 Nostri

242 2308 356 2345 Codd.
374 2308 452 2342 RR.
465 2333 474 2351 ,
487 2309 716 2351 flamml‘gertlr.
737 2324 780 2332 --
794 2309 916 2351 Bepa-

235 2365 317 2407 3ula
327 2390 336 2404 ,
354 2362 447 2408 ligna
463 2367 656 2395 transversa
668 2387 676 2401 ,
694 2360 817 2405 quibus
832 2360 916 2394 ostia

242 2415 441 2449 firmantur.
480 2413 686 2458 Sagittarius
723 2412 766 2446 de
794 2412 917 2447 Januis

240 2468 336 2501 Vett.
350 2493 359 2510 ‚
377 2479 409 2512 p.
432 2467 491 2511 78,
510 2465 671 2510 intelligit
695 2464 729 2499 b.
751 2464 772 2499 l.
800 2464 892 2510 ligna
905 2490 914 2508 ,

239 2517 364 2561 quibus
381 2516 461 2562 equi
475 2517 512 2551 in
529 2516 668 2550 stabulis
685 2515 914 2558 distinemur,

240 2581 286 2602 ne
316 2568 424 2603 libere
455 2574 640 2602 excurrant
660 2580 667 2602 τ
691 2568 791 2602 male.
825 2568 917 2613 Equi

239 2619 336 2654 enim
352 2621 425 2664 jam
447 2619 558 2663 juncti
583 2626 683 2654 erant
708 2619 849 2663 currui,
883 2626 917 2654 et

239 2683 322 2705 mox
349 2669 482 2717 Tethys
504 2670 560 2704 illa
584 2671 746 2716 repagula
771 2671 916 2717 repellit.

238 2721 379 2760 Rectius
393 2722 571 2767 sentiunt,
591 2723 648 2768 qui
666 2730 812 2769 putant,
829 2735 919 2769 poe-

1594 1011 1655 1046 160

975 1119 1047 1147 tam
1062 1113 1250 1159 respexisse
1262 1113 1304 1148 ad
1315 1127 1469 1150 carceres
1480 1115 1517 1150 in
1535 1115 1651 1152 Circo.

1024 1165 1094 1199 156.
1117 1167 1196 1208 Quae
1213 1171 1389 1211 postquam
1416 1169 1550 1213 Tethys.
1570 1167 1652 1204 Vid.

977 1216 1019 1251 ad
1032 1230 1118 1252 vers.
1130 1217 1184 1264 69.
1195 1236 1239 1243 —
1248 1219 1394 1262 Nepotis.
1412 1219 1549 1265 Nempe
1561 1218 1654 1267 Cly-

977 1281 1080 1303 mene
1099 1268 1167 1303 filia
1185 1268 1341 1316 Tethyos
1357 1277 1392 1305 et
1409 1269 1554 1306 Oceani.

1027 1322 1096 1366 157.
1114 1321 1244 1355 Mundi.
1262 1322 1411 1356 Mundus
1422 1348 1430 1363 ,
1452 1321 1575 1357 caelum
1586 1349 1596 1367 ‚
1614 1329 1654 1357 ut

978 1386 1077 1418 saepe.
1097 1374 1136 1407 In
1154 1387 1227 1418 sqq.
1247 1374 1388 1408 numeri
1411 1375 1502 1410 bene
1516 1387 1654 1410 accom-

979 1424 1111 1458 modati
1125 1432 1207 1459 sunt
1219 1438 1337 1460 cursus
1353 1425 1528 1461 celeritati.

1026 1477 1096 1510 158.
1120 1479 1217 1510 Viam
1229 1504 1237 1517 ,
1269 1476 1335 1510 iter
1346 1503 1355 1520 ,
1380 1480 1558 1521 corripere,
1588 1490 1654 1512 ce-

978 1525 1096 1561 leriter
1107 1528 1278 1562 facere.--
1286 1528 1451 1562 Eun'sere
1463 1529 1655 1563 excitantur

969 1579 1048 1619 &sole
1061 1580 1195 1614 oriente
1209 1595 1216 1620 ;
1234 1580 1313 1614 solis
1330 1580 1426 1614 enim
1440 1579 1655 1616 advenientis

978 1632 1090 1667 calore
1109 1646 1167 1666 aer
1184 1640 1356 1667 movetur.

1026 1686 1095 1731 ¹59·
1109 1686 1264 1719 Ft'ndunl.
1279 1683 1367 1719 Cod.
1382 1684 1424 1718 R.
1435 1685 1475 1719 Β.
1485 1685 1651 1733 scmdunf.

980 1737 1022 1771 R.
1035 1736 1076 1771 A.
1090 1737 1175 1770 item
1186 1750 1204 1770 a
1215 1750 1265 1782 pr.
1279 1749 1322 1771 m.
1333 1736 1536 1782 Utrumque
1547 1737 1651 1778 bene;

979 1801 1062 1822 nam
1075 1788 1261 1823 discrimen
1274 1788 1365 1822 inter
1368 1790 1499 1833 findere
1513 1794 1548 1822 et
1561 1790 1655 1822 scin-

979 1844 1054 1875 dere
1066 1841 1160 1876 haud
1175 1854 1353 1887 magnum.
1369 1841 1501 1876 Forsan
1519 1847 1655 1875 utrum-

981 1906 1047 1937 que
1075 1906 1093 1926 a
1121 1893 1378 1938 permutatione
1402 1892 1583 1938 utriusque
1603 1890 1653 1926 li·-

980 1946 1112 1989 teraef,
1131 1959 1169 1980 sc
1184 1946 1305 1980 oritur.
1331 1947 1396 1980 Ed.

1028 1997 1098 2032 160.
1126 1999 1328 2031 Proelereunl
1355 1998 1466 2030 Euros
1481 2022 1490 2036 ‚
1515 1995 1655 2042 proprie

981 2048 1086 2094 accipi
1111 2055 1244 2094 potest,
1274 2061 1347 2082 non
1372 2046 1655 2094 proverbialiter,

981 2098 1024 2133 de
1055 2099 1238 2134 celerrimo
1268 2099 1384 2134 volatu
1403 2125 1411 2140 ‚
1445 2104 1485 2133 ut
1513 2098 1656 2143 putabat

980 2151 1103 2186 Burm.
1129 2163 1330 2196 quanquam
1354 2149 1389 2184 id
1413 2150 1452 2185 in
1477 2150 1548 2184 aliis
1574 2149 1656 2184 locis

980 2204 1070 2238 valet
1084 2230 1093 2247 ‚
1117 2204 1176 2238 ubi
1200 2203 1281 2249 equi
1308 2203 1495 2238 hominum
1520 2202 1656 2237 descri-

979 2257 1129 2299 buntur,
1150 2263 1190 2290 ut
1206 2255 1327 2302 Virgil.
1353 2255 1434 2290 AEn.
1458 2254 1549 2298 XII,
1565 2253 1630 2296 334
1642 2278 1652 2295 ,

980 2309 1062 2352 345;
1092 2308 1215 2343 Manil.
1236 2308 1293 2351 V,
1320 2321 1382 2355 793
1400 2314 1435 2342 et
1455 2319 1543 2352 saepe
1563 2305 1655 2351 apud

981 2361 1183 2395 Homerum
1195 2387 1205 2404 ,
1227 2360 1287 2405 qui
1302 2366 1420 2394 tamen
1438 2371 1546 2405 equos
1559 2371 1657 2392 nun—

980 2417 1086 2457 quam
1110 2411 1289 2447 celeriores
1313 2411 1446 2454 ventis,
1473 2409 1534 2446 sed
1557 2422 1654 2456 aeque

979 2464 1106 2497 celeres
1131 2476 1169 2497 ac
1192 2469 1313 2497 ventos
1330 2463 1432 2506 facit,
1458 2461 1624 2507 quoniam
1643 2487 1653 2505 ,

979 2514 1182 2548 observante
1196 2514 1310 2551 Schol.
1329 2514 1372 2548 ad
1385 2513 1480 2549 Iliad.
1498 2520 1543 2557 K,
1563 2514 1626 2558 437
1645 2525 1653 2547 z

977 2558 1093 2611 Ᾱνέμου
1120 2572 1238 2602 ,θᾶσσον
1271 2569 1364 2602 οὐδέν.
1398 2565 1489 2600 Vide
1507 2564 1653 2600 valken.

979 2618 1126 2653 Diatrib.
1142 2618 1261 2664 Eurip.
1273 2631 1304 2664 p.
1321 2630 1392 2663 107.
1404 2617 1540 2652 Verum
1549 2615 1653 2650 hodie

979 2671 1121 2716 quidem
1141 2665 1223 2716 equi
1244 2670 1381 2716 Anglici
1406 2669 1501 2705 venti
1523 2667 1654 2703 celeri-

978 2729 1086 2759 tatem
1119 2722 1206 2759 adeo
1229 2728 1394 2768 superant
1418 2733 1425 2757 :
1449 2719 1526 2760 vide
1549 2719 1651 2755 Bue-
