1832 3100
241 242 328 298 244

601 245 653 288 P.
698 245 933 291 OVIDII
971 247 1276 294 NASONIS

238 337 420 386 Actaeon
445 354 530 399 ego
556 354 677 395 sum;
704 337 932 387 dominum
958 341 1210 402 cognoscite
1233 353 1438 392 vestrum.

1591 363 1654 396 230

236 414 384 462 Verba
409 413 557 462 animo
582 413 769 463 desunt:
794 428 970 464 resonat
992 415 1222 465 latratibus
1245 419 1390 468 aether.

240 491 387 539 Prima
413 491 725 541 Melanchaetes
748 493 794 540 in
818 505 943 556 tergo
967 493 1147 542 vulnera
1167 494 1296 553 fecit;

241 569 450 617 Proxima
472 569 783 628 Theridamas·,
804 571 1124 636 Oresitrophos
1147 571 1274 620 haesit
1290 573 1337 621 in
1359 593 1492 623 armo.

237 645 427 693 Tardius
452 645 674 703 exierant,
699 645 774 694 sed
798 665 878 712 per
901 647 1158 712 compendia
1181 649 1360 697 montis'

237 722 492 788 Anticipata
514 722 583 770 via
605 734 701 770 est:
728 722 955 771 dominum
979 724 1274 772 retinentibus
1298 725 1407 784 illis,

1588 742 1651 777 235

239 799 395 846 Cetera
421 799 552 846 turba
574 799 689 856 coit,
715 799 970 866 confertque
994 800 1039 847 in
1064 819 1246 867 corpore
1264 801 1428 850 dentes.

237 881 265 927 J
269 899 336 927 am
354 879 454 927 loca
476 879 734 928 vulneribus
758 879 916 928 desunt
939 901 949 928 ε
972 882 1106 943 gemit
1129 882 1224 940 ille,
1252 900 1498 949 sonumque

239 963 323 1018 Et,
350 960 388 1009 si
412 980 506 1008 non
526 959 739 1018 hominis,
765 980 894 1026 quem
918 981 1008 1010 non
1035 975 1178 1011 tamen
1201 964 1326 1013 edere
1350 965 1491 1030 possit

245 1043 410 1092 Cervus
424 1080 436 1101 ‚
461 1042 621 1100 habet3
644 1042 900 1109 moestisque
916 1043 1057 1110 replet
1077 1045 1182 1109 juga
1199 1057 1306 1094 nota
1334 1046 1521 1113 querelis
1539 1067 1550 1095 ι

243 1185 336 1231 quod
362 1190 482 1220 tuetur
509 1184 614 1219 Lenz.
635 1185 813 1226 Ferunlur‚
837 1197 918 1220 cum

240 1240 375 1284 impetu
400 1244 528 1278 ruunt,
552 1237 642 1271 bene
668 1237 831 1272 convenit
854 1250 917 1271 ar—

241 1292 316 1327 dori
333 1305 461 1326 canum
476 1318 486 1334 ,
502 1303 617 1335 neque
633 1290 720 1325 adeo
737 1291 918 1326 sollicitan-

241 1347 326 1380 dum
343 1353 402 1380 est.
422 1346 504 1379 Jam
520 1345 601 1379 hinc
617 1343 795 1389 phantasia
805 1351 918 1390 poetae

241 1397 443 1444 cupidinem
450 1409 578 1431 canum
588 1395 826 1440 comitumque
836 1408 918 1430 cum

241 1449 373 1484 domini
400 1448 579 1483 conatibus
602 1453 638 1482 et
665 1447 814 1492 querelis
837 1453 918 1481 ante

242 1502 358 1537 oculos
372 1500 481 1546 ponit.
892 1542 894 1544 Ι

284 1553 359 1587 230.
378 1552 523 1585 Actoeon
536 1562 596 1593 ego
611 1562 685 1584 sum
700 1556 764 1584 etc.
780 1549 835 1584 De
851 1549 918 1583 hoc

240 1618 342 1640 versu
365 1603 531 1638 Heinsius
548 1615 556 1637 :
574 1603 649 1637 Non
671 1605 779 1645 magis
795 1604 918 1636 Naso-

241 1662 295 1693 nis
309 1661 380 1696 est,
405 1668 503 1700 quam
523 1666 624 1688 meus.
642 1654 848 1698 Agnoscunt
865 1659 919 1687 ta-

241 1722 326 1744 men
335 1708 415 1743 libri
427 1714 571 1742 veteres.
588 1705 642 1740 Eo
652 1705 785 1740 sublato
800 1704 918 1738 omnia

241 1767 346 1796 erunt
371 1758 606 1794 concinniora.
638 1773 682 1784 ·-
710 1756 916 1802 Agnoscunt

241 1823 381 1858 quoque
395 1809 509 1845 Codd.
527 1808 638 1854 Regii.
658 1826 703 1833 —-
719 1807 802 1842 Sine
817 1815 918 1842 causa

244 1863 410 1899 Heinsius
429 1861 524 1895 hunc
548 1871 687 1894 versum
706 1857 918 1904 ejiciendum

243 1918 396 1965 putabat.
408 1913 552 1951 Etenim
554 1913 836 1958 samult‘possunt
846 1923 917 1945 esse

243 1970 387 2006 comites
405 1994 414 2012 ,
441 1979 526 2012 quos
545 1966 687 2001 Actaeon
706 1963 833 2009 alloqui
849 1975 919 1997 vo-

241 2023 345 2058 lebat.
355 2020 427 2056 Sed
439 2027 475 2054 et
485 2031 586 2053 canes
596 2044 605 2061 ,
614 2017 641 2052 si
652 2017 714 2051 hos
727 2015 918 2061 intelligere

245 2074 433 2115 malumus,
449 2070 634 2105 dominum
650 2082 690 2103 ex
704 2081 786 2103 voce
803 2080 920 2113 agno-

248 2138 342 2161 scere
361 2123 562 2170 potuissent.
580 2120 701 2164 Adde,
715 2119 806 2165 quod
820 2118 921 2154 toties

243 2181 282 2214 in
295 2178 363 2222 ¹hac
381 2177 453 2223 ipsa
476 2176 541 2210 sab.
564 2173 713 2208 luxuriat
737 2173 918 2217 ingenium

245 2229 375 2267 Ovidii.
391 2247 436 2255 -
453 2227 597 2267 Anium,
624 2224 803 2259 voluntati.

288 2284 362 2318 232.
380 2281 620 2315 Melanchoeles
633 2283 667 2311 et
677 2276 800 2320 reliqui
813 2276 918 2311 etiam

244 2336 285 2370 ab
312 2332 457 2380 Hygino
487 2328 653 2376 postremi
679 2327 919 2361 nominantur.

247 2385 318 2422 Sed
334 2385 480 2427 Noster,
498 2380 590 2417 taedii
611 2378 773 2414 vincendi
797 2391 896 2412 causa
908 2403 917 2421 ‚

246 2452 306 2474 eos
321 2464 331 2482 ,
359 2437 430 2472 aliis
465 2432 671 2481 quibusdam
703 2431 894 2476 interjectis
908 2457 917 2472 ‚

245 2488 479 2535 superioribus
503 2485 598 2520 addit
611 2510 620 2528 ,
641 2491 717 2518 tum
738 2482 918 2526 ingenioso

245 2547 448 2577 commento
465 2537 674 2584 peculiarem
691 2546 815 2569 eorum
832 2546 917 2578 ope-

248 2604 325 2626 ram
337 2595 521 2625 memorat.
536 2606 580 2616 ·—-
590 2588 845 2626 Melanchoeles‚·
862 2585 920 2629 ju-

248 2644 330 2678 bam
346 2649 382 2677 et
398 2642 483 2687 pilos
500 2641 631 2675 habens
645 2639 772 2684 nigros.
788 2639 854 2671 Ed.

289 2695 364 2738 234.
381 2695 554 2726 Exierant.
570 2691 677 2725 Recte
698 2689 821 2724 Heius.
833 2699 918 2722 mo—

246 2754 308 2783 net
321 2774 330 2791 ,
351 2747 498 2782 verbum
519 2749 609 2782 exire
631 2751 786 2779 sumtum
810 2756 880 2778 esse
901 2755 920 2775 a

982 1183 1088 1221 Circo
1100 1211 1109 1229 ,
1126 1186 1186 1221 ubi
1208 1187 1289 1231 equi
1311 1187 1504 1222 carceribus
1524 1193 1652 1223 exeunt.

983 1238 1161 1274 Caeterum
1177 1240 1251 1275 huc·
1267 1241 1415 1286 respexit
1432 1239 1526 1274 haud
1550 1239 1653 1275 dubie

981 1289 1135 1334 Seneca,
1152 1291 1231 1326 Nat.
1250 1290 1382 1335 Quaest.
1395 1290 1451 1325 lib.
1462 1290 1531 1334 111,
1546 1289 1630 1336 prol.
1645 1303 1654 1325 ι

985 1344 1056 1386 Qui
1073 1345 1204 1378 tardius
1216 1344 1397 1386 Yext‘eranoe
1417 1356 1541 1377 moram
1561 1345 1656 1377 velo—

980 1398 1084 1429 citate
1105 1400 1261 1439 pensant.
1290 1412 1335 1422 ·-—
1365 1394 1483 1430 Nostri
1507 1394 1654 1430 Codices

982 1446 1084 1491 Regii
1098 1445 1229 1480 habent
1246 1449 1390 1487 exierat,
1412 1445 1506 1496 quod
1518 1453 1655 1492 praetu-

979 1497 1104 1540 lerim,
1133 1505 1173 1532 ut
1191 1498 1363 1532 reseratur
1386 1497 1428 1532 ad
1453 1497 1654 1533 Oresistro-

980 1548 1090 1593 phum
1106 1548 1219 1582 solum
1233 1574 1242 1591 ,
1268 1549 1327 1593 qui
1344 1561 1455 1593 quum
1470 1562 1533 1595 per
1549 1553 1656 1584 com-—

980 1599 1106 1643 pendia
1118 1600 1294 1634 montium
1306 1600 1454 1635 venisset
1463 1627 1471 1640 ,
1489 1604 1526 1635 in
1543 1614 1652 1639 armoq

980 1650 1016 1684 id
1032 1657 1101 1694 est,
1126 1651 1161 1684 in
1187 1651 1360 1685 anteriore
1381 1658 1477 1696 parte
1502 1653 1656 1697 corporis

982 1701 1148 1737 Actaeona
1164 1714 1340 1747 aggressus
1353 1708 1404 1736 est
1420 1728 1430 1745 ‚
1464 1701 1550 1736 dum
1566 1703 1655 1736 Me-

981 1753 1166 1788 lanchaetes
1175 1760 1210 1788 et
1221 1753 1450 1788 Theridamas
1460 1753 1624 1788 eumdem
1636 1767 1654 1788 a

982 1813 1080 1852 tergo
1097 1806 1314 1841 adoriuntur.
1339 1807 1406 1841 Ed.
1423 1824 1468 1833 --
1487 1808 1654 1851 Compen-

982 1860 1071 1892 dium
1084 1885 1092 1899 ,
1112 1871 1217 1892 omne
1233 1858 1369 1892 lucrum
1381 1884 1391 1901 ‚
1407 1858 1502 1903 quod
1514 1859 1551 1893 in
1569 1872 1655 1904 qua-

982 1922 1131 1954 cumque
1148 1922 1187 1944 re
1203 1910 1314 1944 facere
1327 1922 1526 1955 possumus,
1542 1910 1602 1944 sed
1618 1911 1656 1944 in

983 1961 1103 2007 primis
1137 1961 1180 1996 de
1213 1962 1373 1996 breviore
1401 1962 1455 1996 via
1479 1963 1629 1997 occurrit
1643 1987 1653 2006 ,

984 2026 1089 2058 quam
1107 2014 1204 2058 quis,
1221 2013 1420 2058 ambagibus
1436 2014 1562 2048 relictis
1576 2040 1585 2058 ,
1602 2014 1655 2048 in-

984 2065 1070 2100 sistit
1089 2078 1097 2100 :
1113 2065 1191 2100 vide
1204 2065 1380 2100 Schwarz.
1397 2065 1440 2099 ad
1459 2065 1563 2100 Plinii
1577 2066 1655 2100 Pa-

983 2130 1062 2162 neg.
1081 2130 1153 2162 cap.
1170 2126 1241 2151 xcv
1252 2143 1261 2160 ,
1279 2130 1311 2162 p.
1330 2118 1404 2160 488.
1422 2133 1467 2143 —-
1480 2117 1659 2161 Antzkzpat

983 2174 1072 2204 viam
1090 2170 1117 2204 is
1127 2197 1135 2213 ,
1148 2170 1206 2214 qui
1225 2170 1372 2204 alterum
1384 2169 1568 2205 antevertit
1581 2182 1655 2204 cur-

983 2236 1034 2258 su.
1047 2240 1091 2249 —-
1101 2222 1213 2257 Iidem
1230 2221 1376 2257 Codices
1387 2223 1517 2266 nostri,
1529 2226 1655 2266 preci-

977 2278 1091 2319 pilata
1106 2278 1164 2309 via
1175 2281 1236 2309 est.
1252 2275 1436 2309 Praestaret
1449 2277 1652 2316 anticipata,

982 2328 1008 2363 si
1028 2325 1140 2361 Codd.
1156 2326 1281 2360 nostris
1303 2325 1492 2359 fulciretur.
1507 2325 1574 2358 Ed.

1028 2380 1100 2413 238.
1112 2379 1176 2418 Et,
1194 2380 1230 2411 si
1241 2389 1306 2410 non
1320 2378 1559 2416 hominisreth
1575 2387 1654 2410 con-

982 2432 1036 2465 fer
1045 2443 1185 2465 versum
1194 2430 1258 2474 667
1268 2429 1344 2463 libri
1353 2429 1399 2463 ΙΙ.
1407 2421 1551 2471 -Juga
1558 2432 1647 2467 nola,

983 2483 1019 2517 in
1031 2483 1154 2527 quibus
1169 2481 1288 2516 venari
1302 2480 1420 2514 solitus
1430 2481 1543 2514 suerat
1558 2478 1654 2515 :vide

983 2534 1027 2568 ad
1045 2535 1082 2576 Ι,
1099 2535 1173 2578 370.
1187 2550 1231 2558 —
1248 2534 1375 2566 Positis
1390 2531 1494 2566 habet
1514 2531 1652 2564 Bonon.

983 2597 1047 2630 pro
1066 2585 1198 2619 diversa
1209 2584 1366 2618 lectione.
1382 2581 1522 2625 caeteri,
1528 2583 1652 2625 prom's.

982 2655 1027 2665 ·-
1040 2638 1098 2672 Sic
1108 2643 1143 2671 et
1153 2637 1262 2671 nostri
1274 2636 1390 2681 Regii,
1396 2638 1521 2679 pronis.
1535 2651 1579 2660 -
1591 2635 1653 2667 Po-

983 2693 1060 2724 sitis
1073 2689 1230 2723 revocavi
1241 2701 1282 2722 ex
1292 2686 1381 2722 cod.
1391 2687 1529 2721 Bonon.
1541 2691 1576 2718 et
1586 2684 1653 2729 pla-

984 2742 1055 2777 cuit
1069 2742 1174 2776 etiam
1191 2740 1348 2776 Heinsio.
1365 2741 1476 2775 Prona
1484 2749 1592 2782 genua
1607 2749 1652 2770 an
