<?xml version="1.0" encoding="UTF-8"?>
<!DOCTYPE html PUBLIC "-//W3C//DTD XHTML 1.0 Transitional//EN"
    "http://www.w3.org/TR/xhtml1/DTD/xhtml1-transitional.dtd">
<html xmlns="http://www.w3.org/1999/xhtml" xml:lang="en" lang="en">
 <head>
  <title>
</title>
<meta http-equiv="Content-Type" content="text/html;charset=utf-8" />
  <meta name='ocr-system' content='tesseract 3.04.00' />
  <meta name='ocr-capabilities' content='ocr_page ocr_carea ocr_par ocr_line ocrx_word'/>
</head>
<body>
  <div class='ocr_page' id='page_1' title='image "./quaeextantomniao03oviduoft_0437.png"; bbox 0 0 1832 3100; ppageno 0'>
   <div class='ocr_carea' id='block_1_1' title="bbox 377 258 1316 317">
    <p class='ocr_par' dir='ltr' id='par_1_1' title="bbox 377 258 1316 317">
     <span class='ocr_line' id='line_1_1' title="bbox 377 258 1316 317; baseline -0.003 0"><span class='ocrx_word' id='word_1_1' title='bbox 377 258 1058 317; x_wconf 82' lang='lat' dir='ltr'><strong>METAMORPHO&#39;SEON</strong></span> <span class='ocrx_word' id='word_1_2' title='bbox 1090 272 1219 315; x_wconf 82' lang='lat' dir='ltr'><strong>LIB.</strong></span> <span class='ocrx_word' id='word_1_3' title='bbox 1255 272 1316 316; x_wconf 83' lang='lat' dir='ltr'><strong>v.</strong></span> 
     </span>
    </p>
   </div>
   <div class='ocr_carea' id='block_1_2' title="bbox 1479 271 1565 327">
    <p class='ocr_par' dir='ltr' id='par_1_2' title="bbox 1479 271 1565 327">
     <span class='ocr_line' id='line_1_2' title="bbox 1479 271 1565 327; baseline -0.012 -11"><span class='ocrx_word' id='word_1_4' title='bbox 1479 271 1565 327; x_wconf 74' lang='lat'><strong>405</strong></span> 
     </span>
    </p>
   </div>
   <div class='ocr_carea' id='block_1_3' title="bbox 147 362 1460 660">
    <p class='ocr_par' dir='ltr' id='par_1_3' title="bbox 148 362 1356 431">
     <span class='ocr_line' id='line_1_3' title="bbox 148 362 1356 431; baseline -0.002 -16"><span class='ocrx_word' id='word_1_5' title='bbox 148 388 171 410; x_wconf 85' lang='lat'>»</span> <span class='ocrx_word' id='word_1_6' title='bbox 202 363 327 415; x_wconf 83' lang='lat' dir='ltr'><strong>Mille</strong></span> <span class='ocrx_word' id='word_1_7' title='bbox 349 362 493 431; x_wconf 84' lang='lat' dir='ltr'><strong>modis</strong></span> <span class='ocrx_word' id='word_1_8' title='bbox 515 362 669 410; x_wconf 83' lang='lat' dir='ltr'><strong>labens</strong></span> <span class='ocrx_word' id='word_1_9' title='bbox 683 398 696 420; x_wconf 96' lang='lat'><strong>,</strong></span> <span class='ocrx_word' id='word_1_10' title='bbox 723 380 991 428; x_wconf 86' lang='lat' dir='ltr'><strong>excussaque</strong></span> <span class='ocrx_word' id='word_1_11' title='bbox 1013 362 1194 410; x_wconf 87' lang='lat' dir='ltr'><strong>brachia</strong></span> <span class='ocrx_word' id='word_1_12' title='bbox 1215 363 1330 428; x_wconf 86' lang='lat' dir='ltr'><strong>jacto</strong></span> <span class='ocrx_word' id='word_1_13' title='bbox 1345 402 1356 423; x_wconf 87' lang='lat'>‚</span> 
     </span>
    </p>

    <p class='ocr_par' dir='ltr' id='par_1_4' title="bbox 150 438 1373 506">
     <span class='ocr_line' id='line_1_4' title="bbox 150 438 1373 506; baseline 0.002 -20"><span class='ocrx_word' id='word_1_14' title='bbox 150 466 175 486; x_wconf 83' lang='lat'>»</span> <span class='ocrx_word' id='word_1_15' title='bbox 203 439 361 491; x_wconf 78' lang='lat' dir='ltr'><strong>Nescio</strong></span> <span class='ocrx_word' id='word_1_16' title='bbox 377 438 504 506; x_wconf 82' lang='lat' dir='ltr'><strong>quod</strong></span> <span class='ocrx_word' id='word_1_17' title='bbox 520 438 668 488; x_wconf 84' lang='lat' dir='ltr'><strong>medio</strong></span> <span class='ocrx_word' id='word_1_18' title='bbox 692 438 811 487; x_wconf 91' lang='lat' dir='ltr'><strong>sensi</strong></span> <span class='ocrx_word' id='word_1_19' title='bbox 835 439 919 488; x_wconf 90' lang='lat' dir='ltr'><strong>sub</strong></span> <span class='ocrx_word' id='word_1_20' title='bbox 945 439 1119 502; x_wconf 81' lang='lat' dir='ltr'>gurgite</span> <span class='ocrx_word' id='word_1_21' title='bbox 1142 459 1373 500; x_wconf 87' lang='lat' dir='ltr'><strong>murmur;</strong></span> 
     </span>
    </p>

    <p class='ocr_par' dir='ltr' id='par_1_5' title="bbox 149 514 1240 582">
     <span class='ocr_line' id='line_1_5' title="bbox 149 514 1240 582; baseline 0.002 -20"><span class='ocrx_word' id='word_1_22' title='bbox 149 541 174 562; x_wconf 71' lang='lat' dir='ltr'><strong>n</strong></span> <span class='ocrx_word' id='word_1_23' title='bbox 199 516 457 582; x_wconf 78' lang='lat' dir='ltr'><strong>Territaque</strong></span> <span class='ocrx_word' id='word_1_24' title='bbox 475 514 636 564; x_wconf 83' lang='lat' dir='ltr'><strong>insisto</strong></span> <span class='ocrx_word' id='word_1_25' title='bbox 655 515 881 582; x_wconf 90' lang='lat' dir='ltr'><strong>propioris</strong></span> <span class='ocrx_word' id='word_1_26' title='bbox 901 516 1097 579; x_wconf 77' lang='lat' dir='ltr'>margine</span> <span class='ocrx_word' id='word_1_27' title='bbox 1120 516 1240 582; x_wconf 85' lang='lat' dir='ltr'><strong>ripae.</strong></span> 
     </span>
    </p>

    <p class='ocr_par' dir='ltr' id='par_1_6' title="bbox 147 592 1460 660">
     <span class='ocr_line' id='line_1_6' title="bbox 147 592 1460 660; baseline 0.003 -21"><span class='ocrx_word' id='word_1_28' title='bbox 147 618 171 639; x_wconf 88' lang='lat'>»</span> <span class='ocrx_word' id='word_1_29' title='bbox 197 595 304 659; x_wconf 85' lang='lat' dir='ltr'><strong>Quo</strong></span> <span class='ocrx_word' id='word_1_30' title='bbox 329 611 569 660; x_wconf 89' lang='lat' dir='ltr'><strong>properas,</strong></span> <span class='ocrx_word' id='word_1_31' title='bbox 594 592 850 642; x_wconf 84' lang='lat' dir='ltr'><strong>Arethusa?</strong></span> <span class='ocrx_word' id='word_1_32' title='bbox 873 593 966 642; x_wconf 83' lang='lat' dir='ltr'><strong>suis</strong></span> <span class='ocrx_word' id='word_1_33' title='bbox 988 592 1191 660; x_wconf 88' lang='lat' dir='ltr'><strong>Alpheus</strong></span> <span class='ocrx_word' id='word_1_34' title='bbox 1220 593 1275 642; x_wconf 89' lang='lat' dir='ltr'><strong>ab</strong></span> <span class='ocrx_word' id='word_1_35' title='bbox 1295 594 1430 643; x_wconf 90' lang='lat' dir='ltr'><strong>undis</strong></span> <span class='ocrx_word' id='word_1_36' title='bbox 1449 632 1460 653; x_wconf 97' lang='lat'><strong>,</strong></span> 
     </span>
    </p>
   </div>
   <div class='ocr_carea' id='block_1_4' title="bbox 144 671 1363 738">
    <p class='ocr_par' dir='ltr' id='par_1_7' title="bbox 144 671 1363 738">
     <span class='ocr_line' id='line_1_7' title="bbox 144 671 1363 738; baseline 0.002 -20"><span class='ocrx_word' id='word_1_37' title='bbox 144 694 170 718; x_wconf 86' lang='lat'><strong><em>»</em></strong></span> <span class='ocrx_word' id='word_1_38' title='bbox 197 671 303 736; x_wconf 84' lang='lat' dir='ltr'><strong>Quo</strong></span> <span class='ocrx_word' id='word_1_39' title='bbox 325 673 568 738; x_wconf 82' lang='lat' dir='ltr'><strong>properas?</strong></span> <span class='ocrx_word' id='word_1_40' title='bbox 591 671 752 719; x_wconf 90' lang='lat' dir='ltr'><strong>iterum</strong></span> <span class='ocrx_word' id='word_1_41' title='bbox 774 690 906 723; x_wconf 89' lang='lat' dir='ltr'><strong>rauco</strong></span> <span class='ocrx_word' id='word_1_42' title='bbox 932 671 1042 720; x_wconf 89' lang='lat' dir='ltr'><strong>mihi</strong></span> <span class='ocrx_word' id='word_1_43' title='bbox 1067 671 1235 720; x_wconf 83' lang='lat' dir='ltr'><strong>dixerat</strong></span> <span class='ocrx_word' id='word_1_44' title='bbox 1257 691 1332 720; x_wconf 89' lang='lat' dir='ltr'><strong>ore</strong></span> <span class='ocrx_word' id='word_1_45' title='bbox 1353 693 1363 720; x_wconf 93' lang='lat'><strong>:</strong></span> 
     </span>
    </p>
   </div>
   <div class='ocr_carea' id='block_1_5' title="bbox 1508 687 1574 720">
    <p class='ocr_par' dir='ltr' id='par_1_8' title="bbox 1508 687 1574 720">
     <span class='ocr_line' id='line_1_8' title="bbox 1508 687 1574 720; baseline -0.015 0"><span class='ocrx_word' id='word_1_46' title='bbox 1508 687 1574 720; x_wconf 86' lang='lat'><strong>600</strong></span> 
     </span>
    </p>
   </div>
   <div class='ocr_carea' id='block_1_6' title="bbox 143 747 1411 1049">
    <p class='ocr_par' dir='ltr' id='par_1_9' title="bbox 145 747 1316 811">
     <span class='ocr_line' id='line_1_9' title="bbox 145 747 1316 811; baseline -0.001 -13"><span class='ocrx_word' id='word_1_47' title='bbox 145 772 168 793; x_wconf 87' lang='lat'>»</span> <span class='ocrx_word' id='word_1_48' title='bbox 197 749 321 798; x_wconf 88' lang='lat' dir='ltr'><strong>Sicut</strong></span> <span class='ocrx_word' id='word_1_49' title='bbox 343 768 485 807; x_wconf 88' lang='lat' dir='ltr'><strong>eram,</strong></span> <span class='ocrx_word' id='word_1_50' title='bbox 505 748 630 811; x_wconf 86' lang='lat' dir='ltr'><strong>fugio</strong></span> <span class='ocrx_word' id='word_1_51' title='bbox 653 748 747 797; x_wconf 86' lang='lat' dir='ltr'><strong>sine</strong></span> <span class='ocrx_word' id='word_1_52' title='bbox 768 749 991 807; x_wconf 87' lang='lat' dir='ltr'><strong>vestibus;</strong></span> <span class='ocrx_word' id='word_1_53' title='bbox 1017 747 1153 798; x_wconf 89' lang='lat' dir='ltr'><strong>altera</strong></span> <span class='ocrx_word' id='word_1_54' title='bbox 1174 760 1316 798; x_wconf 89' lang='lat' dir='ltr'><strong>vestes</strong></span> 
     </span>
    </p>

    <p class='ocr_par' dir='ltr' id='par_1_10' title="bbox 143 826 1411 972">
     <span class='ocr_line' id='line_1_10' title="bbox 145 826 1411 895; baseline -0.002 -18"><span class='ocrx_word' id='word_1_55' title='bbox 145 852 170 872; x_wconf 88' lang='lat'>»</span> <span class='ocrx_word' id='word_1_56' title='bbox 197 828 316 895; x_wconf 84' lang='lat' dir='ltr'><strong>Ripa</strong></span> <span class='ocrx_word' id='word_1_57' title='bbox 337 846 456 877; x_wconf 85' lang='lat' dir='ltr'><strong>meas</strong></span> <span class='ocrx_word' id='word_1_58' title='bbox 477 826 638 876; x_wconf 84' lang='lat' dir='ltr'><strong>habuit</strong></span> <span class='ocrx_word' id='word_1_59' title='bbox 658 847 668 874; x_wconf 88' lang='lat'>:</span> <span class='ocrx_word' id='word_1_60' title='bbox 691 839 815 882; x_wconf 86' lang='lat' dir='ltr'><strong>tanto</strong></span> <span class='ocrx_word' id='word_1_61' title='bbox 836 827 977 889; x_wconf 84' lang='lat' dir='ltr'><strong>magis</strong></span> <span class='ocrx_word' id='word_1_62' title='bbox 1000 826 1138 876; x_wconf 85' lang='lat' dir='ltr'><strong>instat</strong></span> <span class='ocrx_word' id='word_1_63' title='bbox 1153 864 1166 884; x_wconf 92' lang='lat'><strong>,</strong></span> <span class='ocrx_word' id='word_1_64' title='bbox 1192 839 1238 876; x_wconf 91' lang='lat' dir='ltr'><strong>et</strong></span> <span class='ocrx_word' id='word_1_65' title='bbox 1260 827 1411 886; x_wconf 82' lang='lat' dir='ltr'><strong>ardet3</strong></span> 
     </span>
     <span class='ocr_line' id='line_1_11' title="bbox 143 903 1274 972; baseline 0.003 -22"><span class='ocrx_word' id='word_1_66' title='bbox 143 928 169 950; x_wconf 73' lang='lat'><strong>2»</strong></span> <span class='ocrx_word' id='word_1_67' title='bbox 193 907 254 954; x_wconf 88' lang='lat' dir='ltr'><strong>Et</strong></span> <span class='ocrx_word' id='word_1_68' title='bbox 278 905 384 972; x_wconf 87' lang='lat' dir='ltr'><strong>quia</strong></span> <span class='ocrx_word' id='word_1_69' title='bbox 404 904 524 954; x_wconf 85' lang='lat' dir='ltr'><strong>nuda</strong></span> <span class='ocrx_word' id='word_1_70' title='bbox 544 903 632 963; x_wconf 83' lang='lat' dir='ltr'><strong>fui,</strong></span> <span class='ocrx_word' id='word_1_71' title='bbox 656 924 756 953; x_wconf 90' lang='lat' dir='ltr'><strong>sum</strong></span> <span class='ocrx_word' id='word_1_72' title='bbox 778 903 872 953; x_wconf 88' lang='lat' dir='ltr'><strong>visa</strong></span> <span class='ocrx_word' id='word_1_73' title='bbox 892 903 1089 971; x_wconf 77' lang='lat' dir='ltr'>paratior</span> <span class='ocrx_word' id='word_1_74' title='bbox 1112 903 1190 953; x_wconf 90' lang='lat' dir='ltr'><strong>illi.</strong></span> <span class='ocrx_word' id='word_1_75' title='bbox 1271 959 1274 965; x_wconf 28' lang='grc'>1</span> 
     </span>
    </p>

    <p class='ocr_par' dir='ltr' id='par_1_11' title="bbox 145 981 1351 1049">
     <span class='ocr_line' id='line_1_12' title="bbox 145 981 1351 1049; baseline 0.003 -21"><span class='ocrx_word' id='word_1_76' title='bbox 145 1007 169 1028; x_wconf 82' lang='lat'>»</span> <span class='ocrx_word' id='word_1_77' title='bbox 197 984 271 1032; x_wconf 83' lang='lat' dir='ltr'><strong>Sic</strong></span> <span class='ocrx_word' id='word_1_78' title='bbox 293 1003 376 1048; x_wconf 79' lang='lat' dir='ltr'><strong>ego</strong></span> <span class='ocrx_word' id='word_1_79' title='bbox 399 983 653 1041; x_wconf 82' lang='lat' dir='ltr'><strong>currebam,</strong></span> <span class='ocrx_word' id='word_1_80' title='bbox 679 982 741 1031; x_wconf 88' lang='lat' dir='ltr'><strong>sic</strong></span> <span class='ocrx_word' id='word_1_81' title='bbox 765 1002 834 1031; x_wconf 88' lang='lat' dir='ltr'><strong>me</strong></span> <span class='ocrx_word' id='word_1_82' title='bbox 858 982 977 1031; x_wconf 88' lang='lat' dir='ltr'><strong>ferus</strong></span> <span class='ocrx_word' id='word_1_83' title='bbox 1000 981 1074 1030; x_wconf 89' lang='lat' dir='ltr'><strong>ille</strong></span> <span class='ocrx_word' id='word_1_84' title='bbox 1094 983 1351 1049; x_wconf 85' lang='lat' dir='ltr'><strong>premebat;</strong></span> 
     </span>
    </p>
   </div>
   <div class='ocr_carea' id='block_1_7' title="bbox 143 1059 1419 1149">
    <p class='ocr_par' dir='ltr' id='par_1_12' title="bbox 143 1059 1419 1149">
     <span class='ocr_line' id='line_1_13' title="bbox 143 1059 1419 1149; baseline 0.002 -42"><span class='ocrx_word' id='word_1_85' title='bbox 143 1083 170 1106; x_wconf 87' lang='lat'>»</span> <span class='ocrx_word' id='word_1_86' title='bbox 199 1063 264 1110; x_wconf 91' lang='lat' dir='ltr'><strong>Ut</strong></span> <span class='ocrx_word' id='word_1_87' title='bbox 282 1060 432 1125; x_wconf 85' lang='lat' dir='ltr'><strong>fugere</strong></span> <span class='ocrx_word' id='word_1_88' title='bbox 456 1061 710 1149; x_wconf 82' lang='lat' dir='ltr'><strong>accipitrem</strong></span> <span class='ocrx_word' id='word_1_89' title='bbox 731 1080 879 1128; x_wconf 89' lang='lat' dir='ltr'><strong>penna</strong></span> <span class='ocrx_word' id='word_1_90' title='bbox 906 1059 1153 1127; x_wconf 78' lang='lat' dir='ltr'><strong>trepidante</strong></span> <span class='ocrx_word' id='word_1_91' title='bbox 1177 1059 1419 1118; x_wconf 86' lang='lat' dir='ltr'><strong>columbae,</strong></span> 
     </span>
    </p>
   </div>
   <div class='ocr_carea' id='block_1_8' title="bbox 1507 1075 1575 1109">
    <p class='ocr_par' dir='ltr' id='par_1_13' title="bbox 1507 1075 1575 1109">
     <span class='ocr_line' id='line_1_14' title="bbox 1507 1075 1575 1109; baseline 0.015 -2"><span class='ocrx_word' id='word_1_92' title='bbox 1507 1075 1575 1109; x_wconf 81' lang='lat'><strong>605</strong></span> 
     </span>
    </p>
   </div>
   <div class='ocr_carea' id='block_1_9' title="bbox 147 1138 1555 1430">
    <p class='ocr_par' dir='ltr' id='par_1_14' title="bbox 147 1138 1296 1207">
     <span class='ocr_line' id='line_1_15' title="bbox 147 1138 1296 1207; baseline 0 -19"><span class='ocrx_word' id='word_1_93' title='bbox 147 1163 172 1183; x_wconf 72' lang='lat'><strong>2»</strong></span> <span class='ocrx_word' id='word_1_94' title='bbox 199 1141 265 1188; x_wconf 92' lang='lat' dir='ltr'><strong>Ut</strong></span> <span class='ocrx_word' id='word_1_95' title='bbox 287 1139 400 1190; x_wconf 88' lang='lat' dir='ltr'><strong>solet</strong></span> <span class='ocrx_word' id='word_1_96' title='bbox 421 1139 630 1207; x_wconf 88' lang='lat' dir='ltr'><strong>accipiter</strong></span> <span class='ocrx_word' id='word_1_97' title='bbox 650 1138 844 1206; x_wconf 89' lang='lat' dir='ltr'><strong>trepidas</strong></span> <span class='ocrx_word' id='word_1_98' title='bbox 867 1139 1032 1202; x_wconf 87' lang='lat' dir='ltr'><strong>agitare</strong></span> <span class='ocrx_word' id='word_1_99' title='bbox 1053 1138 1296 1188; x_wconf 88' lang='lat' dir='ltr'><strong>columbas.</strong></span> 
     </span>
    </p>

    <p class='ocr_par' dir='ltr' id='par_1_15' title="bbox 147 1217 1555 1422">
     <span class='ocr_line' id='line_1_16' title="bbox 149 1217 1555 1288; baseline 0 -22"><span class='ocrx_word' id='word_1_100' title='bbox 149 1241 173 1261; x_wconf 88' lang='lat'>»</span> <span class='ocrx_word' id='word_1_101' title='bbox 185 1220 356 1288; x_wconf 90' lang='lat' dir='ltr'><strong>Usque</strong></span> <span class='ocrx_word' id='word_1_102' title='bbox 378 1218 462 1267; x_wconf 89' lang='lat' dir='ltr'><strong>sub</strong></span> <span class='ocrx_word' id='word_1_103' title='bbox 489 1219 831 1275; x_wconf 84' lang='lat' dir='ltr'><strong>Orchomenon,</strong></span> <span class='ocrx_word' id='word_1_104' title='bbox 856 1217 1173 1284; x_wconf 88' lang='lat' dir='ltr'><strong>Psophidaque</strong></span> <span class='ocrx_word' id='word_1_105' title='bbox 1190 1255 1201 1274; x_wconf 97' lang='lat'><strong>,</strong></span> <span class='ocrx_word' id='word_1_106' title='bbox 1227 1217 1555 1285; x_wconf 76' lang='lat' dir='ltr'><strong>Cyllenenque,</strong></span> 
     </span>
     <span class='ocr_line' id='line_1_17' title="bbox 149 1293 1545 1362; baseline -0.001 -19"><span class='ocrx_word' id='word_1_107' title='bbox 149 1317 174 1337; x_wconf 88' lang='lat'>»</span> <span class='ocrx_word' id='word_1_108' title='bbox 201 1293 524 1361; x_wconf 86' lang='lat' dir='ltr'><strong>Maenaliosque</strong></span> <span class='ocrx_word' id='word_1_109' title='bbox 545 1294 690 1353; x_wconf 86' lang='lat' dir='ltr'><strong>sinus,</strong></span> <span class='ocrx_word' id='word_1_110' title='bbox 715 1294 998 1362; x_wconf 87' lang='lat' dir='ltr'><strong>gelidumque</strong></span> <span class='ocrx_word' id='word_1_111' title='bbox 1025 1295 1350 1354; x_wconf 89' lang='lat' dir='ltr'><strong>Erimanthon,</strong></span> <span class='ocrx_word' id='word_1_112' title='bbox 1377 1307 1421 1344; x_wconf 87' lang='lat' dir='ltr'><strong>et</strong></span> <span class='ocrx_word' id='word_1_113' title='bbox 1441 1294 1545 1344; x_wconf 88' lang='lat' dir='ltr'><strong>Elin</strong></span> 
     </span>
     <span class='ocr_line' id='line_1_18' title="bbox 147 1372 1169 1430; baseline 0 -8"><span class='ocrx_word' id='word_1_114' title='bbox 147 1395 171 1415; x_wconf 87' lang='lat'>»</span> <span class='ocrx_word' id='word_1_115' title='bbox 203 1373 390 1422; x_wconf 86' lang='lat' dir='ltr'><strong>Currere</strong></span> <span class='ocrx_word' id='word_1_116' title='bbox 413 1372 629 1430; x_wconf 79' lang='lat' dir='ltr'><strong>sustinui3</strong></span> <span class='ocrx_word' id='word_1_117' title='bbox 652 1392 733 1422; x_wconf 90' lang='lat' dir='ltr'><strong>nec</strong></span> <span class='ocrx_word' id='word_1_118' title='bbox 755 1392 823 1422; x_wconf 87' lang='lat' dir='ltr'><strong>me</strong></span> <span class='ocrx_word' id='word_1_119' title='bbox 847 1373 1044 1422; x_wconf 83' lang='lat' dir='ltr'><strong>velocior</strong></span> <span class='ocrx_word' id='word_1_120' title='bbox 1066 1372 1169 1422; x_wconf 90' lang='lat' dir='ltr'><strong>ille:</strong></span> 
     </span>
    </p>
   </div>
   <div class='ocr_carea' id='block_1_10' title="bbox 146 1449 1294 1542">
    <p class='ocr_par' dir='ltr' id='par_1_16' title="bbox 146 1449 1294 1542">
     <span class='ocr_line' id='line_1_19' title="bbox 146 1449 1294 1542; baseline -0.001 -43"><span class='ocrx_word' id='word_1_121' title='bbox 146 1471 171 1493; x_wconf 83' lang='lat'><strong>&gt;›</strong></span> <span class='ocrx_word' id='word_1_122' title='bbox 199 1449 287 1499; x_wconf 89' lang='lat' dir='ltr'><strong>Sed</strong></span> <span class='ocrx_word' id='word_1_123' title='bbox 311 1449 497 1499; x_wconf 83' lang='lat' dir='ltr'><strong>tolerare</strong></span> <span class='ocrx_word' id='word_1_124' title='bbox 519 1449 598 1498; x_wconf 89' lang='lat' dir='ltr'><strong>diu</strong></span> <span class='ocrx_word' id='word_1_125' title='bbox 620 1469 773 1499; x_wconf 91' lang='lat' dir='ltr'><strong>cursus</strong></span> <span class='ocrx_word' id='word_1_126' title='bbox 793 1469 874 1514; x_wconf 84' lang='lat' dir='ltr'><strong>ego</strong></span> <span class='ocrx_word' id='word_1_127' title='bbox 889 1489 901 1510; x_wconf 91' lang='lat'><strong>,</strong></span> <span class='ocrx_word' id='word_1_128' title='bbox 926 1451 1100 1542; x_wconf 79' lang='lat' dir='ltr'><strong>viribus</strong></span> <span class='ocrx_word' id='word_1_129' title='bbox 1124 1451 1294 1516; x_wconf 87' lang='lat' dir='ltr'><strong>impar,</strong></span> 
     </span>
    </p>
   </div>
   <div class='ocr_carea' id='block_1_11' title="bbox 134 1593 829 1898">
    <p class='ocr_par' dir='ltr' id='par_1_17' title="bbox 134 1593 829 1898">
     <span class='ocr_line' id='line_1_20' title="bbox 134 1593 827 1640; baseline 0.001 -13"><span class='ocrx_word' id='word_1_130' title='bbox 134 1593 242 1637; x_wconf 78' lang='lat' dir='ltr'><strong>ferit,</strong></span> <span class='ocrx_word' id='word_1_131' title='bbox 259 1593 444 1638; x_wconf 79' lang='lat' dir='ltr'><strong>verberat,</strong></span> <span class='ocrx_word' id='word_1_132' title='bbox 461 1606 567 1640; x_wconf 81' lang='lat' dir='ltr'><strong>aquas</strong></span> <span class='ocrx_word' id='word_1_133' title='bbox 579 1620 589 1637; x_wconf 91' lang='lat'><strong>,</strong></span> <span class='ocrx_word' id='word_1_134' title='bbox 606 1600 732 1639; x_wconf 54' lang='lat' dir='ltr'><strong>eaQue</strong></span> <span class='ocrx_word' id='word_1_135' title='bbox 748 1599 827 1629; x_wconf 79' lang='lat' dir='ltr'><strong>lra-</strong></span> 
     </span>
     <span class='ocr_line' id='line_1_21' title="bbox 143 1644 827 1691; baseline 0.001 -12"><span class='ocrx_word' id='word_1_136' title='bbox 143 1647 212 1685; x_wconf 78' lang='lat' dir='ltr'><strong>hit,</strong></span> <span class='ocrx_word' id='word_1_137' title='bbox 236 1644 322 1680; x_wconf 85' lang='lat' dir='ltr'><strong>dum</strong></span> <span class='ocrx_word' id='word_1_138' title='bbox 339 1644 479 1680; x_wconf 86' lang='lat' dir='ltr'><strong>brachia</strong></span> <span class='ocrx_word' id='word_1_139' title='bbox 494 1655 614 1679; x_wconf 81' lang='lat' dir='ltr'><strong>versus</strong></span> <span class='ocrx_word' id='word_1_140' title='bbox 627 1657 753 1691; x_wconf 85' lang='lat' dir='ltr'><strong>corpus</strong></span> <span class='ocrx_word' id='word_1_141' title='bbox 769 1658 827 1680; x_wconf 87' lang='lat' dir='ltr'><strong>re-</strong></span> 
     </span>
     <span class='ocr_line' id='line_1_22' title="bbox 142 1696 826 1737; baseline 0 -6"><span class='ocrx_word' id='word_1_142' title='bbox 142 1696 316 1732; x_wconf 81' lang='lat' dir='ltr'><strong>trahit.—·</strong></span> <span class='ocrx_word' id='word_1_143' title='bbox 332 1698 487 1737; x_wconf 74' lang='lat' dir='ltr'><strong>labens,</strong></span> <span class='ocrx_word' id='word_1_144' title='bbox 510 1696 634 1731; x_wconf 81' lang='lat' dir='ltr'><strong>ludens</strong></span> <span class='ocrx_word' id='word_1_145' title='bbox 660 1697 826 1731; x_wconf 86' lang='lat' dir='ltr'><strong>natando.</strong></span> 
     </span>
     <span class='ocr_line' id='line_1_23' title="bbox 142 1748 826 1795; baseline 0.001 -12"><span class='ocrx_word' id='word_1_146' title='bbox 142 1766 187 1775; x_wconf 91' lang='lat'><em>-</em></span> <span class='ocrx_word' id='word_1_147' title='bbox 204 1749 368 1783; x_wconf 72' lang='lat' dir='ltr'><strong>Excussa</strong></span> <span class='ocrx_word' id='word_1_148' title='bbox 373 1748 493 1793; x_wconf 80' lang='lat' dir='ltr'><strong>jacto,</strong></span> <span class='ocrx_word' id='word_1_149' title='bbox 513 1761 532 1783; x_wconf 86' lang='lat' dir='ltr'><strong>e</strong></span> <span class='ocrx_word' id='word_1_150' title='bbox 551 1749 649 1794; x_wconf 90' lang='lat' dir='ltr'><strong>copia</strong></span> <span class='ocrx_word' id='word_1_151' title='bbox 666 1749 801 1795; x_wconf 85' lang='lat' dir='ltr'><strong>poetica</strong></span> <span class='ocrx_word' id='word_1_152' title='bbox 816 1764 826 1792; x_wconf 70' lang='grc' dir='ltr'>ς</span> 
     </span>
     <span class='ocr_line' id='line_1_24' title="bbox 142 1803 827 1848; baseline 0.003 -12"><span class='ocrx_word' id='word_1_153' title='bbox 142 1813 228 1836; x_wconf 78' lang='lat' dir='ltr'><strong>nam</strong></span> <span class='ocrx_word' id='word_1_154' title='bbox 240 1808 277 1837; x_wconf 88' lang='lat' dir='ltr'><strong>et</strong></span> <span class='ocrx_word' id='word_1_155' title='bbox 288 1805 444 1848; x_wconf 62' lang='lat' dir='ltr'><strong>excutere</strong></span> <span class='ocrx_word' id='word_1_156' title='bbox 456 1809 509 1837; x_wconf 77' lang='lat' dir='ltr'><strong>est</strong></span> <span class='ocrx_word' id='word_1_157' title='bbox 523 1803 652 1848; x_wconf 81' lang='lat' dir='ltr'><strong>jactare</strong></span> <span class='ocrx_word' id='word_1_158' title='bbox 666 1829 676 1847; x_wconf 91' lang='lat'><strong>,</strong></span> <span class='ocrx_word' id='word_1_159' title='bbox 697 1810 737 1838; x_wconf 85' lang='lat' dir='ltr'><strong>ut</strong></span> <span class='ocrx_word' id='word_1_160' title='bbox 751 1816 827 1838; x_wconf 83' lang='lat' dir='ltr'><strong>con·</strong></span> 
     </span>
     <span class='ocr_line' id='line_1_25' title="bbox 143 1853 829 1898; baseline 0.001 -11"><span class='ocrx_word' id='word_1_161' title='bbox 143 1857 272 1895; x_wconf 69' lang='lat' dir='ltr'><strong>cutem,</strong></span> <span class='ocrx_word' id='word_1_162' title='bbox 291 1853 346 1895; x_wconf 80' lang='lat' dir='ltr'><strong>XI</strong></span> <span class='ocrx_word' id='word_1_163' title='bbox 357 1879 368 1898; x_wconf 84' lang='lat'><strong>,</strong></span> <span class='ocrx_word' id='word_1_164' title='bbox 394 1853 471 1897; x_wconf 79' lang='lat'><strong><em>465.</em></strong></span> <span class='ocrx_word' id='word_1_165' title='bbox 488 1871 534 1879; x_wconf 92' lang='lat'><strong>—-</strong></span> <span class='ocrx_word' id='word_1_166' title='bbox 547 1855 721 1898; x_wconf 75' lang='lat' dir='ltr'><strong>Propioris</strong></span> <span class='ocrx_word' id='word_1_167' title='bbox 738 1867 829 1888; x_wconf 73' lang='lat' dir='ltr'><em>mat·—</em></span> 
     </span>
    </p>
   </div>
   <div class='ocr_carea' id='block_1_12' title="bbox 139 1906 835 1952">
    <p class='ocr_par' dir='ltr' id='par_1_18' title="bbox 139 1906 835 1952">
     <span class='ocr_line' id='line_1_26' title="bbox 139 1906 835 1952; baseline -0.001 -11"><span class='ocrx_word' id='word_1_168' title='bbox 139 1909 219 1951; x_wconf 59' lang='lat' dir='ltr'><strong>fine</strong></span> <span class='ocrx_word' id='word_1_169' title='bbox 245 1908 335 1951; x_wconf 60' lang='grc' dir='ltr'><strong>τὴν.</strong></span> <span class='ocrx_word' id='word_1_170' title='bbox 369 1906 472 1952; x_wconf 77' lang='lat' dir='ltr'><strong>Regii</strong></span> <span class='ocrx_word' id='word_1_171' title='bbox 502 1906 614 1941; x_wconf 82' lang='lat' dir='ltr'><strong>nostri</strong></span> <span class='ocrx_word' id='word_1_172' title='bbox 634 1932 645 1950; x_wconf 90' lang='lat'>‚</span> <span class='ocrx_word' id='word_1_173' title='bbox 680 1910 835 1950; x_wconf 78' lang='lat' dir='ltr'><strong>propiori</strong></span> 
     </span>
    </p>
   </div>
   <div class='ocr_carea' id='block_1_13' title="bbox 140 1957 835 2844">
    <p class='ocr_par' dir='ltr' id='par_1_19' title="bbox 140 1957 830 2264">
     <span class='ocr_line' id='line_1_27' title="bbox 143 1957 829 2004; baseline -0.001 -11"><span class='ocrx_word' id='word_1_174' title='bbox 143 1957 424 2004; x_wconf 66' lang='lat' dir='ltr'><strong>marginefhnlis.</strong></span> <span class='ocrx_word' id='word_1_175' title='bbox 435 1958 557 1992; x_wconf 86' lang='lat' dir='ltr'><strong>Lectio</strong></span> <span class='ocrx_word' id='word_1_176' title='bbox 572 1958 711 2002; x_wconf 79' lang='lat' dir='ltr'><strong>vulgata</strong></span> <span class='ocrx_word' id='word_1_177' title='bbox 721 1958 829 1992; x_wconf 84' lang='lat' dir='ltr'><strong>vide—-</strong></span> 
     </span>
     <span class='ocr_line' id='line_1_28' title="bbox 140 2009 829 2051; baseline -0.001 -7"><span class='ocrx_word' id='word_1_178' title='bbox 140 2017 204 2044; x_wconf 75' lang='lat' dir='ltr'><strong>tur</strong></span> <span class='ocrx_word' id='word_1_179' title='bbox 226 2009 431 2045; x_wconf 78' lang='lat' dir='ltr'><strong>emendatio</strong></span> <span class='ocrx_word' id='word_1_180' title='bbox 458 2009 719 2051; x_wconf 87' lang='lat' dir='ltr'><strong>recentiorum;</strong></span> <span class='ocrx_word' id='word_1_181' title='bbox 743 2022 829 2043; x_wconf 87' lang='lat' dir='ltr'><strong>nam</strong></span> 
     </span>
     <span class='ocr_line' id='line_1_29' title="bbox 144 2061 829 2107; baseline -0.001 -11"><span class='ocrx_word' id='word_1_182' title='bbox 144 2073 261 2106; x_wconf 65' lang='lat' dir='ltr'><strong>margo</strong></span> <span class='ocrx_word' id='word_1_183' title='bbox 275 2068 313 2096; x_wconf 77' lang='lat' dir='ltr'><strong>et</strong></span> <span class='ocrx_word' id='word_1_184' title='bbox 325 2065 402 2106; x_wconf 77' lang='lat' dir='ltr'><strong>ripa</strong></span> <span class='ocrx_word' id='word_1_185' title='bbox 415 2061 597 2107; x_wconf 81' lang='lat' dir='ltr'><strong>displicent</strong></span> <span class='ocrx_word' id='word_1_186' title='bbox 612 2073 690 2106; x_wconf 79' lang='lat' dir='ltr'><strong>quae</strong></span> <span class='ocrx_word' id='word_1_187' title='bbox 705 2061 829 2096; x_wconf 87' lang='lat' dir='ltr'><strong>eadem</strong></span> 
     </span>
     <span class='ocr_line' id='line_1_30' title="bbox 144 2113 830 2160; baseline -0.001 -11"><span class='ocrx_word' id='word_1_188' title='bbox 144 2114 220 2149; x_wconf 76' lang='lat' dir='ltr'><strong>sere</strong></span> <span class='ocrx_word' id='word_1_189' title='bbox 246 2113 466 2160; x_wconf 70' lang='lat' dir='ltr'><strong>significant;</strong></span> <span class='ocrx_word' id='word_1_190' title='bbox 497 2114 535 2147; x_wconf 90' lang='lat' dir='ltr'><strong>in</strong></span> <span class='ocrx_word' id='word_1_191' title='bbox 564 2120 685 2148; x_wconf 82' lang='lat' dir='ltr'><strong>nostra</strong></span> <span class='ocrx_word' id='word_1_192' title='bbox 710 2120 830 2148; x_wconf 83' lang='lat' dir='ltr'><strong>autem</strong></span> 
     </span>
     <span class='ocr_line' id='line_1_31' title="bbox 145 2165 828 2212; baseline 0 -11"><span class='ocrx_word' id='word_1_193' title='bbox 145 2165 298 2202; x_wconf 76' lang='lat' dir='ltr'><strong>lectione</strong></span> <span class='ocrx_word' id='word_1_194' title='bbox 310 2191 321 2210; x_wconf 84' lang='lat'><strong>,</strong></span> <span class='ocrx_word' id='word_1_195' title='bbox 354 2166 442 2201; x_wconf 86' lang='lat' dir='ltr'><strong>nihil</strong></span> <span class='ocrx_word' id='word_1_196' title='bbox 479 2166 668 2212; x_wconf 80' lang='lat' dir='ltr'><strong>simplicius</strong></span> <span class='ocrx_word' id='word_1_197' title='bbox 688 2192 698 2210; x_wconf 91' lang='lat'><strong>,</strong></span> <span class='ocrx_word' id='word_1_198' title='bbox 730 2166 828 2202; x_wconf 87' lang='lat' dir='ltr'><strong>unde</strong></span> 
     </span>
     <span class='ocr_line' id='line_1_32' title="bbox 146 2217 543 2264; baseline 0 -12"><span class='ocrx_word' id='word_1_199' title='bbox 146 2229 226 2252; x_wconf 86' lang='lat' dir='ltr'><strong>eam</strong></span> <span class='ocrx_word' id='word_1_200' title='bbox 237 2217 463 2264; x_wconf 63' lang='lat' dir='ltr'><strong>pretulerim.</strong></span> <span class='ocrx_word' id='word_1_201' title='bbox 476 2219 543 2252; x_wconf 85' lang='lat' dir='ltr'><strong>Ed.</strong></span> 
     </span>
    </p>

    <p class='ocr_par' dir='ltr' id='par_1_20' title="bbox 147 2271 835 2844">
     <span class='ocr_line' id='line_1_33' title="bbox 190 2271 830 2316; baseline 0.002 -10"><span class='ocrx_word' id='word_1_202' title='bbox 190 2271 269 2306; x_wconf 75' lang='lat'><strong>602.</strong></span> <span class='ocrx_word' id='word_1_203' title='bbox 291 2272 403 2306; x_wconf 70' lang='lat' dir='ltr'><strong>Ardet</strong></span> <span class='ocrx_word' id='word_1_204' title='bbox 411 2284 424 2314; x_wconf 88' lang='grc'><strong>,·</strong></span> <span class='ocrx_word' id='word_1_205' title='bbox 440 2273 523 2306; x_wconf 82' lang='lat' dir='ltr'><strong>arsit</strong></span> <span class='ocrx_word' id='word_1_206' title='bbox 537 2272 690 2316; x_wconf 81' lang='lat' dir='ltr'><strong>Alpheus</strong></span> <span class='ocrx_word' id='word_1_207' title='bbox 698 2271 830 2307; x_wconf 68' lang='lat' dir='ltr'><strong>et&#39;Dia-</strong></span> 
     </span>
     <span class='ocr_line' id='line_1_34' title="bbox 147 2323 828 2369; baseline 0.001 -11"><span class='ocrx_word' id='word_1_208' title='bbox 147 2335 204 2358; x_wconf 63' lang='lat' dir='ltr'><strong>na</strong></span> <span class='ocrx_word' id='word_1_209' title='bbox 213 2335 334 2359; x_wconf 82' lang='lat' dir='ltr'><strong>amore</strong></span> <span class='ocrx_word' id='word_1_210' title='bbox 345 2349 355 2367; x_wconf 92' lang='lat'><strong>,</strong></span> <span class='ocrx_word' id='word_1_211' title='bbox 370 2323 472 2369; x_wconf 83' lang='lat' dir='ltr'><strong>eique</strong></span> <span class='ocrx_word' id='word_1_212' title='bbox 483 2323 556 2358; x_wconf 79' lang='lat' dir='ltr'><strong>vim</strong></span> <span class='ocrx_word' id='word_1_213' title='bbox 566 2324 696 2359; x_wconf 85' lang='lat' dir='ltr'><strong>inferre</strong></span> <span class='ocrx_word' id='word_1_214' title='bbox 706 2324 828 2368; x_wconf 83' lang='lat' dir='ltr'><strong>voluit,</strong></span> 
     </span>
     <span class='ocr_line' id='line_1_35' title="bbox 147 2374 828 2421; baseline 0.001 -11"><span class='ocrx_word' id='word_1_215' title='bbox 147 2375 210 2411; x_wconf 71' lang='lat' dir='ltr'><strong>sed</strong></span> <span class='ocrx_word' id='word_1_216' title='bbox 226 2375 318 2410; x_wconf 76' lang='lat' dir='ltr'><strong>male</strong></span> <span class='ocrx_word' id='word_1_217' title='bbox 341 2381 395 2411; x_wconf 71' lang='lat' dir='ltr'><strong>ent</strong></span> <span class='ocrx_word' id='word_1_218' title='bbox 419 2374 569 2411; x_wconf 73' lang='lat' dir='ltr'><strong>habitus.</strong></span> <span class='ocrx_word' id='word_1_219' title='bbox 585 2376 734 2412; x_wconf 87' lang='lat' dir='ltr'><strong>Pausan.</strong></span> <span class='ocrx_word' id='word_1_220' title='bbox 752 2377 828 2421; x_wconf 88' lang='lat' dir='ltr'><strong>vl,</strong></span> 
     </span>
     <span class='ocr_line' id='line_1_36' title="bbox 148 2430 831 2475; baseline 0.001 -11"><span class='ocrx_word' id='word_1_221' title='bbox 148 2441 182 2475; x_wconf 86' lang='lat' dir='ltr'><strong>p.</strong></span> <span class='ocrx_word' id='word_1_222' title='bbox 204 2430 284 2464; x_wconf 21' lang='lat' dir='ltr'><strong>*sm</strong></span> <span class='ocrx_word' id='word_1_223' title='bbox 299 2430 490 2465; x_wconf 73' lang='lat' dir='ltr'><strong>-Parata</strong></span> <span class='ocrx_word' id='word_1_224' title='bbox 505 2430 635 2465; x_wconf 85' lang='lat' dir='ltr'><strong>mulier</strong></span> <span class='ocrx_word' id='word_1_225' title='bbox 646 2457 656 2473; x_wconf 94' lang='lat'><strong>,</strong></span> <span class='ocrx_word' id='word_1_226' title='bbox 675 2441 753 2475; x_wconf 82' lang='lat' dir='ltr'><strong>quae</strong></span> <span class='ocrx_word' id='word_1_227' title='bbox 769 2442 831 2465; x_wconf 87' lang='lat' dir='ltr'><strong>co-</strong></span> 
     </span>
     <span class='ocr_line' id='line_1_37' title="bbox 149 2479 829 2527; baseline 0.004 -12"><span class='ocrx_word' id='word_1_228' title='bbox 149 2479 245 2526; x_wconf 78' lang='lat' dir='ltr'><strong>piam</strong></span> <span class='ocrx_word' id='word_1_229' title='bbox 263 2481 318 2516; x_wconf 77' lang='lat' dir='ltr'><strong>sui</strong></span> <span class='ocrx_word' id='word_1_230' title='bbox 347 2481 446 2516; x_wconf 76' lang='lat' dir='ltr'><strong>facile</strong></span> <span class='ocrx_word' id='word_1_231' title='bbox 469 2482 611 2527; x_wconf 71' lang='lat' dir='ltr'><strong>praebet.</strong></span> <span class='ocrx_word' id='word_1_232' title='bbox 630 2482 689 2517; x_wconf 86' lang='lat' dir='ltr'><strong>Sic</strong></span> <span class='ocrx_word' id='word_1_233' title='bbox 706 2483 829 2519; x_wconf 82' lang='lat' dir='ltr'><strong>Burm.</strong></span> 
     </span>
     <span class='ocr_line' id='line_1_38' title="bbox 151 2531 831 2581; baseline 0.003 -14"><span class='ocrx_word' id='word_1_234' title='bbox 151 2531 238 2568; x_wconf 81' lang='lat' dir='ltr'><strong>eth.</strong></span> <span class='ocrx_word' id='word_1_235' title='bbox 261 2532 284 2567; x_wconf 88' lang='grc' dir='ltr'><strong>Ι.</strong></span> <span class='ocrx_word' id='word_1_236' title='bbox 307 2533 357 2569; x_wconf 81' lang='lat' dir='ltr'><strong>At</strong></span> <span class='ocrx_word' id='word_1_237' title='bbox 377 2533 454 2569; x_wconf 72' lang='lat' dir='ltr'><strong>talis</strong></span> <span class='ocrx_word' id='word_1_238' title='bbox 478 2535 607 2570; x_wconf 87' lang='lat' dir='ltr'><strong>mulier</strong></span> <span class='ocrx_word' id='word_1_239' title='bbox 630 2547 706 2569; x_wconf 87' lang='lat' dir='ltr'><strong>non</strong></span> <span class='ocrx_word' id='word_1_240' title='bbox 731 2534 831 2581; x_wconf 79' lang='lat' dir='ltr'><strong>sugit.</strong></span> 
     </span>
     <span class='ocr_line' id='line_1_39' title="bbox 151 2585 833 2633; baseline 0.001 -12"><span class='ocrx_word' id='word_1_241' title='bbox 151 2585 276 2621; x_wconf 71' lang='lat' dir='ltr'><strong>Potius</strong></span> <span class='ocrx_word' id='word_1_242' title='bbox 291 2598 390 2621; x_wconf 81' lang='lat' dir='ltr'><strong>nune</strong></span> <span class='ocrx_word' id='word_1_243' title='bbox 417 2592 471 2621; x_wconf 78' lang='lat' dir='ltr'><strong>est</strong></span> <span class='ocrx_word' id='word_1_244' title='bbox 492 2594 572 2633; x_wconf 79' lang='lat' dir='ltr'><strong>apta</strong></span> <span class='ocrx_word' id='word_1_245' title='bbox 592 2587 636 2622; x_wconf 84' lang='lat' dir='ltr'><strong>ad</strong></span> <span class='ocrx_word' id='word_1_246' title='bbox 663 2587 833 2623; x_wconf 89' lang='lat' dir='ltr'><strong>concubi-</strong></span> 
     </span>
     <span class='ocr_line' id='line_1_40' title="bbox 151 2639 831 2685; baseline 0.005 -13"><span class='ocrx_word' id='word_1_247' title='bbox 151 2643 241 2673; x_wconf 85' lang='lat' dir='ltr'><strong>tum.</strong></span> <span class='ocrx_word' id='word_1_248' title='bbox 247 2639 492 2679; x_wconf 81' lang='lat' dir='ltr'><strong>—Premebat‚</strong></span> <span class='ocrx_word' id='word_1_249' title='bbox 515 2639 765 2685; x_wconf 76' lang='lat' dir='ltr'><strong>insequebatur</strong></span> <span class='ocrx_word' id='word_1_250' title='bbox 775 2653 831 2676; x_wconf 70' lang='lat' dir='ltr'><strong>us-</strong></span> 
     </span>
     <span class='ocr_line' id='line_1_41' title="bbox 152 2689 835 2737; baseline 0.004 -13"><span class='ocrx_word' id='word_1_251' title='bbox 152 2701 232 2735; x_wconf 86' lang='lat' dir='ltr'><strong>que.</strong></span> <span class='ocrx_word' id='word_1_252' title='bbox 269 2689 472 2724; x_wconf 82' lang='lat' dir='ltr'><strong>Similitudo</strong></span> <span class='ocrx_word' id='word_1_253' title='bbox 484 2715 495 2734; x_wconf 84' lang='lat'><strong>,</strong></span> <span class='ocrx_word' id='word_1_254' title='bbox 538 2703 616 2736; x_wconf 78' lang='lat' dir='ltr'><strong>quae</strong></span> <span class='ocrx_word' id='word_1_255' title='bbox 647 2692 808 2737; x_wconf 82' lang='lat' dir='ltr'><strong>sequitur</strong></span> <span class='ocrx_word' id='word_1_256' title='bbox 819 2718 835 2736; x_wconf 68' lang='lat'><strong>,</strong></span> 
     </span>
     <span class='ocr_line' id='line_1_42' title="bbox 152 2736 831 2790; baseline 0.001 -12"><span class='ocrx_word' id='word_1_257' title='bbox 152 2740 257 2778; x_wconf 80' lang='lat' dir='ltr'><strong>ducta</strong></span> <span class='ocrx_word' id='word_1_258' title='bbox 270 2754 313 2776; x_wconf 84' lang='lat' dir='ltr'><strong>ex</strong></span> <span class='ocrx_word' id='word_1_259' title='bbox 328 2736 440 2776; x_wconf 81' lang='lat' dir='ltr'><strong>Hom.</strong></span> <span class='ocrx_word' id='word_1_260' title='bbox 455 2741 495 2777; x_wconf 85' lang='lat'><strong>11,</strong></span> <span class='ocrx_word' id='word_1_261' title='bbox 512 2749 554 2786; x_wconf 86' lang='grc' dir='ltr'><strong>Φ,</strong></span> <span class='ocrx_word' id='word_1_262' title='bbox 577 2743 699 2790; x_wconf 77' lang='grc'><strong>493,”</strong></span> <span class='ocrx_word' id='word_1_263' title='bbox 678 2759 755 2780; x_wconf 73' lang='grc' dir='ltr'><strong>ωσι-ε</strong></span> <span class='ocrx_word' id='word_1_264' title='bbox 770 2746 831 2779; x_wconf 73' lang='grc' dir='ltr'><strong>πί-</strong></span> 
     </span>
     <span class='ocr_line' id='line_1_43' title="bbox 155 2785 833 2844; baseline 0.01 -19"><span class='ocrx_word' id='word_1_265' title='bbox 155 2797 220 2829; x_wconf 56' lang='lat' dir='ltr'><strong>iem</strong></span> <span class='ocrx_word' id='word_1_266' title='bbox 231 2818 242 2837; x_wconf 80' lang='lat'><strong>,</strong></span> <span class='ocrx_word' id='word_1_267' title='bbox 257 2785 307 2830; x_wconf 71' lang='lat' dir='ltr'><strong>li</strong></span> <span class='ocrx_word' id='word_1_268' title='bbox 292 2794 331 2843; x_wconf 72' lang='lat' dir='ltr'><strong>poi</strong></span> <span class='ocrx_word' id='word_1_269' title='bbox 347 2793 382 2830; x_wconf 67' lang='grc' dir='ltr'><strong>θ’</strong></span> <span class='ocrx_word' id='word_1_270' title='bbox 392 2793 441 2829; x_wconf 70' lang='grc' dir='ltr'><strong>ὑπ’</strong></span> <span class='ocrx_word' id='word_1_271' title='bbox 451 2799 550 2844; x_wconf 70' lang='grc' dir='ltr'><strong><em>ἴρηκος</em></strong></span> <span class='ocrx_word' id='word_1_272' title='bbox 537 2800 663 2837; x_wconf 54' lang='lat' dir='ltr'><strong>,nuh-a</strong></span> <span class='ocrx_word' id='word_1_273' title='bbox 677 2798 833 2833; x_wconf 74' lang='grc' dir='ltr'><strong><em>εἰσέπτατο</em></strong></span> 
     </span>
    </p>
   </div>
   <div class='ocr_carea' id='block_1_14' title="bbox 1514 1464 1580 1499">
    <p class='ocr_par' dir='ltr' id='par_1_21' title="bbox 1514 1464 1580 1499">
     <span class='ocr_line' id='line_1_44' title="bbox 1514 1464 1580 1499; baseline -0.03 0"><span class='ocrx_word' id='word_1_274' title='bbox 1514 1464 1580 1499; x_wconf 87' lang='grc' dir='ltr'><strong>6ιο</strong></span> 
     </span>
    </p>
   </div>
   <div class='ocr_carea' id='block_1_15' title="bbox 893 1576 1583 1689">
    <p class='ocr_par' dir='ltr' id='par_1_22' title="bbox 893 1576 1583 1680">
     <span class='ocr_line' id='line_1_45' title="bbox 893 1576 1583 1646; baseline -0.003 -15"><span class='ocrx_word' id='word_1_275' title='bbox 893 1612 929 1630; x_wconf 77' lang='grc' dir='ltr'><strong>πε</strong></span> <span class='ocrx_word' id='word_1_276' title='bbox 918 1576 1012 1646; x_wconf 49' lang='grc' dir='ltr'><strong><em>’ψη-ν.</em></strong></span> <span class='ocrx_word' id='word_1_277' title='bbox 1023 1595 1360 1639; x_wconf 76' lang='lat' dir='ltr'><strong>Accipitermaxime</strong></span> <span class='ocrx_word' id='word_1_278' title='bbox 1373 1593 1518 1629; x_wconf 77' lang='lat' dir='ltr'><strong>infestus</strong></span> <span class='ocrx_word' id='word_1_279' title='bbox 1528 1607 1583 1629; x_wconf 88' lang='lat' dir='ltr'><strong>co-</strong></span> 
     </span>
     <span class='ocr_line' id='line_1_46' title="bbox 893 1627 1581 1689; baseline -0.001 -10"><span class='ocrx_word' id='word_1_280' title='bbox 893 1627 1030 1680; x_wconf 77' lang='lat' dir='ltr'><strong>luriibis.</strong></span> <span class='ocrx_word' id='word_1_281' title='bbox 1041 1644 1228 1689; x_wconf 84' lang='lat' dir='ltr'><strong>Conserl,</strong></span> <span class='ocrx_word' id='word_1_282' title='bbox 1245 1645 1329 1688; x_wconf 80' lang='lat'><strong>506,</strong></span> <span class='ocrx_word' id='word_1_283' title='bbox 1343 1644 1482 1679; x_wconf 87' lang='lat' dir='ltr'><strong>ubivid.</strong></span> <span class='ocrx_word' id='word_1_284' title='bbox 1496 1644 1581 1679; x_wconf 85' lang='lat' dir='ltr'><strong>dev.</strong></span> 
     </span>
    </p>
   </div>
   <div class='ocr_carea' id='block_1_16' title="bbox 891 1671 1586 2841">
    <p class='ocr_par' dir='ltr' id='par_1_23' title="bbox 891 1671 1586 2841">
     <span class='ocr_line' id='line_1_47' title="bbox 891 1671 1581 1741; baseline 0 -10"><span class='ocrx_word' id='word_1_285' title='bbox 891 1715 937 1723; x_wconf 90' lang='lat'>—</span> <span class='ocrx_word' id='word_1_286' title='bbox 965 1699 999 1731; x_wconf 88' lang='grc' dir='ltr'><em>Τ</em></span> <span class='ocrx_word' id='word_1_287' title='bbox 993 1699 1151 1741; x_wconf 79' lang='lat' dir='ltr'><strong>repedare</strong></span> <span class='ocrx_word' id='word_1_288' title='bbox 1175 1671 1313 1733; x_wconf 77' lang='lat' dir='ltr'><strong>Llicret.</strong></span> <span class='ocrx_word' id='word_1_289' title='bbox 1338 1697 1390 1740; x_wconf 94' lang='lat' dir='ltr'><strong>V,</strong></span> <span class='ocrx_word' id='word_1_290' title='bbox 1414 1697 1518 1740; x_wconf 83' lang='lat'><strong>1035,</strong></span> <span class='ocrx_word' id='word_1_291' title='bbox 1538 1697 1581 1731; x_wconf 86' lang='lat' dir='ltr'><strong>de</strong></span> 
     </span>
     <span class='ocr_line' id='line_1_48' title="bbox 894 1750 1583 1795; baseline 0.001 -12"><span class='ocrx_word' id='word_1_292' title='bbox 894 1750 1013 1785; x_wconf 87' lang='lat' dir='ltr'><strong>avibus</strong></span> <span class='ocrx_word' id='word_1_293' title='bbox 1025 1777 1035 1794; x_wconf 87' lang='lat'><strong>,</strong></span> <span class='ocrx_word' id='word_1_294' title='bbox 1064 1763 1088 1784; x_wconf 84' lang='lat' dir='ltr'><strong>a</strong></span> <span class='ocrx_word' id='word_1_295' title='bbox 1112 1754 1236 1794; x_wconf 79' lang='lat' dir='ltr'><strong>pennis</strong></span> <span class='ocrx_word' id='word_1_296' title='bbox 1266 1753 1440 1784; x_wconf 82' lang='lat' dir='ltr'><strong>tremulum</strong></span> <span class='ocrx_word' id='word_1_297' title='bbox 1471 1755 1583 1795; x_wconf 77' lang='lat' dir='ltr'><strong>petere</strong></span> 
     </span>
     <span class='ocr_line' id='line_1_49' title="bbox 891 1801 1582 1846; baseline -0.001 -9"><span class='ocrx_word' id='word_1_298' title='bbox 891 1805 1119 1837; x_wconf 75' lang='lat' dir='ltr'><strong>auxilium.—·</strong></span> <span class='ocrx_word' id='word_1_299' title='bbox 1127 1802 1271 1846; x_wconf 62' lang='lat' dir='ltr'><strong>Agim-e</strong></span> <span class='ocrx_word' id='word_1_300' title='bbox 1281 1805 1464 1837; x_wconf 77' lang='lat' dir='ltr'><em>columbas.</em></span> <span class='ocrx_word' id='word_1_301' title='bbox 1481 1801 1582 1838; x_wconf 89' lang='lat' dir='ltr'><strong>Olim</strong></span> 
     </span>
     <span class='ocr_line' id='line_1_50' title="bbox 893 1854 1583 1900; baseline -0.001 -11"><span class='ocrx_word' id='word_1_302' title='bbox 893 1855 1076 1900; x_wconf 83' lang='lat' dir='ltr'><strong>legebatur</strong></span> <span class='ocrx_word' id='word_1_303' title='bbox 1103 1867 1216 1897; x_wconf 71' lang='lat' dir='ltr'><strong>urgere</strong></span> <span class='ocrx_word' id='word_1_304' title='bbox 1241 1856 1444 1894; x_wconf 80' lang='lat' dir='ltr'><strong>columbas;</strong></span> <span class='ocrx_word' id='word_1_305' title='bbox 1473 1861 1510 1888; x_wconf 87' lang='lat' dir='ltr'><strong>et</strong></span> <span class='ocrx_word' id='word_1_306' title='bbox 1534 1854 1583 1888; x_wconf 87' lang='lat' dir='ltr'><strong>sic</strong></span> 
     </span>
     <span class='ocr_line' id='line_1_51' title="bbox 894 1904 1581 1949; baseline 0 -9"><span class='ocrx_word' id='word_1_307' title='bbox 894 1905 1026 1940; x_wconf 84' lang='lat' dir='ltr'><strong>hahent</strong></span> <span class='ocrx_word' id='word_1_308' title='bbox 1049 1905 1150 1949; x_wconf 82' lang='lat' dir='ltr'><strong>Regii</strong></span> <span class='ocrx_word' id='word_1_309' title='bbox 1178 1905 1287 1939; x_wconf 89' lang='lat' dir='ltr'><strong>nostri</strong></span> <span class='ocrx_word' id='word_1_310' title='bbox 1317 1904 1495 1946; x_wconf 79' lang='lat' dir='ltr'><strong>Codices;</strong></span> <span class='ocrx_word' id='word_1_311' title='bbox 1519 1904 1581 1940; x_wconf 87' lang='lat' dir='ltr'><strong>sed</strong></span> 
     </span>
     <span class='ocr_line' id='line_1_52' title="bbox 894 1954 1582 2001; baseline 0.003 -12"><span class='ocrx_word' id='word_1_312' title='bbox 894 1959 1025 2000; x_wconf 70' lang='lat' dir='ltr'><strong>agitare</strong></span> <span class='ocrx_word' id='word_1_313' title='bbox 1048 1968 1067 1990; x_wconf 88' lang='lat' dir='ltr'><strong>e</strong></span> <span class='ocrx_word' id='word_1_314' title='bbox 1096 1954 1266 1990; x_wconf 80' lang='lat' dir='ltr'><strong>cantabr.</strong></span> <span class='ocrx_word' id='word_1_315' title='bbox 1292 1957 1482 2001; x_wconf 83' lang='lat' dir='ltr'><strong>multisque</strong></span> <span class='ocrx_word' id='word_1_316' title='bbox 1509 1957 1582 1992; x_wconf 84' lang='lat' dir='ltr'><strong>aliis</strong></span> 
     </span>
     <span class='ocr_line' id='line_1_53' title="bbox 895 2007 1582 2054; baseline 0.001 -12"><span class='ocrx_word' id='word_1_317' title='bbox 895 2007 1064 2043; x_wconf 77' lang='lat' dir='ltr'><strong>Heinsius</strong></span> <span class='ocrx_word' id='word_1_318' title='bbox 1090 2007 1264 2054; x_wconf 76' lang='lat' dir='ltr'><strong>praetulit,</strong></span> <span class='ocrx_word' id='word_1_319' title='bbox 1283 2009 1456 2054; x_wconf 83' lang='lat' dir='ltr'><strong>probante</strong></span> <span class='ocrx_word' id='word_1_320' title='bbox 1478 2009 1582 2043; x_wconf 86' lang='lat' dir='ltr'><strong>Bur-</strong></span> 
     </span>
     <span class='ocr_line' id='line_1_54' title="bbox 895 2061 1582 2106; baseline 0.001 -12"><span class='ocrx_word' id='word_1_321' title='bbox 895 2073 1040 2094; x_wconf 88' lang='lat' dir='ltr'><strong>manno.</strong></span> <span class='ocrx_word' id='word_1_322' title='bbox 1052 2061 1212 2104; x_wconf 67' lang='lat' dir='ltr'><strong>Agame,</strong></span> <span class='ocrx_word' id='word_1_323' title='bbox 1231 2061 1380 2095; x_wconf 82' lang='lat' dir='ltr'><strong>verbum</strong></span> <span class='ocrx_word' id='word_1_324' title='bbox 1397 2061 1582 2106; x_wconf 82' lang='lat' dir='ltr'><strong>proprium</strong></span> 
     </span>
     <span class='ocr_line' id='line_1_55' title="bbox 895 2111 1583 2159; baseline 0.004 -13"><span class='ocrx_word' id='word_1_325' title='bbox 895 2112 940 2147; x_wconf 85' lang='lat' dir='ltr'><strong>de</strong></span> <span class='ocrx_word' id='word_1_326' title='bbox 952 2111 1177 2147; x_wconf 76' lang='lat' dir='ltr'><strong>venatoribus</strong></span> <span class='ocrx_word' id='word_1_327' title='bbox 1192 2119 1228 2147; x_wconf 84' lang='lat' dir='ltr'><strong>et</strong></span> <span class='ocrx_word' id='word_1_328' title='bbox 1245 2112 1364 2148; x_wconf 81' lang='lat' dir='ltr'><strong>avibus</strong></span> <span class='ocrx_word' id='word_1_329' title='bbox 1379 2114 1560 2159; x_wconf 77' lang='lat' dir='ltr'><strong>rapacibus</strong></span> <span class='ocrx_word' id='word_1_330' title='bbox 1576 2127 1583 2149; x_wconf 90' lang='lat'>:</span> 
     </span>
     <span class='ocr_line' id='line_1_56' title="bbox 893 2163 1581 2210; baseline 0.003 -12"><span class='ocrx_word' id='word_1_331' title='bbox 893 2163 974 2199; x_wconf 77' lang='lat' dir='ltr'><strong>vide</strong></span> <span class='ocrx_word' id='word_1_332' title='bbox 993 2165 1254 2199; x_wconf 79' lang='lat' dir='ltr'><strong>Burmannum.</strong></span> <span class='ocrx_word' id='word_1_333' title='bbox 1278 2164 1463 2210; x_wconf 87' lang='lat' dir='ltr'><strong>Quoniam</strong></span> <span class='ocrx_word' id='word_1_334' title='bbox 1483 2173 1519 2200; x_wconf 88' lang='lat' dir='ltr'><strong>et</strong></span> <span class='ocrx_word' id='word_1_335' title='bbox 1538 2165 1581 2201; x_wconf 88' lang='lat' dir='ltr'><strong>de</strong></span> 
     </span>
     <span class='ocr_line' id='line_1_57' title="bbox 894 2219 1584 2268; baseline 0.003 -14"><span class='ocrx_word' id='word_1_336' title='bbox 894 2232 959 2255; x_wconf 76' lang='lat' dir='ltr'><strong>suo</strong></span> <span class='ocrx_word' id='word_1_337' title='bbox 970 2232 1073 2255; x_wconf 80' lang='lat' dir='ltr'><strong>cursu</strong></span> <span class='ocrx_word' id='word_1_338' title='bbox 1085 2219 1250 2266; x_wconf 86' lang='lat' dir='ltr'><strong>Nympha</strong></span> <span class='ocrx_word' id='word_1_339' title='bbox 1258 2227 1295 2257; x_wconf 87' lang='lat' dir='ltr'><strong>et</strong></span> <span class='ocrx_word' id='word_1_340' title='bbox 1308 2220 1351 2256; x_wconf 90' lang='lat' dir='ltr'><strong>de</strong></span> <span class='ocrx_word' id='word_1_341' title='bbox 1363 2221 1492 2268; x_wconf 86' lang='lat' dir='ltr'><strong>Alphei</strong></span> <span class='ocrx_word' id='word_1_342' title='bbox 1505 2235 1584 2267; x_wconf 86' lang='lat' dir='ltr'><strong>per-</strong></span> 
     </span>
     <span class='ocr_line' id='line_1_58' title="bbox 893 2271 1584 2319; baseline 0 -12"><span class='ocrx_word' id='word_1_343' title='bbox 893 2272 1073 2307; x_wconf 77' lang='lat' dir='ltr'><strong>secutione</strong></span> <span class='ocrx_word' id='word_1_344' title='bbox 1094 2271 1248 2316; x_wconf 78' lang='lat' dir='ltr'><strong>dixerat,</strong></span> <span class='ocrx_word' id='word_1_345' title='bbox 1275 2280 1461 2319; x_wconf 85' lang='lat' dir='ltr'><strong>propterea</strong></span> <span class='ocrx_word' id='word_1_346' title='bbox 1491 2274 1584 2309; x_wconf 85' lang='lat' dir='ltr'><strong>utri—</strong></span> 
     </span>
     <span class='ocr_line' id='line_1_59' title="bbox 895 2324 1575 2369; baseline 0 -11"><span class='ocrx_word' id='word_1_347' title='bbox 895 2336 964 2369; x_wconf 85' lang='lat' dir='ltr'><strong>que</strong></span> <span class='ocrx_word' id='word_1_348' title='bbox 1001 2324 1267 2360; x_wconf 83' lang='lat' dir='ltr'><strong>accommodare</strong></span> <span class='ocrx_word' id='word_1_349' title='bbox 1306 2324 1575 2360; x_wconf 86' lang='lat' dir='ltr'><strong>similitudinem</strong></span> 
     </span>
     <span class='ocr_line' id='line_1_60' title="bbox 895 2376 1580 2423; baseline 0.001 -13"><span class='ocrx_word' id='word_1_350' title='bbox 895 2376 1025 2418; x_wconf 73' lang='lat' dir='ltr'><strong>voluit3</strong></span> <span class='ocrx_word' id='word_1_351' title='bbox 1047 2376 1130 2411; x_wconf 88' lang='lat' dir='ltr'><strong>hinc</strong></span> <span class='ocrx_word' id='word_1_352' title='bbox 1157 2376 1213 2412; x_wconf 76' lang='lat' dir='ltr'><strong>illa</strong></span> <span class='ocrx_word' id='word_1_353' title='bbox 1240 2377 1425 2423; x_wconf 85' lang='lat' dir='ltr'><strong>repetitio,</strong></span> <span class='ocrx_word' id='word_1_354' title='bbox 1451 2377 1487 2411; x_wconf 90' lang='lat' dir='ltr'><strong>in</strong></span> <span class='ocrx_word' id='word_1_355' title='bbox 1512 2389 1580 2422; x_wconf 80' lang='lat' dir='ltr'><strong>qua</strong></span> 
     </span>
     <span class='ocr_line' id='line_1_61' title="bbox 895 2428 1583 2474; baseline 0 -11"><span class='ocrx_word' id='word_1_356' title='bbox 895 2428 989 2464; x_wconf 82' lang='lat' dir='ltr'><strong>lusus</strong></span> <span class='ocrx_word' id='word_1_357' title='bbox 1006 2429 1214 2474; x_wconf 85' lang='lat' dir='ltr'><strong>quidam.--</strong></span> <span class='ocrx_word' id='word_1_358' title='bbox 1226 2430 1339 2474; x_wconf 80' lang='lat' dir='ltr'><strong>Usque</strong></span> <span class='ocrx_word' id='word_1_359' title='bbox 1355 2432 1418 2463; x_wconf 86' lang='lat' dir='ltr'><strong>sub</strong></span> <span class='ocrx_word' id='word_1_360' title='bbox 1432 2436 1498 2464; x_wconf 88' lang='lat' dir='ltr'><strong>etc.</strong></span> <span class='ocrx_word' id='word_1_361' title='bbox 1513 2429 1583 2463; x_wconf 88' lang='lat' dir='ltr'><strong>His</strong></span> 
     </span>
     <span class='ocr_line' id='line_1_62' title="bbox 895 2481 1583 2529; baseline 0 -13"><span class='ocrx_word' id='word_1_362' title='bbox 895 2495 970 2516; x_wconf 87' lang='lat' dir='ltr'><strong>non</strong></span> <span class='ocrx_word' id='word_1_363' title='bbox 986 2489 1103 2518; x_wconf 82' lang='lat' dir='ltr'><strong>certus</strong></span> <span class='ocrx_word' id='word_1_364' title='bbox 1120 2483 1242 2529; x_wconf 86' lang='lat' dir='ltr'><strong>aliquis</strong></span> <span class='ocrx_word' id='word_1_365' title='bbox 1257 2493 1377 2518; x_wconf 78' lang='lat' dir='ltr'><strong>cursus</strong></span> <span class='ocrx_word' id='word_1_366' title='bbox 1392 2481 1583 2526; x_wconf 88' lang='lat' dir='ltr'><strong>indicatur,</strong></span> 
     </span>
     <span class='ocr_line' id='line_1_63' title="bbox 895 2535 1586 2582; baseline -0.001 -11"><span class='ocrx_word' id='word_1_367' title='bbox 895 2535 956 2571; x_wconf 86' lang='lat' dir='ltr'><strong>sed</strong></span> <span class='ocrx_word' id='word_1_368' title='bbox 967 2542 1107 2571; x_wconf 85' lang='lat' dir='ltr'><strong>tantum</strong></span> <span class='ocrx_word' id='word_1_369' title='bbox 1120 2535 1247 2582; x_wconf 88' lang='lat' dir='ltr'><strong>oppida</strong></span> <span class='ocrx_word' id='word_1_370' title='bbox 1261 2535 1423 2581; x_wconf 80' lang='lat' dir='ltr'><strong>quaedam</strong></span> <span class='ocrx_word' id='word_1_371' title='bbox 1432 2542 1468 2570; x_wconf 85' lang='lat' dir='ltr'><strong>et</strong></span> <span class='ocrx_word' id='word_1_372' title='bbox 1480 2547 1586 2570; x_wconf 90' lang='lat' dir='ltr'><strong>mon-</strong></span> 
     </span>
     <span class='ocr_line' id='line_1_64' title="bbox 896 2587 1579 2629; baseline 0 -6"><span class='ocrx_word' id='word_1_373' title='bbox 896 2595 947 2623; x_wconf 87' lang='lat' dir='ltr'><strong>tes</strong></span> <span class='ocrx_word' id='word_1_374' title='bbox 967 2588 1127 2623; x_wconf 77' lang='lat' dir='ltr'><strong>Arcadiae</strong></span> <span class='ocrx_word' id='word_1_375' title='bbox 1142 2587 1385 2623; x_wconf 87' lang='lat' dir='ltr'><strong>nominantur.</strong></span> <span class='ocrx_word' id='word_1_376' title='bbox 1400 2607 1446 2615; x_wconf 91' lang='lat'>-</span> <span class='ocrx_word' id='word_1_377' title='bbox 1457 2589 1560 2623; x_wconf 79' lang='lat' dir='ltr'><strong>Sinus</strong></span> <span class='ocrx_word' id='word_1_378' title='bbox 1571 2616 1579 2629; x_wconf 85' lang='lat'><strong>,</strong></span> 
     </span>
     <span class='ocr_line' id='line_1_65' title="bbox 896 2639 1581 2685; baseline 0.003 -11"><span class='ocrx_word' id='word_1_379' title='bbox 896 2640 1029 2683; x_wconf 73' lang='lat' dir='ltr'><strong>flexus,</strong></span> <span class='ocrx_word' id='word_1_380' title='bbox 1048 2652 1136 2685; x_wconf 79' lang='lat' dir='ltr'><strong>quos</strong></span> <span class='ocrx_word' id='word_1_381' title='bbox 1159 2639 1292 2674; x_wconf 84' lang='lat' dir='ltr'><strong>faciunt</strong></span> <span class='ocrx_word' id='word_1_382' title='bbox 1314 2646 1463 2676; x_wconf 77' lang='lat' dir='ltr'><strong>montes.</strong></span> <span class='ocrx_word' id='word_1_383' title='bbox 1490 2640 1581 2676; x_wconf 91' lang='lat' dir='ltr'><strong>Plin.</strong></span> 
     </span>
     <span class='ocr_line' id='line_1_66' title="bbox 898 2692 1583 2739; baseline 0 -12"><span class='ocrx_word' id='word_1_384' title='bbox 898 2693 990 2728; x_wconf 85' lang='lat' dir='ltr'><strong>Hist.</strong></span> <span class='ocrx_word' id='word_1_385' title='bbox 1008 2693 1088 2727; x_wconf 84' lang='lat' dir='ltr'><strong>Nat.</strong></span> <span class='ocrx_word' id='word_1_386' title='bbox 1108 2692 1154 2736; x_wconf 90' lang='lat' dir='ltr'><strong>V,</strong></span> <span class='ocrx_word' id='word_1_387' title='bbox 1172 2693 1212 2727; x_wconf 84' lang='lat'><strong>31</strong></span> <span class='ocrx_word' id='word_1_388' title='bbox 1229 2719 1238 2737; x_wconf 91' lang='lat'><strong>,</strong></span> <span class='ocrx_word' id='word_1_389' title='bbox 1259 2696 1416 2728; x_wconf 75' lang='lat' dir='ltr'><strong>sinuosus</strong></span> <span class='ocrx_word' id='word_1_390' title='bbox 1430 2696 1583 2739; x_wconf 73' lang='lat' dir='ltr'><strong>flexe‘bus</strong></span> 
     </span>
     <span class='ocr_line' id='line_1_67' title="bbox 898 2744 1586 2790; baseline 0.003 -12"><span class='ocrx_word' id='word_1_391' title='bbox 898 2746 1081 2780; x_wconf 63' lang='lat' dir='ltr'><strong>Maeander.</strong></span> <span class='ocrx_word' id='word_1_392' title='bbox 1104 2744 1200 2780; x_wconf 84' lang='lat' dir='ltr'><strong>Male</strong></span> <span class='ocrx_word' id='word_1_393' title='bbox 1217 2745 1338 2790; x_wconf 85' lang='lat' dir='ltr'><strong>Rode,</strong></span> <span class='ocrx_word' id='word_1_394' title='bbox 1356 2748 1422 2781; x_wconf 81' lang='lat' dir='ltr'><strong>den</strong></span> <span class='ocrx_word' id='word_1_395' title='bbox 1446 2746 1586 2781; x_wconf 76' lang='lat' dir='ltr'><strong>Mama-</strong></span> 
     </span>
     <span class='ocr_line' id='line_1_68' title="bbox 896 2796 1188 2841; baseline 0 -9"><span class='ocrx_word' id='word_1_396' title='bbox 896 2798 1025 2833; x_wconf 68' lang='lat' dir='ltr'><strong>leircheu</strong></span> <span class='ocrx_word' id='word_1_397' title='bbox 1039 2796 1188 2841; x_wconf 62' lang='lat' dir='ltr'><strong>Kltkslen.</strong></span> 
     </span>
    </p>
   </div>
  </div>
 </body>
</html>
