1832 3100
367 239 1059 287 METAMORPHOSEON
1090 242 1222 286 LIB.
1261 243 1364 286 ΙΙΙ.
1491 245 1576 304 287

157 336 348 394 Clamat,
378 358 400 379 (ε
422 336 474 383 Io
498 334 704 392 comites,
732 352 845 400 opus
867 333 960 382 haec
983 333 1169 382 victoria
1189 345 1394 384 nostrum
1413 348 1492 385 est.
1516 359 1539 379 »

155 414 262 462 Non
283 412 414 462 citius
434 411 614 461 frondes
634 419 848 460 autumno
873 412 1039 475 frigore
1059 423 1194 460 tactas
1210 448 1222 469 ‚

153 490 342 557 Jamque
363 488 476 538 male
499 488 714 538 haerentes
737 489 825 539 alta
848 490 967 556 rapit
984 490 1142 538 arbore
1166 500 1324 537 ventus
1340 527 1352 547 ,
1518 507 1582 551 730

156 567 304 632 Quam
328 578 434 616 sunt
453 567 652 616 membra
674 568 759 616 viri
782 568 989 616 manibus
1013 567 1186 633 direpta
1207 566 1421 615 nefandis,

153 643 340 694 Talibus
363 644 574 712 exemplis
593 645 774 694 monitae
796 665 913 695 nova
934 664 1056 695 sacra
1080 645 1364 711 frequentant
1378 683 1390 703 ‚

150 721 358 788 Turaque
383 721 511 781 dant,
538 733 799 789 sanctasque
823 722 980 771 colunt
1002 723 1247 772 Ismenides
1266 741 1375 771 aras.

152 846 226 893 gius
241 846 272 882 Β
282 872 292 890 ,
317 859 400 891 opus
411 848 476 881 hoc
489 850 633 882 victoria
643 852 759 882 nostra
771 853 833 882 est.
899 850 972 882 dies
985 875 993 888 ,
1020 852 1183 882 autumna
1198 852 1388 892 tempestas.
1406 865 1451 874 —-
1467 848 1563 882 Male
1572 875 1579 887 ,

151 915 196 924 -
207 899 300 943 Opus
315 903 473 933 nostrum.
491 899 614 945 Eurip.
626 913 714 934 vers.
734 914 747 934 1
757 913 834 946 177:
899 913 972 936 non
985 900 1066 935 satis
1075 899 1238 943 firmiter,
1251 906 1292 934 ut
1302 899 1483 942 Horatius,
1495 898 1583 933 libro

150 941 235 997 ἐμὸν
245 952 344 995 ,ἐ’μ.δν
355 954 389 987 τὶ
402 953 498 1001 γέρας.
513 951 559 986 Et
575 951 753 987 Bacchum
769 965 834 986 vo-
901 950 918 987 I
931 979 940 997 ,
957 951 1029 987 Sat.
1046 963 1103 996 111,
1115 952 1155 986 31
1173 956 1228 986 :el
1236 954 1324 986 male
1338 953 1439 985 laxus
1451 953 1493 985 In
1497 954 1585 996 pede

150 1010 206 1039 cat
219 1008 386 1040 καλλίνικον
397 1030 407 1048 ,
423 1004 577 1050 pulchrae
591 1007 739 1040 victoria·
751 1019 835 1041 auc-
900 1008 1036 1040 calceus
1046 1006 1288 1039 haret—Alta
1296 1032 1304 1044 ,
1317 1011 1455 1039 tantum
1469 1011 1582 1038 ornat.

152 1063 280 1091 torem.
899 1074 944 1083 —-
960 1059 1068 1100 Quam
1084 1061 1166 1090 sunl
1177 1063 1241 1091 etc.
1260 1056 1430 1090 Mulieres
1445 1055 1481 1089 id
1497 1056 1584 1089 effe*

195 1120 268 1154 7²9
285 1109 445 1143 Frondes.
464 1107 574 1143 Folia.
592 1126 638 1134 —
650 1109 834 1144 Aulumno.
900 1123 978 1144 cere
993 1123 1066 1144 non
1079 1110 1207 1144 robore
1221 1122 1304 1153 suo,
1321 1108 1380 1143 sed
1394 1108 1474 1143 Deo
1488 1109 1584 1152 εὐμά-

153 1157 303 1194 Codices
322 1159 434 1194 nostri
452 1159 578 1205 Regii,
596 1165 776 1196 autumnis.
790 1180 836 1188 —-
899 1179 982 1211 ρειαν
1001 1162 1151 1197 addente
1169 1174 1293 1196 earum
1309 1161 1481 1198 manibus.
1499 1161 1582 1195 Eu·-

153 1211 340 1252 Autumno,
355 1211 559 1246 autumnali.
569 1231 611 1239 —
630 1215 755 1248 Tactus
765 1214 835 1248 ele·
900 1215 1001 1261 ripid.
1020 1215 1113 1250 1126.

154 1272 289 1311 gauter,
299 1265 480 1310 paululum
491 1278 633 1301 mor-sas.
644 1266 834 1302 Ausoan.
945 1269 1018 1315 733.
1035 1270 1230 1304 limem'des.
1252 1270 1433 1304 Thebanae
1446 1294 1456 1312 ,
1475 1268 1516 1302 ab
1528 1269 1580 1303 Is-

153 1326 247 1360 vnr,
278 1330 318 1351 ιο
334 1330 343 1352 :
360 1319 521 1352 Mordeat
530 1324 710 1354 autumnas
718 1321 834 1365 frigus
899 1335 1008 1356 meno
1031 1349 1040 1366 ‚
1086 1322 1194 1358 fluvio
1228 1323 1369 1360 Baeotiae
1387 1349 1398 1366 ,
1438 1322 1477 1356 in
1513 1334 1581 1366 qua

153 1370 274 1404 subtile
290 1373 445 1415 pruinas.
473 1369 522 1406 Et
545 1384 635 1418 saepe
655 1377 835 1408 autumnus
900 1373 1043 1411 Thebae.
1060 1376 1128 1410 Ed.
1159 1368 1161 1371 ’
