1832 3100
361 364 437 434 P.
491 361 838 463 ovum
892 360 1331 433 NASONIS

209 517 1494 622 METAMORPHOSEON

494 725 748 782 LIBER
793 723 1185 780 TERTIUS.

133 991 245 1039 ΕΔΒ.
264 990 301 1037 Ι.
321 965 540 1044 JAMQUE
557 986 683 1035 Deus
706 986 858 1052 posita
879 985 1048 1034 fallacis
1071 986 1264 1049 imagine
1289 987 1427 1044 tauri,

133 1068 191 1117 Se
216 1066 444 1115 confessus
469 1076 589 1122 erat;
614 1064 871 1131 Dictaeaque
894 1084 999 1113 rura
1023 1064 1247 1113 tenebat:·

133 1146 289 1211 Quum
308 1156 437 1212 pater
457 1143 638 1206 ignarus
663 1142 833 1191 Cadmo
855 1142 1112 1209 perquirere
1135 1154 1307 1208 raptam

133 1225 356 1290 Imperat,
380 1233 425 1270 et
445 1239 644 1288 poenam,
665 1220 704 1268 si
727 1239 820 1268 non
843 1219 1082 1277 invenerit,
1110 1218 1234 1268 addit

182 1350 304 1388 1-'13o.
328 1353 473 1398 Jamque
493 1352 591 1386 Deus
608 1353 727 1395 posita
750 1357 816 1385 etc.

136 1404 283 1451 Agenor
297 1403 387 1439 filios
405 1411 477 1439 tres
498 1402 541 1438 ad
563 1401 816 1448 requirendam

135 1456 317 1504 Europam
334 1467 494 1491 sororem
509 1454 641 1490 dimisit
661 1454 726 1496 ita,
753 1460 793 1488 ut
804 1480 814 1498 ‚

133 1508 200 1544 nisi
211 1521 288 1543 eam
300 1508 511 1555 reperissent
521 1533 531 1551 ,
549 1506 593 1542 ad
608 1519 644 1541 se
661 1518 737 1540 non
752 1519 811 1540 re-

132 1567 368 1596 verterentur.
381 1559 489 1603 Cilix,
506 1559 610 1594 variis
625 1559 816 1605 peragratis

132 1613 252 1655 ten-is,
273 1612 432 1648 Ciliciam
445 1611 648 1653 constituit3
666 1610 816 1646 Phoenix

131 1667 169 1701 in
181 1665 339 1701 Africam
353 1670 405 1700 est
416 1665 593 1711 profectus
604 1691 614 1708 ,
630 1663 748 1709 ibique
763 1676 816 1698 re-

131 1717 260 1754 mansit
271 1731 279 1760 ;
299 1719 447 1754 Cadmus
457 1724 577 1752 autem
590 1716 628 1751 in
640 1715 815 1752 Graeciam

131 1769 293 1815 devenit,
319 1769 401 1814 ubi,
420 1769 560 1805 oraculo
583 1767 785 1803 admonitus
803 1795 813 1814 ,

132 1820 272 1857 Thebas
287 1848 296 1866 ,
324 1827 384 1856 aut
402 1821 518 1867 potius
535 1820 733 1856 Cadmeam
750 1833 815 1855 ar—

130 1886 208 1908 cem
227 1872 404 1918 condidit,
425 1874 612 1908 interfecto
633 1873 728 1918 prius
750 1873 816 1907 in-

131 1925 229 1972 genti
255 1926 407 1961 dracone
427 1952 438 1970 ,
476 1939 495 1960 e
525 1926 625 1972 cujus
651 1925 816 1960 dentibus

130 1976 231 2013 humi
239 1978 364 2024 sparsis
375 1978 440 2012 viri
449 1977 574 2012 armati
585 1977 794 2023 prodierunt
804 2004 813 2020 ,

132 2044 286 2077 qnorum
307 2045 386 2078 pars
408 2031 549 2066 Cadmo
571 2031 609 2065 in
629 2030 817 2066 condenda

132 2085 220 2120 urbe
233 2085 332 2120 affuit
342 2098 350 2120 :
359 2085 482 2132 Eurip.
496 2083 634 2120 Phoen.
649 2098 737 2119 vers.
750 2085 813 2131 641

133 2152 207 2185 sqq.
224 2165 235 2183 ‚
263 2151 352 2173 vers.
373 2138 436 2173 561
457 2151 531 2184 sqq.
546 2165 555 2181 ‚
577 2144 614 2172 et
636 2137 752 2173 schol.
773 2137 818 2172 ad

134 2191 210 2227 haec
225 2190 300 2226 loca
321 2189 483 2237 Apollod.
500 2189 666 2225 Biblioth.
684 2190 739 2226 111
753 2217 763 2233 ‚
780 2201 794 2224 1
806 2216 816 2234 ,

138 2256 150 2277 ι
165 2269 174 2287 ,
188 2249 272 2278 et1v
283 2269 294 2287 ‚
318 2256 330 2276 1
347 2257 356 2284 ;
375 2241 525 2277 Pausan.
539 2241 651 2276 Boeot.
662 2254 768 2289 {27¹9
783 2248 819 2276 et

135 2293 212 2340 7333
227 2293 359 2342 Hygin.
374 2293 441 2328 sab.
458 2294 531 2340 178;
547 2293 682 2329 Seneca
696 2293 818 2340 OEdip.

132 2358 221 2382 vers.
240 2359 305 2395 7⁰9
325 2358 418 2391 sqq.;
450 2345 614 2391 Apollon.
635 2345 703 2380 Rh.
730 2346 815 2394 111,

137 2411 149 2432 1
161 2411 173 2432 ι
181 2411 223 2445 70
233 2410 308 2443 sqq.
320 2397 432 2432 Primi
448 2404 565 2432 autem
578 2405 736 2432 auctores
746 2398 819 2432 sue-

135 2456 221 2492 runt
233 2450 398 2485 Mnaseas
411 2476 421 2493 ‚
439 2449 680 2498 Pherecydes,
701 2450 817 2485 Hella·

133 2502 233 2537 nicus
243 2529 252 2543 ,
283 2501 519 2549 Lysimachus.
552 2501 711 2538 Cadmus
734 2514 818 2538 cum

134 2553 346 2590 Phoenicum
367 2566 477 2589 manu
498 2555 535 2589 in
554 2556 725 2591 Boeotiam
747 2569 816 2591 ve-

134 2605 362 2651 nit‚susisque
376 2606 588 2653 Hyantibus,
602 2608 720 2643 Aonas
735 2621 817 2643 cum

132 2658 202 2693 suis
212 2658 249 2692 in
262 2671 310 2693 un
316 2671 372 2693 am
385 2665 526 2705 gentem
537 2660 728 2695 coalescere
738 2674 818 2706 pas-

132 2722 190 2745 sus
199 2717 261 2746 est.
273 2710 401 2756 Quum
414 2711 530 2746 locum
538 2711 819 2748 condendaeurbi

134 2771 306 2808 quareret
318 2790 326 2807 ,
337 2772 503 2810 sequutus
516 2771 567 2800 est
578 2791 587 2809 ,
599 2765 669 2801 sive
677 2765 817 2802 oraculo

882 1350 1040 1386 monitus
1052 1377 1061 1394 ‚
1088 1350 1160 1385 sive
1182 1362 1245 1385 sua
1264 1355 1388 1395 sponte
1404 1376 1413 1393 ,
1436 1349 1566 1384 bovem

882 1402 1009 1437 ducem
1022 1428 1032 1446 ‚
1050 1402 1118 1437 nisi
1132 1409 1168 1437 et
1182 1401 1250 1436 hoc
1264 1401 1477 1447 figmentum
1489 1408 1568 1448 ety*

881 1455 1053 1501 molegica
1069 1453 1215 1489 Boeotiae
1231 1453 1476 1499 interpretatio
1495 1466 1566 1499 pe-

881 1508 983 1553 perit.
1001 1507 1151 1542 Pausan.
1165 1519 1198 1552 p.
1217 1519 1291 1554 7¹9·
1311 1505 1410 1551 Quid
1427 1506 1470 1541 de
1484 1506 1566 1542 den-

880 1559 973 1594 tibus
989 1559 1032 1594 ab
1051 1571 1094 1594 eo
1110 1559 1190 1593 satis
1210 1558 1483 1593 existimandum
1501 1560 1566 1604 sit,

881 1611 925 1646 ad
938 1624 1026 1646 vers.
1047 1611 1109 1646 126
1126 1610 1331 1646 videbimus.

925 1678 956 1698 2.
985 1665 1029 1698 Se
1047 1662 1224 1708 consessus
1238 1667 1330 1704 erut,
1352 1663 1569 1699 indicaverat

881 1730 916 1752 se
943 1730 1016 1752 esse
1048 1718 1188 1752 Jovem.
1223 1717 1283 1753 Sic
1314 1724 1349 1752 et
1384 1717 1458 1761 XI,
1491 1719 1568 1762 264.

882 1770 1008 1816 virgil.
1030 1769 1173 1804 AEneid.
1192 1770 1229 1805 II
1245 1797 1254 1814 ‚
1285 1771 1346 1817 59¹
1371 1779 1380 1801 2
1407 1770 1568 1814 confissa

881 1823 1004 1858 Deam.
1014 1841 1058 1848 —
1066 1824 1203 1857 Dicloea
1211 1836 1290 1856 rura
1299 1850 1307 1864 ,
1322 1821 1430 1857 Creta
1439 1850 1449 1866 ‚
1469 1823 1568 1870 Tyro

882 1875 995 1910 vicina
1010 1901 1019 1919 ,
1035 1875 1119 1909 etin
1129 1876 1228 1920 cujus
1241 1881 1363 1909 monte
1372 1877 1481 1909 Dicta
1494 1875 1569 1910 Ju—

882 1927 973 1973 piter
995 1933 1100 1961 natus
1116 1926 1347 1970 credebatur,
1375 1926 1471 1975 unde
1494 1928 1567 1974 ipse

881 1980 1043 2013 Dictaeus.

926 2029 957 2063 3.
975 2030 1128 2074 Ignarus.
1156 2029 1251 2064 Male
1274 2022 1413 2066 Ciosan.
1428 2034 1568 2075 tgnarus

881 2087 1012 2127 raptam
1026 2082 1220 2128 conjungit.
1233 2083 1311 2117 Imo
1324 2084 1456 2118 centies
1468 2088 1568 2129 igna-

883 2133 940 2169 rus
963 2134 1055 2181 apud
1072 2136 1242 2170 Nostrum
1265 2136 1312 2170 ita
1332 2137 1500 2181 occurrit,
1529 2145 1569 2173 ut

884 2188 1175 2234 subintelligenda
1199 2189 1318 2224 relicta
1340 2190 1384 2224 sit
1406 2190 1464 2224 illa
1487 2204 1566 2236 res,

883 2242 983 2287 cujus
995 2242 1071 2287 quis
1084 2242 1225 2288 ignarus
1237 2243 1342 2277 suerit
1352 2271 1361 2287 ,
1377 2251 1415 2278 ut
1429 2245 1464 2288 I,
1479 2244 1544 2280 658
1556 2273 1565 2288 ‚

883 2302 919 2329 et
934 2295 1026 2330 infra
1044 2296 1107 2338 243
1119 2322 1129 2339 ‚
1147 2297 1221 2342 287.
1244 2296 1336 2331 Vide
1352 2304 1388 2331 et
1408 2299 1506 2332 Corte
1522 2298 1566 2332 ad

883 2345 1037 2381 Sallustii
1055 2345 1197 2382 Catilin.
1216 2358 1271 2391 ιι,
1298 2362 1350 2393 ²7·
1378 2349 1567 2394 Ignorabat

883 2398 1047 2444 Agenor,
1073 2398 1181 2433 filiam
1205 2412 1224 2433 a
1247 2400 1337 2434 Jove
1363 2401 1567 2436 translatam

882 2464 955 2486 esse
980 2451 1017 2486 in
1041 2451 1175 2486 Dictaea
1196 2465 1289 2486 rura.
1318 2470 1363 2478 -——
1388 2454 1560 2496 Invenire,

882 2515 979 2538 nunc
988 2503 1030 2537 ad
1043 2503 1225 2549 quaerendi
1234 2503 1389 2538 studium
1398 2504 1565 2549 pertinet,

881 2556 1070 2601 ausszindig
1080 2558 1230 2591 macken.
1242 2556 1406 2601 Apollod.
1419 2560 1509 2593 εἰπὼν
1521 2565 1565 2603 μὴ

882 2611 1019 2659 πρότερον
1045 2609 1225 2658 οἴνας-ῥέξειν
1253 2615 1322 2658 πρὶν
1343 2609 1380 2645 ἂν
1406 2611 1566 2660 ἶξεύρωσιν

881 2664 1039 2711 Εὐρώπην.
1063 2661 1121 2696 Sic
1141 2661 1198 2696 ille
1215 2665 1297 2706 pius
1313 2662 1350 2697 in
1370 2654 1479 2698 filiam
1493 2691 1502 2707 ‚
1530 2672 1566 2700 et

882 2717 1084 2756 scelerosus,
1109 2714 1279 2761 crudelis,
1299 2716 1336 2751 in
1353 2716 1451 2752 filios.
1478 2718 1566 2753 Haec

882 2767 1077 2813 sententia,
1093 2775 1131 2804 ut
1145 2768 1298 2818 ὅξύμωρον
1309 2795 1318 2812 ,
1337 2769 1464 2815 placuit
1477 2770 1563 2805 Nos-
