1832 3100
350 261 1037 309 METAMORPHOSEON
1070 263 1200 307 LIB.
1239 264 1330 309 VI.

1462 262 1543 318 441

127 358 412 425 Diriguitque
434 356 561 407 malis
579 377 590 405 ε
611 355 762 405 nullos
782 368 930 405 movet
950 376 1054 405 aura
1078 356 1288 423 capillos:

126 438 182 486 In
202 435 327 485 vultu
354 434 480 484 color
500 446 568 484 est
591 435 686 483 sine
710 434 924 498 sanguine
944 454 954 482 ε
974 433 1142 482 lumina
1164 434 1332 483 moestis

128 514 258 563 Stant
276 513 458 562 immota
480 512 605 575 genis
624 532 634 560 :
656 512 771 560 nihil
794 512 928 561 estin
950 510 1140 574 imagine
1161 510 1261 559 vivi.

1492 523 1557 558 305

129 592 230 658 Ipsa
251 609 431 657 quoque
452 590 645 639 interius
670 610 770 639 cum
795 590 911 638 duro
935 589 1088 653 lingua
1110 588 1258 656 palato

130 667 349 732 Congelat
363 706 375 726 ‚
397 680 442 717 et
461 687 584 718 ‚venae
609 667 830 717 desistunt
852 687 982 734 posse
1005 666 1199 725 moveri3

127 746 220 795 Nec
240 745 357 795 flecti
380 746 525 795 cervix
539 783 552 804 ‚
577 764 658 794 nec
682 745 862 795 brachia
883 745 1064 794 reddere
1089 755 1239 807 gestus
1255 781 1267 802 ,

128 824 221 872 Nec
243 843 322 891 pes
343 823 406 873 ire
424 835 575 891 potest
594 843 603 871 :
625 824 741 883 intra
767 842 947 890 quoque
971 823 1137 870 viscera
1159 814 1313 870 saxum
1336 831 1415 870 est.

128 899 228 950 Flet
250 913 420 960 tamen,
446 914 492 951 et
512 901 646 950 validi
665 901 934 950 circumdata
958 901 1137 949 turbine
1161 899 1281 949 venti

1497 911 1563 945 310

129 979 183 1026 In
205 979 392 1045 patriam
415 991 542 1046 rapta
566 991 660 1038 est;
687 979 769 1028 ubi
790 978 876 1027 fixa
895 978 1118 1027 cacumine
1139 977 1304 1026 montis

131 1056 369 1124 Liquitur,
394 1069 440 1106 et
462 1057 673 1124 lacrymas
699 1057 939 1105 etiamnum
960 1075 1179 1104 marmora
1197 1066 1388 1104 manant.

197 1135 278 1183 Ill.
301 1136 419 1184 Tum
430 1155 543 1189 ¹vero
569 1135 681 1184 tanti
703 1135 981 1184 manifestam
1004 1134 1199 1183 numinis
1224 1133 1334 1182 iram

174 1267 251 1302 303.
281 1269 437 1314 Diriguit
446 1296 455 1311 ,
484 1277 650 1305 naturam
676 1283 814 1304 saxeam

133 1322 284 1367 accepit,
302 1329 343 1357 ut
353 1323 401 1367 V,
423 1323 495 1359 186.
513 1323 586 1358 Sed
603 1323 698 1358 idem
717 1330 754 1359 et
770 1323 814 1358 de

133 1373 173 1408 iis
190 1374 346 1419 ponitur,
365 1387 452 1420 quos
466 1388 625 1410 summus
641 1376 742 1410 dolor
758 1382 818 1410 aut

134 1432 250 1461 metus
272 1425 417 1462 invadit.
447 1428 522 1463 Vll
540 1454 550 1472 ,
586 1442 599 1463 ι
610 1430 659 1463 ι5.
693 1428 816 1473 quue

133 1490 238 1513 sensu
255 1478 298 1513 ab
318 1478 421 1514 initio
443 1479 535 1525 dicta
548 1479 689 1514 videtur
704 1479 816 1515 Niobe

133 1528 324 1575 diriguisse.
342 1530 435 1565 Vide
453 1530 497 1566 ad
521 1531 592 1576 146.
609 1531 818 1567 Secundum

134 1581 307 1617 Nostrum
319 1581 451 1618 Thebis
462 1590 597 1618 mutata
611 1590 646 1618 et
660 1591 766 1619 vento
780 1584 818 1618 in

135 1633 298 1682 Sipylum
308 1635 474 1671 translata
483 1643 535 1671 est
545 1650 554 1679 ;
566 1636 661 1682 quod
669 1636 817 1672 mireris.

135 1685 242 1733 Apud
253 1686 337 1722 alios
347 1694 521 1732 auctores,
536 1688 663 1723 relictis
671 1687 816 1733 Thebis,

135 1737 181 1773 ad
196 1745 334 1785 patrem
345 1738 439 1774 redit
450 1765 460 1784 ‚
477 1744 515 1775 et
531 1738 568 1775 in
583 1739 659 1786 ipso
672 1740 793 1789 Sipylo
805 1767 815 1785 ,

133 1805 244 1838 quum
262 1792 336 1838 ipsa
352 1792 420 1828 hoc
435 1806 455 1828 a
469 1793 559 1829 Jove
575 1794 728 1840 petiisset
739 1820 749 1839 ,
778 1793 820 1829 fit

131 1844 280 1892 lapidea.
292 1845 500 1881 Secundum
515 1847 720 1882 Homerum
733 1872 743 1890 ,
764 1848 821 1881 di-

132 1901 238 1944 riguit
249 1899 356 1943 etiam
373 1899 533 1945 populus.

134 1986 136 1988 .
178 1951 257 1986 305.
274 1953 375 1987 Nihil
381 1956 436 1985 est
444 1955 481 1986 ιἰι
494 1955 640 1995 imagine
651 1954 727 1986 υίνί.
745 1950 822 1986 Co-

137 2001 230 2037 dices
250 2002 354 2047 Regii
369 2002 502 2038 habent
526 2007 660 2046 w’vum,·
684 2003 821 2049 elegan-

138 2053 208 2088 tius
222 2061 317 2089 certe
340 2057 434 2102 vioij
449 2062 605 2091 attamen
632 2062 754 2090 utrum
778 2055 822 2090 sit

139 2118 265 2148 verum
281 2105 422 2142 difficile
441 2106 584 2153 iudices.
597 2109 719 2142 Ed.-
728 2109 822 2142 Lin-

136 2169 221 2204 μὴ·
231 2156 310 2204 quae
320 2166 439 2204 peccat
446 2172 537 2205 pars,
546 2159 619 2194 luat
626 2161 821 2205 paenas.Ed.

183 2211 259 2247 311.
278 2214 424 2256 Montis,
446 2213 568 2263 Sipyli.
584 2214 634 2249 Ibi
651 2220 823 2259 perpetuo

140 2262 227 2299 flere
239 2263 458 2300 credebatur.
468 2283 514 2291 -
525 2267 732 2312 Lacrymas;
750 2265 826 2300 vul-

136 2329 186 2363 go
200 2319 362 2364 lacrymis
380 2316 459 2364 (ita-
469 2330 610 2364 quoque
628 2317 730 2363 Regii
746 2330 824 2352 nos-

141 2367 225 2412 tri).
249 2369 298 2403 At
321 2382 459 2404 manare
482 2369 608 2416 passim
635 2381 717 2404 cum
744 2380 824 2403 casu

142 2428 268 2466 quarto
284 2421 461 2467 reperitur
479 2434 487 2455 :
511 2421 590 2456 vide
609 2420 799 2456 Heinsium
813 2446 823 2464 ,

142 2474 203 2519 qui
222 2473 322 2520 plura
341 2473 486 2520 hujusce
501 2474 652 2522 syntaxis
669 2474 825 2520 exempla

142 2526 262 2561 refert.
285 2526 458 2562 Nostrum
474 2527 640 2573 expressit
665 2527 801 2562 Seneca
813 2553 823 2570 ,

144 2579 416 2624 Agamemnone
431 2605 440 2622 ,
459 2579 521 2624 371
539 2605 549 2623 ,
567 2579 680 2615 ubide
690 2579 823 2614 Niobe:

143 2632 222 2666 Stat
234 2643 323 2666 nunc
336 2631 448 2676 Szpyli
459 2634 583 2666 vertice
598 2643 726 2666 summo
740 2633 827 2666 He·-

144 2685 211 2718 bile
225 2696 347 2717 saxum
358 2709 368 2724 ,
384 2683 434 2716 El
440 2684 551 2717 adhuc
559 2685 728 2730 lacrymas
740 2697 828 2718 mar-

145 2747 240 2770 mora
242 2734 399 2779 fundunt
406 2734 558 2779 Antiqua
566 2747 680 2769 novas.
694 2734 830 2770 Confer

149 2794 184 2824 et
201 2788 362 2834 Propert.
380 2787 416 2822 II
427 2813 438 2832 ‚
455 2798 519 2822 xvx
536 2813 546 2831 ‚
567 2800 595 2834 7.
613 2787 766 2823 Fontem
782 2788 829 2823 sa-

879 1269 971 1305 bulae
988 1268 1142 1304 ostendit
1158 1269 1306 1304 Pausan.
1318 1295 1328 1311 ‚
1341 1266 1447 1302 Attic.
1464 1279 1496 1312 p.
1509 1270 1565 1314 49,

884 1322 944 1356 ubi
960 1329 1103 1365 narrat,
1122 1335 1157 1356 se
1173 1348 1182 1365 ,
1210 1328 1250 1355 ut
1268 1320 1408 1356 Nioben
1426 1325 1567 1365 specta-

883 1381 959 1417 ret,
979 1373 1195 1408 adscendisse
1214 1374 1250 1407 in
1273 1372 1436 1420 Sipylum
1454 1383 1567 1405 mon—

883 1433 957 1460 tem
972 1452 981 1469 ,
1000 1426 1117 1470 ibique
1135 1425 1258 1460 vidisse
1268 1437 1395 1470 rupem
1408 1423 1570 1470 praecipi—

884 1485 977 1521 tem,
1004 1490 1082 1523 quae
1106 1477 1228 1523 procul
1252 1477 1358 1512 stanti
1377 1476 1570 1522 imaginem

882 1530 1040 1565 mulieris
1059 1537 1191 1565 moestae
1205 1535 1240 1564 et
1255 1529 1482 1575 lacrymantis
1500 1540 1568 1562 ex-

882 1581 1035 1616 bibebat.
1063 1581 1234 1616 Similiter
1259 1580 1419 1624 Quintus
1442 1579 1571 1625 Smyr-

882 1645 980 1668 naeus
993 1659 1002 1676 ,
1022 1633 1040 1668 I
1054 1660 1064 1677 ‚
1090 1646 1152 1680 ²92
1165 1645 1238 1678 sqq.
1253 1658 1263 1676 ,
1282 1631 1518 1677 Apollodorus
1534 1636 1571 1664 et

883 1686 1059 1734 Hyginus.
1072 1685 1174 1721 Idem
1185 1684 1408 1720 confirmavit
1426 1682 1573 1718 Chand—

882 1739 936 1774 ler
947 1740 984 1773 in
1001 1739 1124 1774 Itiner.
1143 1737 1289 1774 Confer.
1305 1744 1341 1772 et
1355 1736 1546 1782 Sophocles
1560 1760 1569 1780 ,

885 1791 1006 1836 Antig.
1025 1791 1100 1825 835.
1509 1830 1512 1833 Δ

928 1844 1099 1878 3ι3-38ι.
1124 1845 1209 1877 Tum
1226 1856 1304 1877 vero
1322 1849 1387 1877 etc.
1407 1841 1574 1888 Agrestes

886 1895 1003 1943 Lyciae
1013 1896 1188 1930 Latonam
1199 1901 1380 1929 errantem
1390 1894 1488 1939 aquis
1495 1906 1573 1939 pro-

884 1947 1047 1983 hibentes
1065 1955 1253 1982 mutantur
1262 1947 1300 1981 in
1317 1959 1430 1981 ranas.
1441 1946 1574 1994 Lycia·-

886 2012 965 2043 cam
976 1999 1068 2036 hanc
1080 2000 1234 2035 fabulam
1243 2000 1465 2037 Menecrates
1475 1999 1575 2032 Xan-

885 2052 980 2088 thius
999 2053 1036 2087 in
1066 2053 1220 2100 Lyciacis
1244 2058 1457 2087 narraverat.
1482 2051 1572 2086 Inde

888 2117 967 2138 eam
984 2104 1099 2139 hausit
1116 2103 1295 2139 Nicander
1305 2130 1316 2148 ,
1332 2110 1368 2139 et
1383 2116 1425 2138 ex
1440 2115 1483 2137 eo
1494 2102 1574 2137 An-

888 2156 1033 2191 toninus
1045 2182 1055 2200 ,
1074 2156 1134 2201 qui
1150 2169 1236 2190 vero
1252 2155 1289 2190 in
1307 2154 1487 2190 nonnullis
1504 2154 1576 2189 dis-

887 2209 1004 2244 sentit.
1023 2208 1169 2244 Confer.
1182 2215 1218 2244 et
1236 2209 1373 2244 Probus
1390 2208 1433 2243 ad
1451 2208 1575 2254 Virgil.

889 2262 1019 2309 Georg.
1033 2262 1050 2298 I
1063 2289 1073 2307 ,
1094 2263 1160 2309 378
1171 2289 1181 2308 ,
1204 2270 1240 2298 et
1254 2263 1398 2298 Servius
1414 2262 1456 2297 ad
1471 2274 1575 2296 eum-

890 2316 974 2351 dem
1005 2315 1122 2351 locum
1136 2341 1146 2359 ,
1177 2315 1257 2361 qui,
1286 2317 1378 2350 sorte
1401 2314 1575 2349 memoria

888 2368 1024 2415 lapsus,
1043 2368 1171 2413 tradit,
1189 2368 1361 2404 Ovidium
1380 2368 1423 2403 de
1443 2367 1577 2402 Cerere

890 2421 1141 2466 Proserpinam
1159 2428 1339 2466 quaerente
1356 2420 1449 2454 hanc
1464 2419 1575 2454 sabu—

878 2474 962 2509 'lam
977 2475 1146 2510 retulisse.
1164 2475 1272 2509 Forte
1293 2487 1354 2511 ara
1377 2474 1521 2508 Latonae
1538 2473 1575 2507 in

891 2534 1014 2573 stagno
1053 2527 1207 2573 quodam
1240 2527 1334 2561 ranis
1371 2525 1574 2561 abundante

891 2579 987 2615 hunc
1018 2579 1184 2627 mythum
1211 2579 1357 2624 peperit.
1380 2596 1425 2605 ·—
1447 2580 1570 2617 Tanti,

892 2644 958 2678 pro
974 2635 1103 2672 cuncti,
1133 2644 1174 2666 ex
1196 2643 1270 2665 uno
1294 2630 1459 2665 Leidensi
1481 2629 1579 2665 dedit

894 2684 1143 2727 Burmannus,
1171 2683 1252 2728 quia
1275 2683 1434 2728 sequitur
1453 2695 1581 2717 omnes.

894 2754 938 2762 —
951 2738 1089 2777 Cuncti,
1106 2735 1233 2771 nostris
1247 2733 1436 2770 Codicibus
1450 2734 1579 2780 Regiis.

894 2807 939 2815 --
958 2787 1197 2832 Manifestum,
1231 2787 1329 2823 sactis
1356 2787 1577 2822 declaratam.
