1832 3100
295 232 989 281 METAMORPHOSEON
1026 235 1155 280 LIB.
1195 237 1304 281 ΙΙΙ.

1434 239 1520 282 :285

98 329 163 377 Ut
182 328 330 377 fremit
351 347 449 377 acer
471 346 635 394 equus,
666 347 803 394 quum
826 327 1013 377 bellicus
1035 347 1117 377 aere
1142 349 1305 378 canoro

97 406 233 470 Signa
257 405 382 455 dedit
402 405 584 454 tubicen
601 443 613 463 ‚
637 424 886 472 pugnaeque
911 406 1105 455 adsumit
1125 426 1315 457 amorem
1334 427 1347 457 z

1456 424 1520 469 705

95 484 293 534 Penthea
315 483 385 532 sic·
401 483 516 532 ictus
540 482 690 547 longis
712 482 960 532 ululatibus
982 484 1119 533 aether

96 562 269 620 Movit,
296 573 342 610 et
363 561 518 611 audito
539 561 745 625 clangore
770 561 1000 611 recanduit
1018 562 1096 610 ira.

96 696 101 699 ,
158 641 316 690 Monte
339 638 430 689 fere
449 640 602 689 ‘medio
627 652 715 697 est,
742 638 1025 701 cingentibus
1047 638 1203 687 ultima
1227 638 1371 700 silvis,

94 718 240 768 Purus
262 718 318 767 ab
342 718 608 777 arboribus,
633 716 890 785 spectabilis
913 716 1111 783 undique
1135 735 1329 783 campus.

93 795 181 844 Hic
205 795 346 845 oculis
371 794 499 845 illum
524 808 775 845 cernentem
800 813 920 843 sacra
943 794 1140 861 profanis

1456 822 1521 856 710

92 874 242 923 Prima
265 873 405 933 videt,
429 875 571 941 prima
592 886 658 922 est
678 873 834 922 insano
854 873 1027 922 concita
1046 885 1195 933 motu,

91 951 241 1001 Prima
263 971 393 1001 suum
414 953 552 1001 misso
575 951 756 1000 violavit
779 951 978 1000 Penthea
1003 952 1158 1018 thyrso
1204 997 1207 1001 ⁴

91 1028 267 1078 Mater:
297 1051 319 1073 «
341 1031 416 1087 Io,
442 1029 645 1093 geminae,
670 1028 892 1086 clamavit,
919 1029 1067 1078 adeste
1085 1047 1261 1078 sorores
1282 1048 1293 1077 ε

94 1130 118 1150 »
146 1106 227 1162 Ille
250 1126 380 1174 aper,
404 1107 453 1155 in
473 1108 640 1156 nostris
664 1119 780 1156 errat
804 1108 879 1174 qui
904 1108 1120 1157 maximus
1142 1108 1284 1172 agriS‚

94 1207 118 1228 »
143 1184 226 1234 Ille
247 1185 359 1234 mihi
379 1185 605 1234 feriendus
627 1205 746 1253 aper.
772 1208 794 1228 »
821 1186 935 1234 Ruit
958 1185 1101 1234 omnis
1125 1186 1170 1234 in
1195 1204 1336 1234 unum

1459 1202 1522 1248 715

90 1264 247 1313 Turba
267 1263 420 1314 furens
440 1283 451 1313 :
473 1275 643 1313 cunctae
667 1275 850 1323 coeunt,
875 1276 1132 1331 cunctaeque
1157 1275 1406 1331 sequuntur

136 1394 212 1440 704.
223 1395 367 1435 mam,
382 1392 512 1429 hinnit.
521 1411 567 1421 --
576 1393 685 1434 Acer,
711 1394 773 1428 se-

90 1457 154 1480 νοι
164 1472 176 1490 ,
188 1454 388 1492 generosus.
398 1463 443 1472 —
452 1447 579 1490 Longis
587 1473 596 1487 ,
614 1445 675 1480 diu
685 1459 772 1481 cou-

90 1499 234 1534 tinuatis
242 1512 316 1534 nno
325 1501 613 1535 tenore.—Ictus
620 1527 628 1540 ‚
644 1507 771 1535 motus.

89 1550 183 1586 Vide
196 1551 240 1587 ad
258 1552 310 1587 IX
322 1578 332 1596 ,
352 1553 427 1588 583.
444 1551 551 1598 Apud
567 1552 688 1598 Eurip.
704 1566 771 1600 9¹⁰

87 1615 162 1649 sqq.
185 1604 320 1639 insania
341 1604 498 1649 injicitur
517 1604 702 1657 Pentheo,
731 1611 770 1639 ut

87 1653 175 1690 duos
183 1655 272 1691 soles
280 1681 291 1700 ‚
305 1654 462 1701 duasque
471 1656 611 1692 Thebas
621 1669 769 1691 cernere

86 1707 150 1742 sibi
176 1708 338 1744 videatur
350 1735 361 1754 ‚
395 1716 499 1756 atque
526 1710 574 1746 ita
597 1710 768 1746 Bacchico

84 1758 207 1795 habitu
217 1761 362 1797 vestitus
370 1761 768 1811 ludibriospectantium

84 1813 280 1858 exponitur.
304 1814 399 1849 Eum
422 1821 603 1850 auctorem
628 1815 770 1862 sequuti

83 1870 167 1900 sunt
183 1864 262 1909 alii,
279 1866 386 1902 etiam
400 1873 513 1912 poetoe
526 1866 666 1911 Latini,
689 1867 767 1902 Pa-

83 1927 160 1951 ων.
177 1922 214 1951 et
229 1916 327 1964 Vix-g.
346 1917 488 1954 AEneid.
513 1918 566 1954 IV
578 1945 588 1963 ‚
607 1920 683 1967 469.
710 1920 766 1955 Ab

82 1963 138 2001 hi,
150 1967 280 2003 Noster
292 1968 474 2005 discedens
487 1973 539 2004 ira
552 1970 668 2016 potius
683 1983 767 2005 eum

84 2025 224 2054 motum
240 2033 351 2066 usque
375 2021 419 2055 ad
444 2021 555 2057 finem
578 2030 704 2058 servat.
722 2039 767 2048 ——·

86 2069 268 2115 clangore.
285 2085 414 2118 nempe
431 2073 684 2121 cymbalorum.

130 2124 205 2170 708.
215 2125 332 2160 Monte
341 2129 460 2162 medio.
475 2127 694 2162 Describitur
708 2127 766 2162 Ci-

84 2175 222 2212 theron
236 2203 246 2222 ‚
265 2177 309 2213 ad
320 2179 421 2224 cuius
436 2180 569 2216 radices
581 2180 676 2216 vallis
690 2188 766 2216 erat

84 2239 189 2274 opaca
208 2229 370 2275 pinubus.
393 2231 552 2277 Euripid.
573 2231 699 2267 Bacch.
717 2245 764 2268 vs.

85 2283 182 2318 1050.
213 2281 339 2318 Dianae
365 2283 457 2319 banc
484 2284 605 2320 silvam
631 2297 764 2320 sacram

81 2333 204 2377 suisne,
218 2334 481 2382 Pseudo-virg.
495 2335 574 2372 Cid.
589 2337 650 2371 108
664 2363 674 2381 ,
685 2350 764 2372 me-

82 2393 209 2422 morat.
219 2403 265 2414 —-·
273 2387 473 2432 Montefere
487 2391 595 2424 medio
607 2394 668 2424 est.
690 2388 764 2425 Co-

82 2437 148 2474 dex
166 2439 297 2485 Regius
312 2440 344 2475 B
355 2466 365 2484 ‚
388 2446 498 2476 monte
507 2441 586 2485 fere
601 2445 638 2476 in
654 2445 763 2477 medio

78 2496 156 2533 σπι-Ι,-
176 2491 273 2526 idem
283 2492 320 2527 in
336 2505 439 2528 versu
455 2495 636 2539 sequenti,
652 2497 763 2529 Purus

78 2548 115 2579 et
122 2546 296 2579 arboribus
305 2571 314 2586 ,
331 2558 396 2590 pro
399 2558 505 2589 purus
517 2549 561 2580 ab
575 2549 760 2583 arboribus.

78 2614 126 2623 -—
137 2598 249 2631 Purus
265 2604 300 2632 et
318 2601 444 2647 καθαρός
458 2597 584 2633 dicitur
606 2599 703 2638 loeus
718 2600 761 2634 ab

80 2649 262 2687 arboribus
282 2649 407 2685 nudus.
434 2649 508 2685 Liv.
529 2650 674 2695 XXIV,
696 2654 759 2695 14;

74 2714 179 2744 purus
186 2706 346 2747 etpatens
353 2703 760 2748 campus.—-Spectabilis,

81 2754 140 2801 qui
151 2761 243 2790 totus
251 2756 398 2801 spectari
408 2762 519 2801 potest
523 2782 533 2799 ,
543 2756 649 2791 oculis
656 2762 762 2801 patet.

882 1405 956 1440 ⁷¹0·
971 1395 1041 1427 Hic
1056 1395 1164 1428 oculis
1177 1394 1273 1428 illum
1286 1398 1352 1428 etc.
1375 1393 1522 1429 Secun-

836 1445 924 1480 dum
943 1445 1101 1492 Euripid.
1131 1447 1217 1489 1040
1241 1459 1315 1491 sqq.
1332 1459 1372 1480 ex
1396 1446 1521 1481 arbore

835 1504 1054 1544 spectantem
1065 1498 1284 1543 conspiciunt
1300 1497 1426 1532 Cadmi
1442 1498 1523 1534 filiae

834 1549 1074 1594 lapidibusque
1086 1556 1215 1595 petunt
1227 1557 1263 1584 et
1276 1549 1415 1597 thyrsis3
1430 1556 1521 1593 tum,

835 1603 960 1638 arbore
987 1609 1088 1638 eruta
1101 1629 1111 1647 ‚
1145 1602 1327 1648 delapsum
1357 1603 1522 1638 lacerant.

833 1673 878 1682 —
894 1655 1074 1700 Prosamlr,
1093 1668 1167 1690 non
1184 1655 1347 1697 initiatis,
1367 1656 1522 1700 a'zssooexczi·

833 1724 932 1744 τοισιν
945 1734 955 1752 ,
981 1708 1103 1753 Eurip.
1130 1721 1217 1743 vers.
1236 1710 1311 1754 472.
1335 1727 1379 1735 -—
1395 1710 1522 1743 lnsano

832 1764 966 1796 conella
982 1765 1075 1795 111qu
1084 1788 1092 1801 ‚
1119 1767 1194 1796 θεοῦ
1206 1768 1345 1796 πνοαῖσιν
1358 1763 1495 1806 ἐμμανὴς
1508 1786 1520 1805 ,

833 1811 987 1855 ibidem,
1006 1825 1110 1846 versu
1132 1825 1226 1858 1092.
1250 1830 1293 1840 —-
1308 1814 1416 1846 Molu-
1438 1811 1520 1846 Co-

833 1863 928 1899 dices
960 1865 1063 1910 Regii
1098 1865 1208 1899 nostri
1234 1864 1365 1898 habent
1390 1877 1490 1899 cursu
1502 1876 1518 1907 ‚-

832 1923 955 1951 utrum
969 1916 1013 1950 sit
1024 1916 1220 1962 genuinum
1230 1914 1304 1950 non
1314 1915 1411 1951 facile
1425 1916 1520 1951 dixe-

831 1969 890 2003 ris.
901 1971 968 2004 Ed.
981 1987 1026 1996 —·-
1037 1971 1153 2004 Mater
1166 1977 1242 2004 erat
1254 1970 1414 2006 sacerdos
1426 1971 1519 2007 Bac-

832 2020 887 2056 chi
904 2035 913 2063 ;
943 2021 1103 2067 Euripid.
1126 2036 1137 2056 1
1148 2036 1160 2057 1
1171 2036 1218 2058 12.
1238 2035 1283 2049 *-
1302 2024 1438 2058 Mater.-
1454 2026 1515 2065 Io,

828 2077 978 2118 gemma.
1004 2074 1109 2109 Unus
1134 2074 1337 2119 Mediceus,
1356 2081 1464 2111 mater
1485 2082 1522 2112 el

835 2125 969 2169 Ogeone
979 2152 989 2167 ,
1016 2139 1098 2161 cum
1115 2125 1225 2172 glossa
1237 2153 1246 2170 ‚
1272 2141 1296 2161 a
1320 2130 1394 2162 loco
1411 2130 1517 2162 dicta.

831 2178 930 2213 Hinc
943 2179 1172 2214 Burmannus
1186 2180 1404 2225 conjecturat
1421 2180 1517 2226 quod

830 2238 866 2267 et
890 2232 1040 2267 Heinsio
1057 2232 1094 2266 in
1112 2239 1272 2267 mentem
1291 2241 1457 2277 venerat,
1484 2238 1520 2268 el

834 2286 981 2331 Ogygia,
994 2284 1028 2318 id
1039 2291 1091 2319 est
1104 2286 1138 2318 T
1132 2287 1278 2325 hcbanae,
1290 2298 1372 2320 nam
1384 2285 1517 2320 Thebae

835 2339 972 2383 Ogygia
988 2336 1089 2372 dictae
1105 2345 1215 2372 erant.
1231 2356 1276 2363 —
1294 2337 1415 2372 Codex
1434 2338 1514 2372 Re-

829 2390 904 2436 gius
930 2390 963 2425 A
975 2417 984 2434 ,
1011 2404 1032 2425 o
1055 2394 1194 2435 gemino·
1213 2402 1225 2434 ,·
1252 2390 1374 2425 Codex
1399 2391 1429 2425 B
1441 2416 1450 2433 ,
1473 2392 1513 2424 Io

824 2446 974 2487 gemine.
989 2461 1035 2469 ·—
1047 2445 1112 2477 Ille
1126 2456 1216 2487 oper.
1233 2442 1413 2477 Pentheus
1428 2455 1513 2476 ma·-

828 2495 873 2529 tri
886 2495 1013 2530 Bacchi
1029 2496 1148 2529 surore
1165 2502 1334 2540 correptae
1345 2507 1428 2538 aper
1439 2507 1512 2530 esse

827 2546 966 2581 videtur
982 2573 991 2589 ,
1031 2546 1092 2581 sed
1119 2546 1210 2591 apud
1239 2546 1398 2591 Euripid.
1428 2549 1480 2581 leo
1495 2557 1511 2588 ,·

828 2598 990 2643 Apollod.
1003 2598 1150 2632 omnino
1168 2604 1286 2643 δημὸν.
1303 2599 1417 2632 Prima
1427 2610 1511 2632 cum

826 2652 860 2686 vi
876 2651 1067 2696 repetitum
1082 2666 1091 2692 ;
1109 2664 1193 2685 nam
1210 2650 1245 2685 id
1263 2664 1401 2697 quoque
1419 2651 1511 2686 Bac-

826 2706 882 2742 chi
893 2718 992 2751 opus,
1005 2704 1099 2752 quod
1108 2713 1222 2740 mater
1225 2711 1337 2750 primo
1343 2705 1424 2740 fecit
1435 2706 1508 2740 ista.

873 2771 889 2802 7
898 2757 946 2791 15.
959 2758 1095 2791 Cuaclae
1108 2762 1244 2800 coeunt,
1258 2761 1446 2802 cuncteque
1453 2769 1510 2790 se<
