1832 3100
276 188 367 232 DE
417 186 641 232 OPERE
682 184 1384 230 METAMORPHOSEON.
1501 189 1549 231 13

126 282 355 355 catoriam,
371 282 644 345 magicam),
669 279 796 330 lusus
807 318 818 339 ,
834 281 973 340 rixas,
993 280 1208 339 lotiones,
1222 282 1420 348 nuptias,
1444 302 1553 330 con-

125 370 258 430 vivia,
274 371 510 420 certamina
520 409 532 430 ‚
548 371 653 419 item
669 389 766 437 quae
782 370 838 418 iis
852 369 920 419 vel
933 369 1224 432 contingunt,
1239 369 1306 418 vel
1326 370 1550 428 accidunt,

125 470 203 508 aut
219 479 246 508 a
262 472 421 509 natura
438 460 608 509 tributa
622 471 748 517 sunt,
770 458 984 508 diluvium
995 497 1006 518 ,
1022 470 1212 526 pestem,
1235 458 1413 517 famem,
1432 478 1552 507 som-

124 566 256 607 num,
282 549 474 607 somnia,
499 557 828 615 paupertatem,
854 566 992 615 opum
1011 547 1352 605 abundantiam,
1373 547 1556 596 dilania-

125 636 295 686 tionem
313 674 326 696 ‚
367 636 710 704 discerptionem
741 636 1042 686 membrorum
1062 674 1074 695 ,
1098 636 1377 698 naufragium
1393 673 1404 695 ,
1437 635 1556 684 mille

123 725 280 774 mortis
298 744 470 789 genera.
496 725 674 774 Partem
690 724 836 773 adhuc
854 744 1001 774 rerum
1021 712 1322 792 expositarum
1339 726 1552 774 recensui.

122 812 358 863 Accedunt
373 814 492 863 enim
504 812 795 881 plurimarum
808 832 953 862 rerum
963 851 975 871 ,
995 832 1105 880 quas
1123 824 1167 862 et
1179 824 1335 862 natura
1351 814 1554 880 protulit,

121 912 168 949 et
195 913 431 968 poetarum
463 902 643 964 ingenia
675 901 923 960 finxerunt,
962 901 1305 968 descriptiones,
1332 893 1448 951 sedis
1473 922 1557 951 cae—

121 987 267 1048 lestis,
286 989 417 1053 regiae
430 988 550 1038 Solis
565 1009 666 1038 cum
685 1009 817 1038 curru
837 989 972 1037 solari
986 1002 1030 1036 et
1047 990 1175 1054 equis
1188 1028 1199 1046 ,
1224 989 1318 1038 eaeli
1334 990 1556 1049 stelliferi,

115 1076 389 1135 inferorum,
407 1077 722 1135 animantium,
742 1075 1019 1142 plantarum,
1038 1076 1283 1135 montium,
1298 1077 1556 1138 fluviorum,

122 1164 339 1225 fontium,
363 1177 599 1215 ventorum
622 1175 1036 1231 tempestatumque.
1074 1165 1224 1231 Atque
1246 1165 1339 1214 haec
1361 1168 1423 1216 ita
1442 1180 1559 1218 trac-

126 1264 218 1302 tata
251 1264 385 1312 sunt,
419 1265 473 1302 ut
502 1253 651 1302 omnia
672 1253 763 1301 fere
788 1253 895 1302 artis
917 1253 1147 1302 rhetoricae
1173 1266 1217 1302 et
1239 1255 1421 1321 poeticae
1443 1276 1559 1323 prae-

127 1353 255 1409 cepta
270 1341 482 1410 exemplis
500 1361 554 1392 ex
574 1342 661 1391 hoc
678 1361 809 1408 opere
830 1342 983 1409 petitis
999 1341 1213 1392 illustrari
1227 1345 1418 1410 possint.
1438 1347 1557 1394 Con-

128 1422 240 1480 tinet
263 1431 381 1481 enim
403 1432 679 1485 narrationes
695 1469 707 1490 ,
740 1431 988 1492 orationes,
1015 1433 1228 1500 epistolas
1243 1472 1254 1493 ,
1287 1434 1555 1502 soliloquia,

124 1519 377 1569 notationes
397 1539 572 1569 morum
585 1557 598 1579 ,
618 1520 940 1588 descriptiones
963 1521 1218 1582 hominum,
1239 1522 1461 1583 locorum,
1488 1545 1557 1574 re-

123 1628 223 1658 rum
241 1647 254 1669 ,
278 1609 467 1676 hymnos
484 1646 496 1669 ‚
528 1608 654 1659 lusus
683 1610 880 1674 ingenii,
919 1622 972 1659 ut
1005 1629 1178 1659 carmen
1200 1612 1484 1678 pastoritium
1512 1627 1557 1663 et

124 1703 510 1765 παρακλαυσίθυρον,
530 1699 895 1767 prosopopoeias,
923 1699 1237 1749 similitudines
1250 1738 1262 1758 ,
1287 1703 1528 1752 sententias
1543 1742 1555 1763 ,

125 1790 344 1848 acumina,
370 1789 535 1852 figuras
550 1789 703 1838 omnis
727 1789 915 1853 generis.
941 1791 1007 1839 Ea
1026 1809 1130 1838 vero
1151 1790 1411 1840 tractatione
1435 1812 1554 1847 nunc

122 1878 308 1943 jucundi
326 1891 371 1928 et
384 1879 523 1928 teneri
541 1898 698 1929 sensus
716 1878 764 1926 in
783 1878 931 1927 animo
948 1877 1136 1941 legentis
1152 1879 1413 1939 excitantur,
1435 1900 1555 1930 nunc

125 1965 475 2017 vehementiores
499 1967 697 2023 adfectus
722 1979 1071 2016 commoventur.

195 2056 378 2115 Restat,
414 2069 467 2105 ut
482 2057 572 2123 jam
601 2056 850 2115 videamuS,
878 2076 970 2123 quo
1010 2076 1218 2106 successu
1253 2057 1329 2107 illa
1365 2059 1556 2108 Ovidius

129 2145 416 2192 exornaverit.
445 2144 810 2194 Conformaverat
830 2145 1060 2208 ingenium
1083 2146 1139 2195 ad
1167 2148 1557 2213 praestantissimo-

125 2253 251 2293 rum,
277 2253 391 2302 quos
419 2235 585 2284 Graecia
603 2246 647 2284 et
669 2236 815 2284 Roma
835 2234 1053 2296 tulerant,
1078 2248 1312 2302 poetarum
1329 2238 1527 2305 exempla
1546 2259 1555 2298 3

125 2344 269 2392 neque
291 2325 400 2379 adeo
426 2326 588 2374 mirum
609 2338 698 2384 est,
722 2327 888 2393 passim
911 2345 1012 2375 eum
1030 2327 1209 2377 eosdem
1231 2329 1340 2377 etin
1362 2329 1556 2396 disposi-

126 2416 248 2465 tione
265 2435 413 2465 rerum
432 2417 759 2466 tractandarum
777 2429 822 2466 et
838 2418 887 2465 in
910 2418 1181 2466 ornamentis
1194 2418 1347 2467 multis
1362 2419 1556 2468 imitando

127 2504 406 2571 expressisse.
425 2503 553 2553 Pleni
569 2517 675 2553 sunt
690 2517 923 2572 poetarum
941 2506 1165 2573 principes
1178 2545 1190 2564 ,
1214 2507 1436 2556 Homerus
1454 2509 1556 2555 Vir-

129 2594 355 2662 giliusque
370 2632 382 2654 ,
417 2595 480 2644 sic
514 2596 631 2644 enim
677 2596 845 2645 Iliados
881 2608 926 2645 et
959 2596 1175 2645 AEneidos
1211 2598 1324 2646 ratio
1358 2598 1553 2659 ferebat,

126 2682 289 2750 praeliis
316 2683 624 2751 caedibusque,
646 2684 691 2732 in
715 2684 881 2750 quibus
897 2685 1172 2745 enarrandis,
1195 2705 1251 2734 ne
1271 2687 1448 2735 taedium
1468 2686 1556 2735 lec-
