1832 3100
410 239 1131 291 METAMORPHOSEON
1168 242 1299 285 LIB.
1339 241 1433 284 IV.

1555 240 1640 299 293

216 338 461 402 Sacrilegos
483 348 672 395 mactas3
697 333 1017 402 Tyrrhenaque
1040 332 1183 380 mittis
1205 332 1255 379 in
1280 350 1432 398 aequor

217 422 417 488 Corpora
436 439 446 468 ε
467 422 516 468 tu
538 419 743 484 bijugum
767 416 902 484 pictis
925 414 1119 478 insignia
1139 413 1276 462 frenis

215 503 342 555 Colla
360 494 524 571 'premis
544 501 722 570 lyncum
744 521 753 549 :
773 499 956 550 Bacchae
974 498 1207 565 Satyrique
1227 509 1501 564 sequuntur3
1596 510 1639 544 25

215 586 397 653 Quique
420 603 552 635 senex
571 582 718 634 ferula
742 583 986 632 titubantes
1006 581 1157 631 ebrius
1184 592 1307 629 artus

213 668 440 726 Sustinet,
463 679 540 716 aut
561 665 711 734 pando
735 685 830 714 non
851 664 1027 713 fortiter
1046 663 1183 712 haeret
1199 661 1350 711 asello.

214 750 509 816 Quacumque
533 748 778 813 ingrederis
793 786 805 808 ‚
834 747 1001 796 clamor
1017 745 1224 812 juvenilis
1241 782 1253 803 ‚
1280 756 1324 794 et
1345 763 1436 792 una

211 832 427 882 Femineae
444 851 574 881 voces
589 870 601 891 ‚
626 830 906 899 impulsaque
928 843 1137 898 tympana
1157 827 1318 896 palmis
1338 865 1350 885 ,

216 915 508 982 Concavaque
532 934 616 964 aera
637 926 819 974 sonant,
843 913 1068 980 longoque
1093 911 1308 960 foramine
1335 910 1499 958 buxus.
1601 924 1645 956 30

211 1045 269 1082 chi
283 1046 438 1082 nutrices
454 1060 536 1082 cum
553 1049 692 1092 bipenni
710 1046 898 1093 persequi-

212 1104 272 1133 tur
282 1125 290 1140 ‚
309 1111 458 1144 eamque
474 1100 520 1134 ob
534 1111 673 1134 causam
691 1112 710 1133 a
726 1099 816 1133 Jove
838 1111 899 1132 ex-

213 1158 375 1194 caecatur3
387 1151 483 1196 juxta
494 1151 680 1199 Hyginum
686 1163 899 1196 vero,quum

210 1202 391 1238 Bacchum
408 1202 453 1238 de
468 1216 580 1249 regno
602 1204 752 1249 fugasset
766 1230 776 1247 ‚
801 1217 898 1250 pan—

212 1252 323 1288 theris
332 1253 496 1299 objicitur
505 1255 547 1290 ab
557 1254 685 1290 eodem
698 1255 790 1299 Deo,
802 1261 897 1301 post-

215 1318 323 1351 quam
339 1307 474 1343 insania
490 1316 671 1355 correptus
687 1321 835 1344 uxorem
861 1316 898 1344 et

213 1358 329 1394 filium
347 1360 581 1397 interfecerat.
604 1363 804 1407 Bipennt'fi’r
825 1375 897 1397 vo—

215 1418 316 1447 catur
330 1412 439 1447 etiam
455 1413 491 1446 V
507 1414 614 1450 Trist.
635 1425 701 1459 111,
720 1415 773 1463 39.
794 1416 899 1450 Secu-

213 1467 311 1508 riget,
320 1464 445 1500 Senec.
458 1465 692 1512 OEdip-versu
702 1469 777 1513 471.
790 1467 897 1513 Apud

214 1517 420 1552 Homerum
430 1518 463 1554 d.
473 1519 495 1555 1,
504 1520 572 1554 sert
584 1525 742 1565 βουπλῆγα
753 1546 762 1564 ,
780 1520 874 1566 quod
886 1547 895 1564 ,

212 1568 407 1615 interprete
432 1570 592 1607 Eustath.
624 1585 735 1617 genus
767 1573 897 1607 securis

213 1620 408 1666 significat,
444 1634 515 1666 quo
537 1622 630 1657 tauri
661 1622 772 1658 occidi
797 1622 897 1657 sole-

212 1672 315 1708 bant:
330 1674 468 1719 Βουέλὴξ
480 1679 543 1710 δι’...
553 1677 673 1714 πέλεκυς
687 1677 758 1718 βοὸς
774 1675 899 1725 ἀναιρε-

211 1728 303 1766 ταός.
335 1745 382 1753 -
410 1728 601 1772 Sacrile'gos
614 1755 623 1770 ,
657 1735 898 1763 contemtores

211 1790 393 1813 sacrorum
421 1786 459 1814 et
489 1779 680 1815 insolentes
709 1781 747 1815 in
773 1781 896 1816 Deum

209 1829 338 1876 ipsum.
351 1850 397 1858 ·-
418 1833 590 1879 Tyrrhena
606 1845 764 1877 corpora,
794 1833 896 1881 Tyr—

211 1882 354 1920 rhenos.
385 1885 443 1920 111
472 1886 565 1920 Fast.
597 1887 659 1932 7²3
674 1912 684 1930 ‚
725 1888 898 1933 Tyrrhena

211 1941 372 1972 monstra.
386 1956 432 1964 —
449 1939 567 1973 Frenis
575 1942 683 1982 piclts
694 1965 704 1980 ,
728 1950 814 1973 auro
831 1952 895 1974 ar-

212 1997 390 2036 gentoque
408 1990 589 2025 distinctis.

256 2043 312 2076 25.
329 2043 427 2077 Colla
436 2045 579 2086 premis,
602 2042 731 2077 scilicet
747 2043 842 2088 jugo.
853 2061 898 2069 —

214 2093 348 2140 lynces
358 2093 456 2128 :vide
469 2093 512 2128 ad
525 2094 601 2134 ΙΙΙ,
618 2094 694 2130 668.
707 2113 752 2122 -
763 2096 896 2141 Satyri,

212 2145 376 2192 perpetui
392 2152 428 2180 et
445 2145 566 2180 fideles
581 2146 709 2181 Bacchi
726 2147 871 2183 comites
888 2161 897 2183 :

213 2196 294 2232 vide
311 2197 365 2232 XI
378 2223 388 2240 ,
406 2199 471 2245 89;
499 2197 605 2232 Trist.
625 2198 672 2242 V,
690 2209 757 2243 111,
784 2199 838 2245 37.
854 2217 898 2226 —-

214 2249 423 2296 Sagrrinihil
433 2248 525 2284 aliud
532 2249 687 2285 hominis
695 2263 801 2296 quam
811 2251 898 2297 figu-

213 2315 293 2337 ram
308 2301 451 2337 habent.
477 2302 521 2337 In
543 2301 726 2348 AEthiopia
747 2316 899 2339 nascun-

212 2360 292 2398 tur,
312 2353 457 2388 aduncis
482 2354 642 2398 naribus,
666 2368 787 2401 aspera
809 2368 897 2391 cor-

212 2407 316 2443 nibus
341 2407 482 2451 fronte,
508 2408 614 2453 pedes
640 2409 801 2455 caprinos
824 2409 897 2445 ha-

213 2461 348 2496 bentes.
369 2460 520 2495 Illorum
543 2462 727 2497 saltatione
748 2475 787 2498 ac
811 2463 897 2509 jocis

214 2519 251 2549 et
265 2513 338 2548 risu
348 2513 542 2558 plurimum
557 2515 795 2550 oblectabatur
806 2516 897 2551 Bac-

213 2565 311 2603 chus.
327 2568 394 2601 Ed.
404 2567 578 2610 —Senex,
588 2568 729 2603 Silenus
740 2595 750 2613 ,
768 2569 897 2604 Bacchi

213 2626 410 2666 praeceptor
424 2627 461 2655 et
482 2628 671 2667 perpetuus
694 2635 823 2658 comes.
852 2623 896 2658 In

214 2673 458 2708 monumentis
471 2674 623 2719 antiquis
637 2675 692 2710 vel
707 2676 817 2710 serula
832 2676 897 2711 ni—

215 2731 314 2769 tens,
330 2724 385 2759 vel
410 2724 507 2760 asino
527 2725 680 2761 insidens
694 2739 896 2772 repraesen-

215 2783 310 2813 tatur
325 2791 334 2813 :
350 2777 428 2814 vide
447 2778 607 2815 Perizon.
624 2779 667 2815 ad
685 2779 867 2815 AElianum
885 2806 896 2824 ‚

965 1044 1011 1079 V.
1032 1045 1080 1080 H.
1104 1044 1182 1085 ΙΙΙ,
1206 1043 1265 1086 183
1283 1042 1343 1078 ubi
1358 1055 1401 1077 ex
1416 1048 1567 1087 utroque
1589 1054 1647 1086 ge-

963 1110 1049 1132 nere
1063 1109 1223 1144 gemmae.
1233 1115 1278 1122 —
1289 1098 1424 1136 FeruJa,
1438 1096 1551 1143 νάρθηξ
1561 1119 1570 1137 ,
1588 1094 1649 1128 ba-

963 1151 1062 1187 culus
1078 1151 1250 1196 oblongus
1260 1176 1270 1194 ,
1286 1162 1388 1184 cavus
1398 1155 1434 1184 et
1445 1146 1648 1193 recipiendo

962 1204 1036 1250 igni
1053 1210 1171 1249 aptus,
1193 1215 1264 1249 quo
1288 1203 1325 1237 in
1344 1201 1465 1247 primis
1491 1199 1647 1235 Bacchus

963 1263 1000 1291 et
1015 1255 1169 1291 ministri
1191 1255 1266 1300 ejus
1291 1254 1342 1289 uti
1359 1253 1518 1288 solebant
1535 1266 1544 1294 ;
1567 1250 1647 1285 vide

963 1308 1109 1343 Barnes.
1126 1306 1170 1341 ad
1183 1306 1305 1351 Eurip.
1324 1304 1449 1340 Bacch.
1466 1317 1556 1339 vers.
1571 1304 1645 1348 147,

962 1367 999 1395 et
1011 1361 1172 1396 Perizon.
1184 1359 1216 1394 d.
1229 1360 1250 1394 l.
1261 1386 1270 1403 ‚
1284 1359 1344 1393 ubi
1363 1359 1438 1404 ejus
1452 1357 1582 1403 species
1593 1368 1647 1390 ex-

962 1425 1088 1458 pressa.
1104 1413 1266 1448 Imitatus
1285 1412 1457 1447 Nostrum
1473 1415 1525 1444 est
1545 1407 1649 1443 Clau·

961 1466 1087 1501 dianus
1099 1493 1108 1510 ‚
1140 1466 1244 1511 Rapt.
1264 1465 1362 1500 Pros.
1382 1464 1399 1499 1
1413 1490 1422 1507 ‚
1455 1475 1495 1510 ¹9
1512 1475 1520 1496 :
1538 1463 1646 1496 Ebria

962 1521 1120 1554 Maeonit’s
1124 1519 1237 1564 sulcis
1246 1521 1391 1562 vesltjgz'a
1403 1519 1540 1563 thyrsis.
1548 1515 1648 1560 Virg.

962 1573 1106 1608 AEneid.
1122 1573 1178 1608 ΙΙΙ
1192 1598 1201 1616 ,
1216 1573 1283 1619 659
1304 1585 1313 1606 2
1334 1576 1455 1605 {runca
1459 1573 1562 1614 pinus
1571 1582 1650 1604 ves-

960 1626 1235 1668 lt‘ffl'afirmafi—
1251 1623 1360 1657 Arlus
1370 1649 1377 1662 ‚
1397 1621 1513 1668 pedes.
1524 1622 1651 1655 —Aut

954 1677 1072 1721 pando
1082 1689 1094 1720 ,·
1106 1680 1182 1717 aul,
1204 1688 1269 1721 pro
1278 1679 1328 1717 el,
1347 1674 1428 1709 dedi
1442 1687 1524 1709 cum
1533 1674 1649 1720 primo

961 1737 998 1764 et
1007 1729 1163 1765 secundo
1176 1729 1323 1764 Palatia.
1335 1755 1344 1772 ,
1362 1728 1468 1763 tertio
1479 1734 1648 1773 etquarto

962 1781 1094 1816 Medic.
1111 1781 1297 1821 Urbinate,
1310 1779 1454 1824 aliisque
1466 1777 1648 1814 nonnuliis

961 1833 1175 1868 melioribus.
1185 1851 1229 1859 ·—
1239 1831 1361 1867 Nostri
1375 1831 1525 1865 Codices
1544 1830 1646 1876 Regii

961 1886 1093 1921 habent
1115 1890 1158 1920 et.
1179 1903 1223 1911 -—
1249 1886 1325 1926 Mon
1343 1884 1486 1928 sorliler
1505 1885 1645 1923 herere,

960 1950 1034 1971 non
1054 1936 1205 1971 firmiter
1220 1935 1383 1970 insidere.
1402 1933 1476 1969 Cic.
1497 1948 1562 1980 pro
1578 1934 1648 1972 De-

961 1989 1023 2034 jot.
1045 2001 1085 2022 10
1107 2001 1115 2022 :
1150 1990 1220 2022 Vix
1243 1989 1364 2021 haerere
1388 1990 1424 2021 in
1442 2000 1525 2032 equo
1546 1999 1650 2021 senex

955 2046 1099 2086 poterat.
1112 2041 1254 2076 Silenus
1268 2040 1365 2075 asino
1381 2040 1517 2076 haerens
1526 2040 1563 2074 in
1573 2052 1648 2074 mo-

962 2093 1143 2129 numentis
1159 2100 1303 2128 tenetur
1319 2105 1339 2132 a
1358 2093 1494 2128 Fauno.

1019 2147 1072 2182 30.
1104 2148 1325 2191 Concavaque
1356 2158 1424 2179 oera
1443 2172 1452 2186 ‚
1490 2145 1648 2193 cymbala

962 2211 1062 2234 aerea.
1097 2200 1164 2233 Ed.
1193 2215 1237 2224 —
1274 2198 1455 2242 longoque
1474 2197 1650 2241 foramine

961 2255 1080 2287 buxus.
1097 2251 1314 2297 Periphrasis
1332 2258 1384 2286 est
1400 2251 1493 2285 tibiae
1508 2263 1587 2297 quae
1605 2264 1645 2285 ex

959 2305 1052 2340 buxo
1069 2304 1146 2340 fieri
1158 2304 1256 2339 solet.
1273 2305 1341 2339 Ed.
1356 2322 1402 2329 —-
1413 2303 1645 2349 longosom—

960 2361 1049 2393 mine
1064 2357 1308 2404 explicandum
1327 2383 1336 2400 ,
1353 2357 1458 2402 longa
1474 2356 1562 2390 serie
1580 2356 1642 2390 so·-

961 2410 1141 2445 raminum
1151 2436 1160 2453 ,
1174 2408 1304 2443 docent
1319 2409 1449 2444 Noster
1459 2407 1549 2450 XII,
1570 2407 1643 2449 158,

960 2467 1099 2508 longave
1117 2461 1415 2508 mullffori...lllbia
1430 2463 1533 2503 mxxi,-
1558 2461 1645 2496 Ho-

961 2517 1068 2551 ratius
1089 2516 1195 2551 etiam
1210 2542 1220 2559 ,
1239 2515 1316 2550 Art.
1334 2515 1375 2557 P«.
1389 2515 1453 2548 203
1464 2540 1474 2557 ,
1493 2515 1579 2548 tibia
1595 2519 1647 2548 le-

960 2571 1038 2603 nuis
1059 2570 1264 2611 simplexque
1270 2566 1444 2611 sot-amine
1451 2579 1564 2610 pauco
1579 2579 1590 2609 ;
1609 2574 1645 2600 et

962 2620 1084 2665 Virgil.
1095 2620 1167 2665 qui,
1182 2618 1325 2654 AEneid.
1336 2619 1389 2654 IX
1400 2646 1410 2663 ,
1427 2619 1493 2655 618
1505 2646 1514 2662 ,
1534 2618 1645 2667 Phry-

961 2674 1023 2719 giae
1035 2673 1126 2708 tibiae
1138 2672 1278 2716 blsorem
1290 2678 1424 2709 cantum
1434 2674 1565 2710 tribuit.
1579 2676 1646 2709 Ed.

961 2745 1005 2752 -
1020 2725 1188 2760 Heinsius
1199 2726 1419 2772 conjecturat
1432 2739 1580 2771 uncoque
1580 2726 1645 2769 fo-

960 2781 1088 2814 romine
1101 2806 1110 2822 ,
1144 2778 1240 2824 quod
1265 2779 1378 2815 multo
1406 2779 1527 2815 durius
1553 2779 1647 2813 soret
