1832 3100
325 221 1047 273 METAMORPHOSEON
1084 222 1220 267 LIB.
1261 224 1333 268 II.

1467 226 1548 283 189

129 322 262 383 Ales,
282 333 336 371 ut
356 332 549 388 aequaret
570 329 686 368 totas
710 318 804 367 sine
828 316 928 366 labe
952 316 1180 365 columbas
1198 335 1208 375 ;

128 407 221 455 Nec
245 403 481 454 servaturis
502 401 626 465 vigili
650 398 871 467 Capitolia
890 417 998 447 voce

130 486 317 537 Cederet
335 485 588 543 anseribus3
610 503 693 533 nec
715 482 879 532 amanti
901 480 1083 530 flumina
1105 497 1258 547 cycno.

130 569 303 633 Lingua
322 567 410 619 fuit
431 567 592 616 damno
613 586 622 615 :
642 565 793 629 lingua
813 564 998 614 faciente
1020 562 1224 630 loquaci,
1490 575 1556 621 540

132 651 218 703 Cui
240 650 366 700 color
387 649 515 700 albus
539 661 656 709 erat,
679 667 799 697 nunc
823 660 891 697 est
911 646 1157 696 contrarius
1182 644 1298 694 albu.

196 732 434 783 Pulchrior
454 733 502 781 in
523 744 638 791 tota,
666 749 798 798 quam
819 730 1031 778 Larissaea
1054 727 1268 786 Coronis,

132 817 238 866 Non
259 815 347 864 fuit
368 814 623 864 Haemonia:
645 812 816 881 placuit
838 811 947 870 tibi,
970 809 1188 877 Delphice
1203 847 1216 869 ‚
1241 820 1355 858 certe
1369 845 1382 866 ‚
1406 838 1414 848 -

135 899 258 948 Dum
274 897 342 948 vel
365 895 484 947 casta
507 896 614 955 fuit,
635 895 704 945 vel
728 895 1010 944 inobservata
1031 913 1041 941 ε
1067 891 1147 941 sed
1171 891 1259 940 ales

138 981 287 1031 Sensit
307 979 574 1030 adulterium
596 976 860 1034 Phoebeius3
886 988 1026 1042 utque
1047 974 1257 1023 latentem

1495 985 1564 1031 545

138 1065 376 1128 Detegeret
399 1062 576 1130 culpam
598 1081 692 1110 non
716 1059 956 1110 exorabilis
974 1058 1106 1107 index
1122 1095 1135 1117 ,

140 1147 215 1197 Ad
235 1147 467 1196 dominum
486 1144 698 1195 tendebat
720 1144 832 1201 iter;
859 1161 990 1209 quem
1011 1139 1185 1204 garrula
1203 1139 1339 1187 motis

143 1229 448 1297 Consequitur
470 1227 656 1296 pennis,
681 1226 866 1276 scitetur
883 1237 936 1273 ut
960 1223 1107 1272 omnia
1131 1221 1297 1271 cornix.

190 1389 265 1436 537.
281 1390 360 1424 Sim·
368 1391 454 1424 labe.
470 1388 556 1424 Sine
572 1388 708 1424 macula
723 1388 825 1435 nigra

146 1448 206 1476 aut
212 1443 303 1477 alius
310 1443 443 1476 coloris.
451 1440 629 1476 Schirach.
638 1441 713 1476 sine
721 1453 824 1475 causa

145 1499 237 1531 totas
250 1495 381 1531 mutari
395 1495 533 1530 volebat
547 1494 585 1529 in
606 1499 705 1529 tolus.
729 1493 824 1528 Ete-

146 1546 223 1581 nim
245 1550 337 1582 totas
362 1549 438 1581 sine
463 1548 542 1580 labe
553 1573 562 1587 ‚
587 1557 665 1591 quae
689 1545 726 1580 in
748 1552 824 1579 toto

145 1611 292 1645 corpore
315 1598 451 1634 nullam
471 1598 645 1634 maculam
667 1597 800 1632 habent
812 1623 822 1642 ,

144 1649 395 1698 significantius
404 1657 457 1686 est
465 1650 669 1696 conjectura
677 1650 744 1684 illa.
766 1650 824 1685 De

145 1705 319 1739 aasen'bas
341 1709 500 1749 tempore
522 1702 649 1738 Manlii
671 1702 824 1748 Capito—

145 1755 234 1790 lium
258 1755 474 1791 servantibus
491 1782 502 1800 ,
534 1754 826 1790 adscendentibus

148 1806 274 1852 Gallis,
290 1820 347 1843 res
363 1814 449 1843 nota
460 1821 479 1842 e
491 1807 591 1842 Livio
603 1808 651 1850 V,
665 1809 717 1853 47.
729 1807 826 1842 Hinc

147 1859 288 1898 Lucret-
304 1858 359 1895 IV
371 1885 382 1906 ,
400 1859 464 1906 687
482 1872 492 1894 :
508 1861 762 1895 Romulidarum
774 1873 827 1894 ar-

147 1917 200 1949 cis
211 1918 376 1955 servator,
396 1915 563 1949 candidus
578 1926 696 1954 anser,
719 1925 827 1958 quem

149 1966 268 2002 locum
278 1967 408 2003 Noster
418 1965 512 2001 haud
528 1965 633 2000 dubie
651 1972 731 2000 ante
748 1978 828 2000 ocu-

150 2018 202 2054 los
214 2018 347 2054 habuit.
369 2016 534 2054 Jucunde
549 2024 668 2052 autem
684 2016 747 2051 hos
763 2028 829 2050 no-

151 2071 299 2106 minavit
313 2077 378 2116 pm
389 2071 565 2104 anseribus
581 2069 618 2103 in
636 2081 774 2114 genere.
784 2085 829 2095 —-

152 2125 342 2168 loquacem
361 2124 510 2166 linguam
524 2121 630 2156 etiam
647 2127 757 2166 poetae
772 2120 829 2155 hic

154 2174 362 2218 observabis,
370 2174 397 2209 si
407 2172 595 2208 attenderis
605 2172 646 2208 ad
653 2173 722 2217 illa,
731 2186 829 2217 quum

153 2229 320 2263 candidus
335 2231 414 2261 ante
419 2226 555 2271 fuisses
556 2250 630 2261 .......
635 2225 714 2270 suit
724 2228 830 2260 m'm's

152 2285 310 2326 argentea
322 2282 445 2324 pennis
459 2282 585 2314 ales.....
599 2283 660 2313 cui
669 2281 763 2313 color
774 2280 830 2312 al-

152 2335 216 2368 bus
222 2333 546 2367 eran—Contrarias
554 2344 616 2366 seu
625 2331 726 2377 niger
734 2331 831 2366 color

152 2386 236 2422 inde
263 2386 376 2421 dictus
399 2392 451 2420 est
476 2388 631 2420 corvinus
646 2412 655 2427 ,
689 2391 725 2419 et
749 2388 832 2436 κόρον

154 2437 286 2474 Graecis
302 2445 354 2473 est
367 2440 472 2482 μέλαν.
487 2437 611 2472 Bur-m.

199 2492 275 2534 542.
297 2491 475 2525 Pulchrior
492 2496 557 2525 etc.
567 2483 574 2495 ι
584 2492 746 2539 Ιμερέεσσα
761 2496 833 2526 Κο-

173 2549 243 2583 ωνὶς
253 2543 382 2579 dicitur
393 2542 432 2576 in
442 2541 582 2577 oraculo
593 2542 729 2590 Pythiae
740 2541 832 2588 apud

154 2562 367 2632 §ausaniam
383 2621 393 2639 ,
416 2607 449 2640 p.
470 2607 542 2640 ¹⁸7¹·
567 2612 611 2622 --
630 2597 739 2637 Quam
759 2596 834 2629 La·-

120 2677 123 2687 ,
154 2651 272 2683 νιὶςεεα
289 2648 440 2682 Coronis.
459 2645 607 2680 Codices
621 2646 753 2688 nostri,
771 2658 834 2691 quo

157 2696 374 2746 (quondam)
399 2700 542 2733 Larissa
569 2698 718 2732 Coronis.
743 2696 834 2731 Duae

156 2752 303 2788 suerunt
320 2749 516 2786 Coronides
527 2776 538 2796 ,
562 2762 714 2796 quarum
728 2749 836 2785 altera

888 1384 931 1419 ab
949 1383 1113 1430 Apolline
1127 1408 1137 1426 ,
1162 1380 1270 1416 altera
1284 1393 1303 1415 a
1319 1380 1488 1426 Neptuno
1502 1382 1569 1418 fuit

888 1436 1058 1471 adamata.
1074 1436 1141 1469 Ed.

932 1488 1007 1532 543.
1023 1489 1216 1527 Harmonia,
1233 1485 1410 1520 Thessalia
1427 1485 1513 1532 (vid.
1525 1486 1570 1521 ad

888 1541 925 1584 I,
945 1538 1046 1586 568),
1065 1539 1164 1584 cujus
1180 1538 1263 1573 urbs
1280 1537 1491 1573 nobilissima
1503 1540 1571 1573 La-

887 1597 978 1628 tissa
1001 1591 1044 1628 ad
1068 1593 1230 1628 Peneum
1255 1593 1409 1626 amnem.
1436 1591 1571 1627 Omnia

888 1648 925 1682 in
936 1647 1001 1682 hac
1011 1646 1079 1681 sah.
1093 1659 1134 1681 ex
1148 1645 1295 1680 Arcadia
1312 1645 1475 1681 translata
1486 1654 1571 1682 sunt

888 1699 926 1734 in
951 1698 1177 1734 Thessaliam.
1197 1697 1289 1733 Vide
1308 1698 1506 1733 Burmann.
1526 1699 1572 1734 ad

889 1766 977 1788 vers.
996 1754 1061 1800 599
1079 1759 1115 1787 et
1135 1751 1320 1799 Heynium
1339 1751 1383 1786 ad
1408 1751 1572 1798 Apollod.

891 1805 925 1840 d.
940 1805 1017 1840 1.-
1028 1806 1133 1839 Casta
1144 1831 1152 1845 ‚
1173 1815 1250 1849 quae
1265 1817 1340 1838 non
1357 1817 1435 1838 rem
1451 1804 1573 1842 habuit

890 1869 973 1892 cum
989 1855 1056 1890 alio
1075 1862 1203 1901 praeter
1217 1855 1431 1901 Apollinem.

936 1909 1011 1951 545.
1041 1907 1153 1940 Sensit
1175 1908 1384 1940 adulterium.
1413 1905 1574 1944 Corvum

893 1958 1021 2003 Apollo
1045 1956 1227 1992 custodem
1249 1956 1430 1992 addiderat
1457 1957 1574 1994 Coro-

893 2010 968 2054 nidi
980 2035 990 2053 ,
1008 2022 1054 2044 ne
1073 2009 1150 2054 quis
1166 2021 1246 2043 eam
1261 2008 1415 2044 violaret.
1439 2010 1574 2058 Hygin.

892 2082 938 2091 ·—-
957 2065 1134 2098 Pha-beius
1157 2065 1254 2106 ales3
1281 2074 1406 2098 corvus
1429 2073 1575 2110 propter

894 2117 1038 2163 auguria
1050 2143 1060 2160 ,
1074 2116 1234 2151 vaticinia
1244 2142 1253 2160 ,
1268 2117 1430 2163 praesagia
1442 2145 1451 2159 ,
1468 2118 1575 2165 Apol-

892 2169 956 2204 lini
972 2181 1078 2204 sacer.
1093 2170 1160 2203 Ed.
1175 2187 1220 2194 —
1234 2169 1381 2203 Tendere
1395 2172 1474 2212 iter,
1496 2184 1575 2206 cur-

892 2234 966 2257 sum
975 2221 1110 2267 ,sugam
1119 2248 1127 2263 ,
1142 2221 1282 2267 phrases
1290 2222 1464 2259 solemnes
1475 2239 1483 2266 ;
1496 2226 1574 2260 sub-

894 2273 1158 2320 intelligendam
1181 2286 1252 2309 esse
1269 2274 1306 2308 in
1322 2273 1376 2309 his
1397 2278 1574 2322 praeposit.

889 2341 953 2373 per
960 2354 969 2369 ‚
987 2334 1110 2362 monet
1120 2326 1330 2362 Perizon.ad
1339 2327 1471 2363 Sanctii
1482 2330 1574 2366 Min.

896 2379 912 2414 Ι
918 2379 952 2414 11
962 2405 972 2423 ,
986 2389 1032 2413 111
1043 2404 1052 2422 ‚
1066 2392 1098 2423 p.
1112 2378 1188 2413 305.
1199 2378 1378 2413 Drakenb.
1390 2379 1433 2413 ad
1446 2380 1506 2415 Sil.
1519 2382 1551 2415 X
1563 2407 1574 2426 ,

898 2430 952 2475 73,
969 2430 1126 2475 explicat,
1139 2430 1290 2464 celerare
1305 2443 1457 2464 cursum.
1475 2431 1576 2466 Cele-

896 2482 1007 2517 ritatis
1017 2482 1117 2516 notio
1123 2483 1229 2516 etiam
1240 2483 1375 2517 inestin
1387 2487 1487 2518 motis
1498 2487 1578 2520 alis.

897 2539 1091 2572 —Scilelur
1099 2541 1264 2577 ulomaiu,
1276 2537 1416 2572 Garruli
1430 2539 1527 2574 enim
1541 2546 1577 2575 et

897 2591 1022 2626 curiosi
1034 2597 1116 2624 sunt
1127 2603 1248 2624 rerum
1259 2591 1453 2626 alienarum
1471 2606 1479 2627 :
1494 2607 1578 2638 gar-

898 2646 974 2678 rula
982 2646 1107 2682 corruit,
1127 2645 1274 2692 λακέρυζα
1286 2646 1412 2693 nepai-uti,
1430 2645 1577 2680 Hesiod-

897 2693 971 2742 Εργ.
988 2707 1074 2730 vers.
1089 2696 1148 2741 747
1160 2709 1168 2736 ;
1181 2695 1357 2742 Aristoph.
1374 2697 1474 2732 Avib.
1489 2712 1576 2734 vers.

899 2750 921 2784 5
928 2761 976 2784 ιο.
983 2749 1080 2785 Hine
1090 2749 1315 2794 proverbium
1326 2750 1410 2785 illud
1421 2756 1578 2803 λαλῖς-ερας
