1832 3100
323 228 1016 278 METAMORPHOSEON
1053 231 1184 275 LIB.
1225 233 1296 275 ΙΙ.

1446 230 1526 273 155

104 329 167 377 Ut
186 346 290 376 vero
311 345 485 375 summo
505 323 707 392 despexit
729 323 784 372 ab
808 323 967 372 aethere
993 334 1130 372 terras

103 403 262 455 Infelix
282 403 542 469 Phaethon,
565 403 746 470 penitus
770 402 1039 470 penitusque
1061 402 1279 467 jacentes;

104 481 288 541 Palluit,
313 494 357 531 et
379 482 531 531 subito
554 500 697 545 genua
718 481 984 530 intremuere
1007 481 1165 528 timore
1183 499 1193 537 ;

1471 495 1533 528 180

102 566 306 633 Suntque
328 553 469 615 oculis
493 566 686 614 tenebrae
705 584 786 633 per
807 576 980 613 tantum
1003 563 1152 613 lumen
1177 563 1361 611 obortae.

102 650 165 699 Et
182 649 272 716 jam
294 649 444 699 mallet
464 669 606 717 equos
627 669 858 716 nunquam
881 647 1077 712 tetigisse
1099 659 1311 715 paternos
1330 666 1340 704 ;

102 733 292 809 Jamque
313 746 498 796 agnosse
522 751 660 796 genus
683 731 824 799 piget,
855 742 899 780 et
919 729 1107 780 valuisse
1129 728 1331 793 rogando
1351 747 1362 776 ε

101 816 203 864 Jam
227 814 537 882 Meropisdici
559 814 742 881 cupiens
757 852 768 872 ‚
793 813 855 862 ita
874 813 1034 871 fertur,
1059 825 1112 861 ut
1134 823 1230 862 acta

104 898 328 967 Praecipiti
351 899 486 966 pinus
505 899 651 947 Borea
665 936 677 957 ‚
699 897 771 947 cui
792 897 907 947 victa
930 897 1103 947 remisit

104 1044 166 1067 ror
173 1031 293 1079 igitur,
304 1032 454 1068 Heinsio
468 1032 605 1079 placere
620 1032 786 1079 potuisse,

63 1126 74 1131 Α
103 1086 307 1127 trahebat,-
333 1097 418 1119 nam
443 1087 572 1119 Irahere
601 1085 718 1131 potius
736 1091 788 1119 est

105 1142 332 1172 cunctantem
339 1149 421 1172 cum
427 1137 461 1171 vi
470 1149 590 1172 secum
602 1134 788 1180 abducere,

108 1189 203 1235 quod
221 1190 263 1224 ab
279 1190 315 1224 h.
329 1190 350 1225 Ι.
369 1197 421 1225 est
441 1189 702 1225 alienissimum.

156 1242 228 1287 178.
259 1242 308 1275 Ut
326 1255 405 1276 vero
420 1255 548 1277 summo
561 1270 570 1284 ,
598 1249 662 1278 etc.
682 1242 792 1277 Novae

108 1293 280 1329 accedunt
288 1294 562 1340 perturbationis
575 1307 685 1330 causae
702 1307 710 1328 ε
724 1293 795 1328 Lu-

109 1345 198 1382 ciau.
224 1345 258 1381 d.
281 1346 303 1382 l.
327 1349 473 1393 ἔκικύψας
504 1350 531 1387 ἒς
556 1348 648 1393 βάθος
682 1348 796 1392 ἀχανὲς

112 1401 271 1445 ἕξει-λέγῃ.

158 1466 230 1501 ¹79·
262 1454 406 1489 Pennus
418 1481 428 1495 ,
458 1454 644 1500 profunde.
675 1455 771 1490 Mela
783 1481 793 1499 ,

111 1505 148 1541 II
158 1531 168 1549 ‚
191 1519 205 1540 1
225 1518 234 1541 :
249 1507 484 1541 Aurum-tem
490 1510 627 1551 penitus
638 1511 795 1550 egestum.

112 1557 232 1593 Etiam
248 1558 370 1602 jacere
389 1557 578 1594 notionem
602 1558 797 1604 profundi-

111 1610 191 1646 tatis
206 1609 349 1656 adjuvat
359 1636 370 1654 ,
391 1618 432 1646 ut
447 1611 539 1647 VIII
551 1638 561 1655 ,
582 1613 656 1657 7⁵⁰·
672 1629 717 1638 —
732 1613 798 1646 Pe-

110 1666 203 1699 nitus
211 1666 421 1708 penitusque.
447 1664 530 1699 Hoc
555 1670 608 1698 est
621 1663 720 1699 vaide
736 1663 798 1698 de-

111 1728 245 1762 pressas
261 1728 300 1751 ac
317 1715 421 1762 longe
434 1729 454 1750 a
466 1729 502 1751 se
517 1723 671 1751 remotas
685 1731 694 1758 ;
713 1728 798 1751 nam

112 1768 331 1814 geminatum
362 1767 447 1803 illud
481 1767 688 1803 adverbium
721 1768 798 1802 im·-

111 1832 278 1856 mensum
288 1820 512 1856 intervalium
523 1820 696 1867 significat
705 1821 739 1855 in
745 1827 800 1855 ter

113 1873 238 1909 celum
250 1880 287 1908 et
299 1880 411 1908 terras
420 1899 430 1918 ,
449 1879 487 1908 et
500 1873 583 1908 facit
594 1873 690 1908 idem
705 1873 800 1919 quod

112 1925 276 1972 repetitio
303 1925 343 1960 in
370 1925 448 1960 loco
473 1925 579 1960 citato
596 1935 605 1957 t
621 1926 714 1960 Silua
736 1928 799 1960 sub

114 1981 180 2014 hac
195 2005 205 2019 ‚
234 1981 323 2012 silea
341 1982 467 2023 quanto
486 1978 589 2022 jacet
611 1979 713 2012 herba
740 1980 802 2012 sub

113 2035 214 2067 omni.
243 2031 338 2066 Edit.
371 2050 418 2058 —-
443 2033 615 2067 Jacenles.
643 2031 801 2066 Florent-

116 2084 258 2119 Thuan.
287 2083 456 2119 Cantabr.
472 2097 540 2119 sec.
563 2083 714 2118 Palatin.
733 2097 800 2118 sec.

116 2134 248 2170 Medic.
260 2161 270 2179 ,
288 2139 488 2180 penitusque
495 2139 662 2180 patentes.

164 2188 238 2222 181.
259 2188 406 2233 &nique
429 2190 540 2222 oculaetr
565 2194 630 2222 etc.
655 2186 804 2222 Fallitur

118 2239 268 2274 Fan-nab.
289 2251 402 2284 quum
414 2238 452 2274 in
465 2239 519 2275 his
529 2240 642 2275 verbis
653 2240 805 2291 ἐξύμωροὶ

117 2291 253 2337 querit.
271 2291 364 2327 Satis
380 2291 479 2327 enim
496 2299 655 2336 constat,
681 2299 717 2327 et
735 2305 803 2327 ex-

116 2345 208 2390 perti
231 2345 359 2380 scimus
384 2358 532 2389 omnes,
566 2346 719 2380 nimium
746 2346 804 2381 lu-

117 2411 202 2433 men
219 2397 383 2434 hebetare
399 2399 585 2434 oculorum
603 2400 725 2435 aciem.

165 2450 237 2485 183.
258 2453 403 2496 Jamque
417 2464 571 2496 agnosse.
590 2453 713 2488 Heins.
731 2453 804 2488 ‹le--v

118 2502 170 2537 dit
181 2516 200 2537 e
213 2502 416 2538 metioribus
427 2517 491 2550 pro
503 2531 513 2548 ,
534 2507 617 2539 Jam
631 2514 805 2550 cognossea

118 2573 163 2581 -
180 2553 271 2590 Cod.
287 2555 332 2590 A.
344 2582 353 2599 ,
370 2557 514 2601 Jamque
531 2570 684 2602 agnosse.
714 2558 803 2594 Cod.

119 2607 162 2643 B.
172 2634 182 2653 ,
200 2621 372 2653 cognosse.
386 2629 431 2635 —
444 2611 551 2645 Forte
568 2612 666 2646 malit
682 2612 806 2657 aliquis

119 2672 281 2704 cognosse
292 2688 301 2702 ‚
336 2662 430 2707 quod
458 2670 539 2697 ante
571 2663 693 2698 Heins.
718 2664 806 2699 ede-

120 2712 224 2747 batur
237 2739 247 2757 ‚
281 2721 385 2760 atque
402 2714 511 2749 etiam
532 2715 571 2749 in
592 2715 804 2761 Argument.

123 2762 279 2800 Lactaut.
293 2771 333 2801 ut
343 2771 476 2811 patrem
491 2773 714 2812 cognosceret.
727 2768 804 2802 Ve-

1477 905 1542 944 185

854 1046 935 1067 rum
962 1032 1037 1068 haec
1066 1030 1138 1065 duo
1166 1042 1257 1076 saepe
1282 1026 1541 1075 nex-mutantur.

904 1086 975 1129 184.
996 1086 1167 1129 Meropis,
1195 1082 1324 1118 scilicet
1346 1081 1438 1116 silius
1454 1107 1463 1121 ‚
1490 1080 1542 1115 el-

856 1138 931 1184 lipsi
949 1151 1068 1184 graeca.
1089 1137 1184 1172 Flor.
1202 1136 1260 1180 11,
1286 1145 1326 1170 v1
1340 1162 1349 1178 ,
1372 1149 1412 1183 ¹9
1428 1147 1437 1168 τ
1459 1135 1541 1169 Bo—

856 1194 1008 1226 milcaris·
1033 1191 1219 1225 Adherbal.
1245 1206 1291 1214 —-·
1313 1188 1459 1233 Merops
1478 1186 1543 1221 suit

858 1243 1005 1278 maritus
1024 1241 1238 1290 Clymene53
1258 1253 1459 1287 quanquam
1473 1241 1544 1274 Me·

858 1303 954 1340 ropes
976 1295 1139 1330 dicantur
1161 1293 1323 1329 homines
1348 1291 1440 1338 apud
1464 1292 1546 1327 Ho—

860 1361 1014 1391 merum,
1029 1347 1123 1393 quod
1135 1346 1257 1381 divisas
1268 1346 1421 1380 habeant
1429 1357 1544 1386 voces·‚

862 1415 931 1448 qua
946 1403 982 1436 in
994 1400 1318 1448 significationehic
1329 1411 1470 1445 quoque
1488 1411 1546 1434 ac-

860 1455 928 1499 cipi
952 1460 1090 1500 potest,
1115 1466 1155 1488 ac
1169 1453 1197 1488 si
1223 1452 1355 1487 diceret
1376 1465 1384 1487 z
1402 1451 1549 1497 cupiens

861 1507 934 1553 jam
946 1506 1100 1541 hominis
1109 1506 1214 1550 filius,
1226 1505 1336 1551 magis
1346 1517 1453 1550 quam
1462 1504 1546 1546 Dei,

862 1558 1036 1604 appellari.
1051 1559 1118 1592 Ed.

911 1611 982 1645 185.
998 1613 1107 1646 Pinus
1118 1638 1127 1652 ‚
1140 1609 1238 1645 navis
1250 1635 1259 1653 ,
1272 1614 1369 1651 acta,
1389 1620 1468 1655 quae
1482 1608 1550 1654 agi-

863 1671 921 1698 tur
933 1689 943 1708 ,
968 1663 1103 1709 rapitur
1122 1677 1141 1698 a
1158 1664 1289 1703 Borea,
1315 1662 1416 1708 cujus
1435 1661 1548 1696 rabies

862 1715 1029 1761 plurimas
1037 1715 1202 1762 procellas
1211 1715 1346 1751 excitat·
1355 1715 1547 1757 *Fra-ceps,

863 1768 922 1813 qui
934 1781 1040 1803 naves
1051 1768 1244 1814 praecipites
1255 1766 1315 1802 dat
1326 1766 1470 1802 saeviens
1483 1791 1492 1808 ,
1510 1773 1551 1800 ut

856 1826 1010 1866 'preceps
1019 1821 1178 1866 Asr1‘cus‚
1191 1821 1317 1855 Horat.
1334 1821 1351 1855 I
1365 1845 1374 1863 ,
1397 1818 1467 1854 Od.
1481 1829 1526 1852 111
1539 1844 1549 1861 ,

868 1889 925 1917 12;
939 1876 1051 1908 Eurus
1053 1886 1213 1918 preceps,
1226 1874 1325 1918 Virg.
1337 1872 1468 1920 Georg'.
1481 1871 1547 1912 lv,

865 1941 926 1974 293
940 1929 1097 1971 procelle
1107 1930 1315 1971 precipites,
1333 1921 1459 1961 Claud.
1474 1924 1551 1960 Bel.

865 1978 958 2014 Gild.
967 1992 1054 2014 vers.
1063 1992 1082 2014 2
1090 1981 1318 2027 19.—Bector‚
1326 1977 1554 2025 gubernator.

865 2051 909 2059 -
924 2034 1048 2074 Frena,
1078 2033 1313 2079 gubernacula
1332 2035 1341 2067 ἐ
1363 2031 1438 2075 ΙΙΙ,
1457 2031 1551 2066 Fast.

866 2086 952 2133 293,
970 2087 1118 2121 habene.
1142 2085 1268 2121 Solent
1284 2084 1382 2120 enim
1398 2083 1497 2119 navis
1514 2089 1551 2118 et

865 2150 989 2173 currus
1001 2138 1094 2173 inter
1103 2150 1139 2173 se
1150 2138 1358 2185 comparari,
1369 2143 1550 2183 praeeunte

867 2191 1030 2227 Homero
1040 2219 1048 2233 ,
1074 2192 1135 2238 qui
1150 2192 1426 2238 gubernatorem
1440 2189 1526 2224 dixit
1543 2202 1550 2223 :

870 2248 990 2289 ἡνίοχον
1002 2247 1085 2285 νεώς.
1104 2243 1243 2280 Contra
1254 2244 1374 2290 auriga
1389 2247 1552 2293 ναύκληρος

867 2297 959 2343 apud
981 2297 1103 2343 Eur-ip.
1129 2295 1237 2344 Hipp.
1259 2304 1348 2332 ’ἵει-5.
1378 2298 1473 2340 1224.
1494 2294 1551 2330 Cf.

868 2349 1009 2394 Noster,
1023 2350 1039 2384 1
1054 2350 1174 2394 Trist.‚
1186 2361 1238 2393 w,
1254 2364 1266 2384 1
1277 2364 1289 2384 1
1302 2362 1428 2394 sqq.·—-
1437 2350 1546 2387 Victa,

865 2401 994 2437 scilicet
1010 2415 1029 2437 a
1045 2403 1168 2437 ventis.
1197 2402 1359 2437 Verbum
1375 2401 1411 2436 in
1431 2400 1497 2435 hac
1512 2413 1551 2435 re

867 2454 1051 2500 proprium
1067 2454 1153 2500 (vid.
1174 2454 1350 2500 Mariang.
1366 2453 1553 2489 Accursius

867 2507 904 2542 in
920 2505 1090 2551 Diatrib.)
1106 2513 1142 2541 et
1158 2506 1319 2552 elegans;
1341 2505 1438 2540 venti
1454 2506 1551 2554 enim

867 2559 974 2594 vetuti
991 2559 1111 2605 proelia
1129 2559 1359 2594 committunt
1377 2571 1459 2594 cum
1478 2572 1552 2594 na·—

868 2612 966 2646 vibus
979 2638 989 2656 ,
1010 2619 1047 2646 et
1058 2611 1112 2646 vel
1125 2612 1272 2647 victores
1286 2637 1296 2656 ‚
1313 2611 1369 2647 vei
1376 2612 1456 2647 victi
1469 2623 1552 2646 nau-

869 2671 987 2698 tarum
1009 2671 1083 2699 arte
1099 2663 1284 2700 discedunt
1300 2677 1309 2700 :
1329 2663 1454 2699 Horat.
1472 2664 1529 2699 111
1547 2689 1557 2706 ,

870 2716 942 2752 Od.
959 2728 1047 2751 xx1v
1059 2743 1069 2760 ,
1088 2718 1142 2760 40.
1155 2736 1200 2743 —
1222 2719 1331 2752 Victa.
1347 2716 1438 2751 Cod.
1456 2716 1552 2752 RB.

869 2773 1010 2803 cuncta:
1028 2769 1070 2804 R.
1088 2768 1132 2803 A.
1143 2795 1152 2813 ,
1169 2773 1271 2804 victa.
