1832 3100
316 255 404 311 224

678 260 729 302 P.
775 260 1024 305 OVIDII
1065 262 1370 310 NASONIS

311 348 455 411 Figit;
479 360 524 397 et
541 348 724 412 ignotos
746 363 941 411 montes,
966 371 1185 421 agrosque
1207 355 1380 404 salutat.
1685 373 1729 408 25

312 426 442 475 Sacra
464 427 565 474 Jovi
588 427 784 477 facturus
809 441 902 478 erat
924 449 935 478 :
954 430 1082 495 jubet
1103 432 1166 481 ire
1188 434 1436 493 ministros,
1670 444 1673 446 ’

311 505 370 552 Et
393 515 539 570 petere
562 523 585 553 e
609 505 717 554 vivis
739 505 940 557 libandas
961 506 1161 558 fontibus
1183 511 1338 560 undas.

373 581 493 631 Silva
515 594 640 631 vetus
663 583 833 642 stabat,
858 583 981 632 nulla
1001 585 1163 634 violata
1185 588 1355 646 securi;

308 660 395 707 Est
415 677 572 725 specus
595 659 642 707 in
664 660 812 709 medio
829 696 841 718 ,
865 661 1001 723 virgis
1023 680 1071 709 ac
1092 662 1252 711 vimine
1277 664 1465 723 densus,

306 740 515 790 Efficiens
539 741 750 790 humilem
774 742 972 810 lapidum
996 745 1287 810 compagibus
1312 765 1485 805 arcum;
1683 765 1725 799 3«.

305 823 530 873 Uberibus
555 825 772 874 fecundus
796 826 923 892 aquis
942 847 952 874 :
970 825 1058 875 hoc
1084 828 1292 877 conditus
1315 841 1444 878 antro

305 907 494 956 Martius
516 908 673 970 anguis
697 920 814 967 erat,
840 909 984 957 cristis
1007 911 1237 975 praesignis
1259 924 1303 960 et
1326 931 1457 971 aur03

304 1047 416 1082 mines
439 1047 596 1093 religiose
618 1047 762 1092 colunt,
787 1048 866 1083 vide
889 1048 981 1084 Cios.

304 1099 347 1133 ad
364 1098 459 1133 hunc
474 1099 601 1133 locum.
619 1099 702 1134 Fuit
713 1099 792 1134 satis
808 1100 982 1145 antiquus.

305 1151 454 1186 Homer.
473 1149 544 1185 Od.
561 1151 611 1195 E,
629 1152 704 1195 354.

348 1204 402 1238 26.
424 1204 531 1238 Sacra
553 1205 637 1238 Jovi
654 1210 719 1238 etc.
751 1203 851 1238 Illam
873 1204 983 1250 ipsam

303 1256 510 1300 juvencam,
528 1255 592 1291 viae
610 1255 755 1294 ducem,
773 1256 983 1291 immolatu—

303 1320 362 1341 rus
387 1314 462 1342 erat
482 1334 490 1348 ,
526 1307 579 1342 vel
610 1307 765 1351 Telluri,
789 1308 983 1343 secundum

303 1359 485 1394 oraculum
501 1385 511 1402 ,
537 1359 592 1393 vel
617 1356 792 1394 Minervae
806 1386 815 1404 ,
841 1367 982 1395 auctore

305 1409 467 1455 Apollod.
480 1411 570 1445 sorte
582 1436 592 1454 ,
604 1410 685 1455 quia
695 1410 751 1445 illa
750 1411 890 1455 fautrix
900 1415 981 1455 m‘ri,

301 1474 349 1495 vs.
370 1474 442 1495 101.
461 1462 588 1496 Noster
607 1463 723 1496 Jovem
739 1462 925 1496 substituit.
939 1481 986 1489 —

302 1514 480 1548 Im‘m’stros
491 1540 500 1554 ‚
518 1513 663 1548 comites
675 1541 684 1558 ,
703 1527 790 1559 quos
804 1527 983 1549 sacrorum

302 1565 541 1610 parandorum
553 1566 732 1600 ministros
748 1579 820 1600 esse
835 1567 982 1601 volebat.

305 1617 390 1651 Mox
400 1620 489 1651 socii
498 1624 667 1651 vocantur
679 1631 687 1659 ;
704 1617 821 1652 Schol.
832 1618 983 1652 Homer.

304 1670 389 1707 τινὰς
404 1676 463 1703 τῶν
477 1668 543 1714 μεθ’
560 1672 673 1704 ἑαυτοῦ.
701 1668 805 1714 Apud
823 1669 981 1714 Euripid.

301 1720 372 1765 ipse
395 1719 551 1754 Cadmus
578 1720 649 1754 abit
674 1723 722 1755 ἐπὶ
749 1723 888 1770 χέρνιθας
900 1748 909 1764 ,
938 1721 981 1755 ad

301 1785 427 1807 manus
453 1772 614 1807 lavandas
644 1786 733 1818 aqua
760 1773 902 1808 lustrali.
937 1774 980 1808 In

301 1838 380 1859 eam
390 1838 467 1860 rem
478 1829 556 1859 viva
563 1837 651 1870 aqua
659 1826 897 1862 adhibebatur.
907 1827 980 1861 Liv.

302 1878 337 1920 I,
358 1879 399 1920 45
412 1890 420 1912 :
443 1881 531 1921 Quin
545 1882 582 1911 lu
598 1883 676 1911 arete
688 1881 762 1912 vivo
771 1879 982 1923 perfunderis

293 1931 466 1973 flumine?
493 1929 614 1974 Ipsum
636 1930 816 1964 oraculum
835 1931 981 1975 jusserat

300 1993 437 2015 sacrum
452 1981 529 2015 fieri
543 1983 640 2026 ἁγνῶς
653 1988 706 2017 καὶ
716 1988 859 2031 καθαρῶς.
872 1983 981 2016 Liba-

299 2036 348 2067 lio
360 2034 439 2068 alias
451 2034 556 2068 fiebat
568 2034 650 2068 vino
665 2041 725 2068 aut
736 2035 822 2069 lacte
834 2059 843 2078 ,
863 2047 958 2068 nunc
968 2060 978 2078 ,

299 2085 364 2120 illis
388 2085 630 2121 deficientibus
646 2113 655 2129 ,
683 2089 792 2122 undis.
816 2105 860 2114 —
885 2087 979 2121 Fons

300 2136 355 2171 ille
368 2162 377 2180 ,
396 2137 491 2171 unde
504 2151 592 2182 aqua
606 2138 799 2173 haurienda
813 2165 822 2183 ‚
836 2139 979 2184 proprio

300 2188 446 2224 nomine
471 2190 611 2223 Aretias
644 2189 832 2225 dicebatur.
863 2191 978 2226 Schol.

300 2240 418 2275 AEsch.
435 2240 547 2276 Theb.
571 2242 642 2276 106.
660 2242 747 2276 Inde
764 2242 857 2277 haud
873 2242 977 2277 dubie

299 2292 400 2334 fluxit
417 2284 510 2341 Ᾰρείοι
526 2297 616 2342 κρήνη
639 2293 730 2338 apud
759 2294 919 2339 Apollod.
942 2302 979 2330 et

299 2344 415 2379 Schol.
438 2345 624 2390 Euripidis.
655 2347 823 2380 Dt'rcoeum
852 2347 976 2381 nomi-

297 2404 386 2431 nant
396 2397 543 2441 Seneca,
553 2397 673 2443 OEdip.
686 2411 702 2443 7
710 2400 766 2441 14,
780 2406 814 2432 et
826 2399 978 2444 Palaeph.

299 2450 330 2483 6.
343 2449 519 2484 Omnium
532 2451 678 2496 pessime
692 2452 855 2498 Hyginus
868 2478 877 2495 ,
893 2453 977 2486 Cas-

298 2502 566 2545 taliumfonlem.
591 2503 685 2537 Eum
707 2503 836 2538 Noster
857 2517 897 2538 ex
913 2505 977 2538 in-

300 2554 403 2597 genio
412 2553 608 2600 descripsit,
625 2555 741 2600 quales
751 2556 852 2590 multi
862 2557 976 2590 sontes

299 2617 371 2639 esse
388 2605 511 2640 solent.
528 2606 601 2640 Liv.
615 2607 650 2651 1,
669 2621 707 2641 21
724 2617 732 2639 :
754 2608 868 2642 Lucus
882 2612 973 2648 erat,

295 2669 389 2700 quem
414 2660 556 2692 medium
577 2671 620 2692 ex
645 2672 749 2702 opaco
775 2672 874 2704 specu
889 2658 977 2702 fims

291 2712 435 2751 perenni
447 2713 582 2754 rigabat
595 2723 694 2755 aqua.

341 2761 394 2793 28.
408 2762 507 2795 Nulli
513 2764 642 2795 violata
653 2766 768 2798 securi.
785 2763 890 2800 Nefas
902 2769 978 2800 erat

1050 1047 1148 1083 silvas
1158 1062 1268 1084 sacras
1279 1053 1406 1085 violare
1413 1054 1544 1093 securi:
1556 1051 1636 1087 vide
1647 1053 1728 1087 Val-

1050 1099 1169 1135 kenar.
1185 1101 1228 1134 ad
1247 1101 1367 1148 Eurip.
1386 1102 1529 1149 Hippol.
1552 1117 1654 1139 versu
1674 1106 1725 1150 74.

1051 1151 1153 1186 Tales
1174 1152 1266 1187 silvae
1286 1158 1411 1188 veteres
1434 1162 1469 1189 et
1492 1160 1638 1200 antiquae
1659 1155 1726 1190 dici

1049 1201 1207 1237 solebant
1223 1211 1259 1238 et
1285 1205 1415 1250 opponi
1439 1207 1563 1241 ceduis
1579 1201 1693 1243 :VIII
1713 1234 1722 1251 ,

1051 1256 1112 1301 74²
1125 1281 1135 1298 ,
1159 1258 1254 1290 lucos
1260 1256 1358 1301 ferro
1373 1261 1551 1294 temerasse
1564 1263 1724 1295 vetustos.

1093 1319 1144 1353 29.
1166 1309 1236 1342 Est
1244 1320 1371 1355 specus.
1389 1308 1511 1344 Codex
1523 1317 1644 1346 noster
1657 1310 1726 1346 Re·

1050 1358 1124 1403 gius
1134 1358 1178 1402 B,
1189 1364 1225 1393 el
1232 1371 1364 1404 specus‚·
1375 1360 1469 1405 quod
1481 1362 1635 1407 apprime
1643 1373 1725 1397 con-

1049 1410 1154 1445 sentit
1164 1423 1245 1445 cum
1260 1405 1406 1446 lectione
1416 1412 1552 1459 vulgata
1562 1426 1649 1449 vers.
1661 1414 1699 1448 3ι
1713 1439 1723 1457 ,

1049 1462 1085 1496 in
1106 1475 1176 1507 quo
1192 1475 1256 1508 pro
1274 1466 1337 1498 hoc
1353 1464 1480 1510 legitur
1495 1468 1562 1500 ubi.
1581 1465 1724 1501 Videti-

1048 1521 1104 1549 cet
1118 1522 1212 1550 recte
1225 1515 1274 1550 sic
1289 1515 1368 1552 fluit
1383 1517 1516 1551 oratio:
1529 1519 1618 1552 silva
1629 1522 1726 1552 velus

1048 1569 1195 1601 stabat...
1202 1568 1270 1601 Est
1276 1581 1395 1611 specus
1400 1572 1436 1602 in
1446 1571 1584 1604 medio...
1593 1571 1725 1604 abiete.

1051 1616 1172 1652 Codex
1193 1618 1223 1652 A
1242 1645 1252 1662 ,
1277 1624 1331 1652 est
1350 1632 1478 1663 specus.
1496 1619 1562 1654 Ed.
1577 1639 1622 1647 --
1639 1622 1726 1656 Vir-

1043 1674 1099 1713 gIs
1113 1672 1253 1711 densus,
1281 1671 1385 1716 virgis
1400 1671 1506 1706 dense
1528 1679 1645 1717 septus
1656 1699 1666 1716 ,
1686 1681 1724 1707 ut

1047 1721 1137 1755 Fast.
1156 1721 1207 1756 Vl
1219 1747 1228 1764 ‚
1248 1734 1271 1768 9
1288 1735 1295 1756 :
1314 1735 1429 1756 nemus
1442 1725 1616 1757 arboribus
1633 1725 1723 1757 dert-

1045 1787 1128 1808 sum.
1152 1774 1239 1808 Ibid.
1258 1776 1310 1818 V,
1335 1775 1395 1818 411
1419 1777 1541 1812 :lucus
1551 1775 1671 1818 juncis
1691 1780 1727 1810 el

1045 1828 1207 1860 arundine
1228 1828 1359 1860 densus.

1090 1879 1142 1913 31.
1154 1880 1230 1913 Hoc
1238 1881 1402 1913 conditus.
1415 1879 1530 1925 Vulgo
1543 1906 1553 1923 ,
1570 1883 1632 1914 ubi
1641 1893 1722 1914 con-

1045 1933 1145 1965 ditus.
1161 1931 1283 1966 Heius.
1295 1930 1338 1965 de
1350 1943 1412 1965 suo
1422 1930 1519 1966 dedit
1531 1933 1618 1973 boc:
1633 1945 1720 1966 sua-

1046 1982 1106 2016 det
1117 1982 1222 2016 etiam
1232 1984 1292 2016 cui
1301 1984 1456 2016 creditus.
1464 2001 1510 2010 —
1519 1983 1638 2018 Nostri
1654 1982 1720 2017 Re-

1046 2033 1089 2077 gii
1100 2059 1109 2076 ,
1120 2037 1185 2067 ubi.
1194 2052 1239 2060 --
1247 2035 1322 2068 Hoc
1333 2035 1487 2068 conditus
1497 2038 1602 2068 antro.
1615 2033 1723 2068 Multi

1045 2093 1234 2121 occurrunt
1247 2086 1283 2120 in
1301 2085 1507 2131 antiquitate
1527 2086 1694 2121 dracones
1708 2113 1717 2130 ‚

1044 2137 1203 2172 custodes
1225 2137 1402 2181 locorum,
1423 2138 1551 2173 aedium
1569 2164 1579 2181 ,
1598 2145 1722 2173 antro-

1043 2202 1124 2223 rum
1138 2189 1234 2224 :vide
1253 2189 1384 2235 Spanh.
1397 2190 1439 2224 ad
1453 2189 1540 2225 Call.
1552 2189 1586 2225 h.
1597 2189 1675 2225 Del.
1687 2202 1719 2225 v.

1044 2256 1098 2289 9¹-
1113 2243 1229 2288 Atque
1240 2243 1347 2277 etiam
1361 2244 1479 2289 genios
1491 2243 1647 2278 locorum
1657 2255 1720 2288 per

1042 2302 1221 2340 serpentes
1244 2295 1486 2330 exhibuerunt.
1524 2295 1643 2341 Heyn.
1677 2293 1721 2327 ad

1045 2347 1144 2393 Virg.
1156 2346 1296 2381 AEneid.
1308 2348 1355 2390 V,
1373 2347 1428 2389 84.
1439 2346 1492 2381 Ac
1505 2346 1561 2380 hic
1577 2344 1721 2390 quidem

1045 2399 1239 2434 secundum
1271 2398 1477 2443 Euripidem
1505 2396 1721 2432 custodiebat

1043 2450 1190 2485 flumina
1213 2457 1248 2484 et
1274 2450 1408 2484 fluenta
1425 2449 1547 2484 viridia
1563 2475 1573 2492 ,
1592 2461 1722 2494 nempe

1042 2515 1061 2536 a
1074 2503 1190 2536 Marte
1201 2502 1265 2536 sibi
1282 2501 1408 2536 tradita
1421 2527 1431 2545 ,
1448 2501 1543 2536 unde
1560 2501 1596 2535 in
1615 2500 1722 2542 Orac,

1046 2554 1186 2588 videtur
1206 2556 1298 2592 δεινός
1312 2545 1460 2589 &uuallon
1481 2556 1595 2600 φύλαξ,
1613 2564 1721 2597 quem

1041 2605 1198 2640 Cadmus
1215 2607 1357 2650 iubetur
1373 2609 1494 2652 πέμψαι
1518 2601 1614 2645 Kisa
1637 2609 1719 2640 εἴσω.

1040 2659 1164 2703 Neque
1190 2665 1308 2693 tamen
1329 2666 1472 2704 propter
1499 2657 1588 2692 hanc
1608 2669 1718 2691 unam

1039 2723 1179 2745 causam
1189 2710 1223 2744 h.
1237 2711 1259 2745 l.
1270 2717 1305 2745 et
1317 2711 1404 2746 Stat.
1420 2709 1530 2744 Theb.
1550 2709 1583 2743 X
1596 2734 1605 2751 ,
1626 2707 1692 2742 606
1706 2735 1716 2750 ,

1038 2764 1185 2798 Martius
1202 2763 1323 2807 anguls
1338 2768 1479 2797 vocatur
1491 2787 1500 2805 ,
1518 2760 1578 2795 sed
1590 2767 1624 2796 et
1637 2760 1716 2805 quia
