1832 3100
318 221 362 246 t.)

344 205 396 247 eg
682 206 733 247 P.
770 205 1003 251 OVIDII
1038 205 1349 250 NASONIS

309 297 449 345 Parva
470 315 651 363 queror3
676 316 842 361 magnae
863 309 1050 364 pereunt
1070 317 1170 363 cum
1190 299 1411 347 moenibus
1436 300 1596 359 urbes;

312 375 512 440 Cumque
536 373 627 421 suis
650 384 765 421 totas
787 373 969 440 populis
992 375 1195 424 incendia
1216 388 1366 439 gentes

1657 393 1724 426 215

307 454 362 500 In
385 451 572 500 cinerem
595 463 774 499 vertunt
795 471 804 499 :
824 451 941 500 silvae
965 471 1065 500 cum
1085 453 1314 502 montibus
1338 453 1504 501 ardent.

307 528 447 577 Ardet
466 529 612 577 Athos
626 566 637 587 ‚
658 530 919 594 Taurusque
945 528 1081 587 Cilix,
1106 541 1150 578 et
1166 529 1373 587 Tmolus,
1399 532 1444 578 et
1466 530 1605 588 OEte;

307 607 366 653 Et
388 625 506 654 nunc
531 605 667 663 sicca,
691 605 818 671 prius
841 605 1123 655 celeberrima
1147 606 1371 666 fontibus,
1394 608 1496 664 Ide;

310 681 630 749 Virgineusque
655 681 844 730 Helicon
858 719 870 738 ‚
895 693 939 730 et
961 683 1158 731 nondum
1181 683 1401 746 OEagrius
1423 685 1614 735 Haemos.

307 802 460 838 imitatus
476 809 528 837 est
546 815 554 837 :
572 804 764 847 damnisque
778 805 850 836 suis
867 805 984 836 incen-

308 858 368 891 dia
382 858 494 890 nutrit.

350 921 370 941 2
377 920 390 940 1
396 908 426 949 4.
435 906 609 940 Moent'bus.
618 905 749 939 Mania
756 911 837 939 sunt
846 904 983 948 domus,

308 956 462 992 aedificia.
478 956 619 999 Florus,
636 956 652 990 I
666 982 675 999 ‚
696 958 717 999 4
736 969 743 990 :
760 959 878 990 tna-nia
895 969 985 989 muro

306 1010 480 1051 amplexus
515 1010 574 1041 est.
614 1005 706 1040 Vide
735 1005 958 1040 Gronovium
974 1031 984 1048 ,

308 1059 456 1095 Observ.
478 1059 535 1102 11,
569 1072 618 1092 12.

350 1126 369 1146 2
376 1125 390 1148 1
396 1115 425 1148 5.
444 1114 525 1146 Cum
534 1113 744 1154 sutlspopulis
750 1115 865 1155 gentes
872 1123 986 1145 unum

308 1171 411 1210 atque
421 1163 516 1198 idem
529 1176 600 1198 esse
613 1169 711 1208 putat
723 1161 861 1196 Ciosan.
870 1161 985 1204 Male;

305 1220 420 1260 gentes
435 1223 469 1250 et
480 1218 617 1260 populi,
640 1221 700 1248 aut
715 1217 867 1248 nationes
884 1221 919 1248 et
929 1226 987 1257 po-

302 1267 557 1311 pulidiss'erunt
571 1273 609 1301 ut
622 1272 735 1300 totum
749 1273 783 1300 et
797 1278 885 1311 pars.
899 1264 987 1300 Ger-

308 1321 404 1355 mani
418 1327 500 1355 sunt
511 1323 625 1361 nal1‘0‚·
639 1318 863 1365 westphali,
879 1319 989 1354 Saxo-

309 1386 371 1407 nes
382 1379 416 1407 et
427 1372 551 1407 Bavari
561 1378 643 1406 sunt
645 1374 774 1415 populi.
788 1371 868 1406 Vid.
878 1370 989 1406 Gloss.

309 1425 418 1461 MSS.
437 1425 554 1460 Guels.
573 1425 590 1459 l
603 1451 612 1467 ,
630 1423 671 1458 ad
691 1423 829 1458 Sallust.
847 1422 924 1458 Cat.
943 1424 987 1457 X.

309 1479 432 1513 Burm.
446 1483 613 1522 praeterea
622 1483 745 1510 monet
755 1502 763 1519 ,
773 1480 888 1519 gentes
898 1488 987 1520 saepe

310 1529 395 1576 poni
411 1541 476 1574 pro
493 1527 594 1562 terris
610 1527 664 1561 vel
680 1526 879 1572 regionibus
893 1552 902 1570 ,
926 1526 989 1561 id-

312 1592 379 1628 que
399 1581 479 1616 satis
496 1580 650 1615 docuisse
672 1579 829 1614 Gronov.
854 1578 896 1613 ad
915 1579 988 1614 Liv.

311 1638 346 1670 V
360 1662 370 1680 ,
395 1637 447 1679 34.
472 1634 590 1669 Etiam
608 1632 699 1678 apud
721 1633 870 1666 Homer.
895 1636 989 1676 δῆμος

310 1687 492 1723 interdum
505 1686 548 1720 de
564 1693 658 1721 terra
674 1685 825 1719 occurrit
836 1710 846 1727 ,
864 1691 903 1718 ut
917 1684 988 1719 Od.

312 1748 335 1775 Z
347 1766 356 1783 ‚
375 1740 417 1780 33
442 1738 482 1773 ll.
497 1744 519 1772 B
533 1763 542 1781 ,
569 1739 654 1781 5473
679 1743 714 1770 et
736 1736 784 1770 sic
798 1748 880 1779 gens
897 1735 988 1780 apud

314 1790 436 1836 virgil.
449 1788 588 1823 AEneid.
602 1788 620 1822 I
633 1814 642 1830 ,
662 1788 736 1823 533.
750 1786 885 1822 Contra
898 1792 990 1820 terra.-

313 1855 377 1888 pro
392 1839 594 1878 hominibus
610 1845 719 1873 terras
737 1837 967 1873 incolentibus
979 1863 989 1881 ,

313 1907 346 1927 v.
364 1892 544 1927 Drakenb.
562 1889 605 1925 ad
625 1889 686 1924 Sil.
706 1889 762 1924 ΙΙΙ
775 1915 785 1932 ,
806 1891 856 1935 75.
876 1889 992 1935 Argu-

313 1953 407 1981 tatur
423 1946 546 1980 Burm.
564 1942 608 1977 ad
625 1941 772 1977 Heroid.
792 1941 809 1976 I
819 1967 831 1985 ‚
850 1943 892 1985 24
904 1968 913 1985 ‚
931 1941 991 1976 ubi

313 1999 350 2032 in
365 1996 489 2041 singul.
504 1999 645 2030 cinerem
662 1994 737 2039 plus
752 1993 863 2028 inesse
875 2000 990 2038 putat,

316 2062 420 2096 quam
434 2050 471 2083 in
488 2048 610 2094 plural.
630 2051 768 2082 cineres.
787 2064 831 2072 ——-
856 2048 992 2081 Gentes.

315 2102 398 2136 Duo
414 2100 550 2135 Caelest.
564 2107 600 2134 et
613 2112 705 2134 unus
723 2097 903 2141 Ciofanus,
915 2105 993 2132 tum

314 2156 352 2190 in
367 2167 429 2188 ora
443 2153 500 2188 lib.
519 2153 600 2186 Urs.
622 2159 658 2186 et
682 2151 834 2196 Capran.
852 2177 862 2194 ,
889 2155 994 2184 terras

316 2220 385 2254 pro
393 2210 517 2251 gentes.
535 2222 579 2231 --
598 2203 712 2238 Codd.
725 2203 855 2244 nostri,
868 2207 992 2246 gentes.

312 2277 317 2282 =
362 2273 436 2303 217.
453 2258 565 2292 Ardet
580 2256 693 2292 Athos
706 2262 770 2289 etc.
788 2255 994 2299 Sequuntur

317 2310 462 2356 catalogi
472 2308 650 2343 montium
659 2333 669 2351 ,
682 2319 769 2344 mox
782 2306 972 2340 fluviorum
982 2333 991 2350 ‚

320 2363 437 2409 quales
450 2362 606 2396 intexere
627 2366 738 2405 poetae
753 2358 866 2393 solent
876 2384 885 2401 ,
903 2359 991 2392 sorte

320 2415 525 2453 eruditionis
542 2412 757 2448 ostentandae
772 2425 882 2447 causa.
899 2412 991 2447 Nos-

320 2475 374 2502 ter
383 2466 525 2502 consilio
534 2465 742 2500 narrationis
751 2463 830 2498 satis
841 2463 991 2506 fecisset,

319 2522 347 2555 si
357 2519 573 2566 paucioribus
583 2531 623 2553 ex
636 2525 784 2561 utroque
798 2528 923 2561 genere
934 2515 993 2549 de-

319 2574 459 2607 functus
471 2578 568 2606 esset.
578 2589 622 2595 —
630 2571 751 2610 Athos,
765 2568 868 2602 hodie
879 2569 995 2602 Monle

320 2623 441 2663 santo,
463 2634 566 2656 mons
581 2620 799 2655 Macedoniae
811 2645 820 2663 ‚
837 2619 935 2664 cujus
951 2618 994 2652 al-

321 2673 436 2707 titudo
450 2680 545 2708 tanta
556 2699 565 2716 ,
583 2680 622 2706 ut
633 2672 811 2707 cacumine
824 2671 933 2704 nubes
941 2682 994 2704 su-

322 2734 421 2773 peret
438 2727 668 2771 umbramque
690 2738 798 2770 usque
822 2724 864 2759 ad
881 2724 993 2758 Lcm-

1047 808 1135 845 num
1154 802 1304 836 insulam
1318 801 1487 848 jaculetur
1500 828 1509 845 ,
1536 814 1613 847 quae
1627 801 1722 837 abest

1049 855 1088 898 87
1106 854 1212 888 millia
1229 865 1392 899 passuum
1407 865 1416 888 ε
1429 853 1578 888 Plin.11.
1594 853 1638 889 N.
1656 853 1724 896 lv,

1053 920 1110 948 123
1129 906 1283 950 Melan,
1296 917 1338 950 11,
1357 907 1428 941 130.
1441 925 1486 932 -
1502 908 1640 947 Taurus,
1654 906 1724 940 im-

1050 970 1192 994 mensus
1201 958 1376 992 montium
1386 957 1631 992 altissimorum
1641 964 1726 993 trac-

1049 1016 1104 1044 tus
1115 1035 1124 1053 ,
1136 1023 1155 1043 a
1167 1009 1379 1044 Chelidonio
1389 1010 1634 1055 promontorio
1650 1022 1726 1044 exo-

1050 1061 1145 1096 riens
1160 1068 1195 1095 et
1213 1068 1320 1096 totam
1339 1074 1438 1107 paene
1455 1061 1575 1097 Asiam
1590 1074 1728 1107 percur-

1050 1127 1149 1149 rens:
1162 1113 1305 1155 Curtius
1314 1114 1397 1155 VII,
1409 1114 1440 1147 3.
1450 1115 1605 1154 Vocatur
1617 1114 1724 1154 am,

1052 1165 1132 1210 quia
1142 1165 1295 1200 mediam
1307 1164 1464 1199 Ciliciam
1475 1164 1724 1200 dividit.'ribul.

1053 1218 1070 1253 I
1080 1245 1090 1262 ,
1101 1229 1157 1252 vn
1168 1244 1178 1261 ‚
1199 1218 1238 1252 16
1250 1231 1258 1253 z
1269 1220 1428 1262 Frigidus
1433 1222 1585 1255 intonsos
1599 1219 1727 1257 Taurus

1051 1275 1130 1305 arat
1146 1267 1281 1305 Cilica‘s.
1294 1289 1338 1296 --
1358 1271 1506 1310 Tmolus,
1522 1269 1626 1305 hodie
1637 1271 1728 1305 Boz-

1051 1325 1137 1367 dag,
1169 1334 1270 1356 mons
1294 1321 1414 1369 Lydiae
1424 1348 1434 1366 ‚
1459 1321 1543 1356 vino
1560 1334 1728 1367 generoso

1053 1375 1176 1410 nobilis
1188 1402 1197 1419 ,
1217 1388 1258 1409 ex
1274 1387 1343 1420 quo
1357 1374 1536 1410 oriebatur
1549 1374 1728 1419 Pactolus,

1052 1427 1178 1461 fluvius
1212 1426 1341 1460 aurifer
1365 1438 1374 1459 :
1402 1426 1455 1460 VI
1469 1451 1478 1469 ,
1510 1427 1548 1460 15
1567 1439 1576 1467 ;
1606 1425 1728 1471 virgil.

1053 1481 1183 1525 Georg.
1199 1480 1235 1514 II
1249 1506 1258 1522 ,
1284 1480 1347 1523 98;
1366 1478 1457 1513 Ptin.
1476 1479 1523 1513 H.
1540 1479 1584 1514 N.
1602 1479 1657 1522 V,
1676 1492 1728 1526 29.

1052 1550 1097 1558 -—-
1110 1534 1203 1571 OEte,
1223 1538 1281 1566 aut
1296 1533 1395 1571 OEta‚
1419 1531 1595 1566 montium
1605 1531 1729 1577 jugum

1053 1582 1268 1617 Thessaliam
1281 1595 1299 1616 a
1310 1581 1444 1617 Doride
1459 1588 1495 1619 et
1509 1582 1664 1617 Phocide
1676 1595 1730 1616 se-

1052 1647 1178 1679 parans
1203 1659 1213 1677 ‚
1249 1633 1352 1669 exitio
1388 1633 1550 1669 Herculis
1583 1634 1701 1668 nobile
1720 1646 1728 1667 :

1053 1686 1180 1720 Strabo
1194 1685 1245 1719 IX
1259 1710 1268 1728 ‚
1291 1698 1324 1729 p.
1337 1685 1413 1720 655.

1098 1738 1173 1771 218.
1207 1738 1315 1775 Nunc.
1340 1734 1456 1770 Codd.
1484 1736 1596 1771 nostri
1625 1736 1703 1771 RR.
1718 1764 1728 1780 ‚

1052 1794 1141 1823 tunc.
1168 1807 1212 1814 ·—
1235 1789 1295 1822 Ide
1305 1814 1314 1828 ‚
1346 1794 1407 1821 aut
1431 1789 1496 1822 Ida
1517 1815 1525 1828 ,
1565 1800 1669 1823 mons
1694 1795 1730 1823 et

1056 1839 1174 1874 Cretae
1186 1846 1222 1874 et
1235 1839 1363 1884 Troiae.
1381 1839 1486 1874 Nunc
1500 1839 1656 1883 Troiana
1666 1841 1731 1873 Ida

1053 1892 1259 1938 intelligitur
1281 1918 1291 1936 ,
1337 1891 1491 1926 fontibus
1521 1891 1702 1926 abundans
1720 1918 1729 1932 ‚

1055 1944 1149 1979 unde
1166 1947 1333 1987 πολυπίδαξ
1349 1943 1501 1977 Homer.
1518 1943 1557 1977 ΙΙ.
1573 1946 1619 1986 Ξ,
1642 1943 1706 1977 283
1720 1969 1730 1986 ,

1057 2003 1092 2035 et
1102 2008 1229 2041 aquosa
1239 2022 1248 2037 ‚
1269 1996 1394 2030 Horat.
1406 1995 1462 2030 ΙΙΙ
1474 2021 1485 2038 ,
1502 1993 1573 2030 od.
1589 2006 1638 2029 xx
1650 2020 1660 2038 ,
1681 1996 1730 2029 15.

1055 2047 1129 2082 Sed
1148 2060 1255 2089 nunc,
1289 2059 1400 2092 quum
1419 2045 1606 2081 Phaethon
1622 2052 1731 2080 terras

1055 2099 1262 2134 incenderet
1273 2124 1284 2142 ‚
1308 2101 1419 2139 sicca,
1435 2097 1515 2132 vide
1529 2096 1573 2131 ad
1585 2097 1602 2132 I
1613 2123 1624 2141 ‚
1642 2097 1716 2132 321.

1099 2164 1175 2198 219.
1188 2152 1342 2185 Helicon.
1356 2149 1464 2184 Mons
1473 2148 1617 2184 Boeotiae
1626 2174 1636 2192 ,
1651 2149 1731 2182 Mu-

1055 2202 1099 2236 sis
1110 2214 1218 2245 sacer,
1230 2201 1325 2236 unde
1334 2203 1515 2245 virgineus:
1527 2200 1654 2235 Strabo
1664 2200 1730 2243 IX,

1057 2267 1090 2298 p.
1099 2255 1164 2301 409
1174 2268 1182 2295 ;
1194 2253 1342 2288 Pausan.
1352 2253 1462 2287 Boeot.
1472 2253 1524 2286 28.
1533 2269 1576 2278 —-
1583 2252 1728 2291 Hemos,

1056 2304 1160 2339 hodie
1178 2306 1316 2339 Balkan
1326 2330 1336 2346 ,
1354 2302 1572 2348 longissimus
1587 2308 1623 2335 et
1639 2300 1733 2335 altis-

1057 2357 1164 2391 simus
1180 2356 1356 2390 montium
1372 2360 1499 2389 tractus
1512 2379 1521 2396 ‚
1545 2351 1731 2387 Thraciam

1058 2421 1077 2442 a
1092 2415 1189 2453 parte
1211 2405 1474 2452 septentrionali
1492 2403 1656 2439 claudens
1668 2429 1678 2447 ,
1696 2410 1732 2436 et

1057 2474 1166 2506 usque
1179 2459 1221 2494 ad
1235 2461 1392 2494 Pontum
1405 2457 1582 2492 Euxinum
1592 2467 1732 2503 procur-

1056 2526 1138 2547 rens
1157 2526 1165 2547 :
1183 2512 1273 2547 Plin.
1291 2512 1338 2546 H.
1354 2512 1399 2547 N.
1417 2511 1470 2544 IV
1484 2535 1494 2554 ,
1522 2523 1571 2544 ιι.
1597 2509 1630 2543 Is
1655 2514 1731 2541 tum

1058 2564 1219 2598 nondum
1236 2564 1277 2597 ab
1296 2564 1438 2606 OEagro,
1457 2573 1538 2606 rege
1553 2558 1730 2600 Thraciae,

1058 2625 1156 2662 patre
1174 2616 1328 2661 Orphei,
1348 2615 1446 2660 cujus
1459 2613 1615 2649 cantibus
1634 2624 1730 2646 reso—

1058 2670 1173 2703 nuisse
1191 2667 1339 2703 traditur
1351 2694 1360 2711 ,
1378 2679 1509 2701 nomen
1532 2663 1732 2708 OEagriha—

1058 2722 1161 2756 bebat
1174 2734 1182 2756 z
1197 2719 1309 2765 Orph.
1326 2719 1459 2765 Argon.
1478 2717 1534 2763 763
1549 2717 1672 2751 Horat.
1690 2715 1729 2753 I.
