1832 3100
303 254 382 297 192

657 241 708 283 P.
754 242 992 288 OVIDII
1035 245 1336 291 NASONIS

296 351 319 372 »
343 329 641 380 Admonuisse
661 345 831 398 potest,
858 355 914 384 ne
936 356 1040 386 voce
1061 339 1254 404 pericula
1279 353 1486 406 quaerant.

1637 360 1703 395 565

298 428 320 449 »
347 407 409 455 At
428 418 565 473 puto,
589 427 681 456 non
705 410 846 470 ultro,
869 431 949 462 nec
975 412 1215 480 quidquam
1238 415 1321 465 tale
1345 429 1572 480 rogantem

294 505 317 525 »
346 484 422 531 Me
446 485 574 550 petiit
593 505 603 533 :
624 486 719 552 ipsa
741 486 843 536 licet
859 489 946 538 hoc
971 510 1023 538 ex
1044 491 1219 540 Pallade
1243 512 1411 558 quaeras
1430 515 1442 544 :

293 581 317 601 n
345 560 557 623 Quamvis
581 562 689 611 irata
714 575 804 622 est,
829 567 1031 620 nonhoc
1053 567 1162 616 irata
1183 570 1376 632 negabit.

292 663 315 684 »
340 643 452 692 Nam
474 663 542 693 me
560 645 775 695 Phocaica
799 646 941 696 clarus
968 648 1123 698 tellure
1148 651 1379 701 Coroneus
1394 691 1407 710 ‚

291 745 315 767 »
341 725 458 773 Nota
479 725 663 792 loquor,
687 728 864 790 genuit;
887 729 1141 798 fueramque
1163 752 1244 796 ego
1269 735 1387 797 regia
1408 735 1556 798 virg03
1633 751 1698 798 570

291 827 314 848 »
340 807 655 874 Divitibusque
678 810 852 875 procis,
876 830 931 860 ne
955 832 1023 861 me
1046 826 1298 874 contemne,
1320 806 1516 882 petebarss

289 908 312 929 >›
338 889 496 936 Forma
518 889 628 937 mihi
649 892 805 939 nocuit
823 913 833 940 :
855 912 955 941 nam
979 913 1116 960 quum
1138 915 1219 962 per
1240 895 1372 946 litora
1395 896 1526 946 lentis

288 990 312 1010 »
337 969 552 1018 Passibus
566 1008 578 1029 ‚
601 983 653 1019 ut
676 972 798 1021 soleo
813 1011 825 1032 ,
853 993 1022 1024 summa
1044 977 1256 1043 spatiarer
1277 997 1406 1027 arena
1420 1016 1432 1038 ,

288 1071 312 1092 »
338 1050 488 1110 Vidit,
518 1063 562 1100 et
583 1052 766 1101 incaluit
790 1054 936 1120 pelagi
958 1057 1079 1104 Deus
1100 1077 1110 1104 ε
1132 1069 1268 1123 utque
1291 1061 1513 1125 precando

219 1199 221 1201 ι
286 1153 310 1175 >>
334 1133 555 1199 Tempora
577 1153 676 1182 cum
695 1134 874 1184 blandis
897 1139 1141 1187 consumsit
1161 1139 1308 1189 inania
1329 1142 1502 1200 verbis;

1625 1156 1690 1204 575

284 1236 308 1256 »
336 1215 440 1262 Vim
461 1227 588 1282 parat
602 1254 614 1274 ,
641 1228 686 1265 et
706 1219 907 1284 sequitur
925 1240 935 1268 :
957 1219 1101 1283 fugio,
1125 1212 1396 1288 densumque
1418 1223 1622 1292 relinquo

286 1318 308 1338 »
335 1296 484 1355 Litus,
509 1309 552 1345 et
574 1297 622 1345 in
638 1297 764 1347 molli
783 1301 1076 1368 nequicquam
1096 1302 1237 1352 lassor
1251 1323 1398 1353 arena.

285 1398 307 1418 »
334 1377 442 1426 Inde
464 1379 586 1427 Deos
601 1416 612 1437 ‚
638 1379 928 1448 hominesque
951 1403 1084 1442 voco;
1105 1403 1185 1433 nec
1210 1385 1397 1448 contigit
1415 1385 1557 1435 ullum

284 1481 308 1502 »
335 1461 436 1508 Vox
459 1479 555 1510 mea
576 1462 805 1512 mortalem
829 1485 839 1512 :
863 1477 984 1514 mota
1007 1479 1073 1515 est
1093 1486 1177 1533 pro
1195 1468 1365 1531 virgine
1381 1469 1531 1532 virgo,

278 1594 356 1631 test,
369 1599 416 1623 ne
425 1600 515 1629 voce,
530 1589 673 1635 ingratis
689 1591 821 1626 nuntiis
836 1593 953 1638 perse-

277 1639 407 1684 rendis,
420 1641 689 1688 criminibusque
701 1651 832 1680 temere
845 1645 951 1680 dete-

278 1691 411 1737 gendis,
425 1693 533 1728 sibiet
549 1694 620 1729 aliis
635 1695 806 1730 molestias
821 1706 950 1732 creent.

322 1742 396 1777 565.
412 1744 465 1777 At
472 1749 555 1787 pulo
566 1771 575 1785 ‚
595 1759 660 1779 non
674 1749 769 1780 ultro.
794 1748 847 1783 Ne
865 1761 950 1782 cor-

276 1807 338 1828 vus
354 1801 492 1839 putaret
503 1822 512 1839 ,
531 1797 707 1831 cornicem
722 1798 800 1832 ideo
816 1799 950 1844 pulsam

276 1859 348 1881 esse
365 1847 472 1882 tutela
488 1848 660 1884 Minervae
672 1875 681 1893 ‚
705 1850 799 1895 quod
814 1851 949 1896 ingrata

276 1900 308 1934 ei
323 1901 427 1935 fucrit
441 1901 515 1936 haec
532 1902 602 1936 avis
612 1928 621 1945 ‚
636 1911 759 1937 monet
769 1929 778 1946 ,
795 1918 831 1938 se
843 1917 862 1938 a
872 1905 949 1940 Dea

274 1953 347 1998 ipsa
371 1953 463 1987 ultro
488 1953 634 1988 electam
660 1967 730 1989 esse
758 1956 924 1990 comitem
937 1971 947 1998 ;

274 2012 377 2049 atque
393 2006 440 2039 ita
454 2006 546 2040 viam
561 2006 624 2041 sibi
641 2006 762 2052 pandit
776 2007 818 2042 ad
834 2014 949 2043 trans-

272 2059 520 2093 formationem
535 2072 634 2094 suam
651 2060 872 2095 narrandam.
895 2062 951 2095 At

266 2115 350 2155 puto
374 2118 466 2146 amat
485 2112 612 2146 Noster
632 2112 670 2146 in
696 2112 946 2157 objectionibus

273 2175 356 2207 quas
376 2174 556 2207 removere
583 2163 656 2197 vult
676 2175 683 2197 :
705 2163 782 2197 vide
799 2164 945 2199 Metam.

271 2214 328 2250 lib.
346 2214 402 2248 ΙΙΙ
418 2240 428 2257 ,
446 2214 527 2255 26f›;
548 2221 582 2248 et
597 2215 670 2258 XI,
693 2217 768 2258 425.

316 2267 389 2312 567.
397 2268 479 2310 Ipsa
486 2270 567 2301 licet
574 2269 636 2301 boc
646 2280 689 2301 ca:
699 2270 841 2302 Pallade
850 2281 944 2313 quoe—

268 2313 335 2354 ras.
361 2318 481 2354 Codex
507 2326 628 2354 noster
659 2320 789 2365 Regius
815 2321 845 2355 Β
879 2335 942 2367 pro

267 2384 310 2405 ex
323 2370 427 2404 habet
440 2384 473 2404 a.
496 2370 617 2406 Codex
634 2372 666 2406 A
688 2385 828 2406 versum
848 2373 943 2409 hunc

269 2423 380 2457 multo
395 2423 658 2457 concinniorem
674 2430 710 2458 et
724 2424 917 2459 suaviorem
929 2453 938 2470 ‚

268 2473 361 2507 salvo
372 2474 535 2508 carminis
551 2481 666 2509 metro
675 2501 684 2516 ,
697 2474 850 2509 exhibet:
863 2478 943 2510 lz'cet

267 2525 330 2557 hoc
348 2537 391 2558 ez·
413 2528 490 2568 ipsa
506 2527 651 2560 Palladi·
663 2538 799 2570 quaeras.
821 2526 885 2560 Ed.

310 2574 384 2620 569.
406 2577 496 2610 Nam
520 2589 572 2610 me
600 2578 781 2611 Phocaica.
815 2577 939 2612 Phocis

265 2625 361 2669 regio
369 2624 524 2670 Graeciae,
534 2628 683 2662 finitima
692 2629 816 2663 Atticae
825 2655 834 2672 ‚
843 2628 937 2664 unde

265 2677 454 2711 Phocaicas
479 2678 683 2714 deducitur..
694 2698 738 2707 —
758 2682 936 2715 Coroneus.

265 2725 354 2761 cod.
371 2727 457 2773 Reg.
474 2729 523 2772 B,
540 2731 739 2766 Phoroneus.
758 2730 823 2766 Ed.
840 2731 935 2767 —In

1017 1596 1240 1640 sequentibus
1266 1596 1417 1631 multum
1439 1599 1516 1638 ἦθος.
1537 1614 1582 1623 -—
1597 1599 1691 1634 Nota

1015 1649 1133 1692 loquor
1158 1648 1253 1683 addit
1267 1674 1276 1691 ,
1312 1649 1393 1693 quia
1416 1649 1546 1683 natales
1574 1649 1688 1694 jactat.

1016 1700 1150 1734 Festive
1164 1726 1174 1743 ‚
1192 1714 1233 1734 ne
1248 1714 1299 1735 me
1314 1705 1492 1735 contemne.

1058 1752 1133 1797 572.
1149 1753 1237 1786 Nam
1250 1765 1346 1796 quum
1355 1765 1419 1795 per
1429 1754 1540 1786 litora.
1563 1751 1687 1787 Heius.

1015 1802 1218 1838 auctoritate
1231 1803 1384 1837 Medicei
1393 1810 1428 1838 et
1439 1799 1590 1838 duorum
1602 1804 1687 1838 Μο-

1012 1853 1078 1887 reti
1094 1880 1102 1893 ‚
1125 1856 1226 1897 dum‚·
1248 1854 1349 1888 male.
1379 1871 1423 1879 ——
1442 1855 1576 1888 Summa
1596 1866 1686 1898 spa-

1012 1907 1115 1938 tiarer
1128 1918 1240 1939 arena.
1259 1905 1382 1950 virgil.
1399 1905 1528 1952 Georg.
1544 1907 1561 1941 1
1571 1931 1580 1949 ‚
1603 1906 1686 1954 389:

1016 1955 1148 1990 Cornix
1163 1959 1239 1991 sola
1257 1960 1294 1991 in
1307 1961 1401 1991 sicca
1417 1970 1527 1992 secum
1546 1960 1684 2002 spatia—-

1012 2013 1067 2042 tur
1079 2023 1191 2044 arena.
1209 2009 1413 2055 Spatiantur
1425 2017 1543 2045 autem
1559 2011 1684 2045 corni-

1012 2073 1068 2095 ces
1086 2063 1186 2095 lentat
1194 2064 1373 2105 passibus,
1391 2062 1555 2108 idemque
1569 2062 1685 2098 inces—

1011 2125 1067 2147 sus
1083 2113 1188 2147 etiam
1204 2113 1376 2159 virginem
1389 2115 1521 2160 regiam
1536 2114 1645 2149 decet.

1055 2166 1129 2209 575.
1162 2166 1359 2200 consumsit.
1395 2165 1542 2201 Codices
1571 2165 1682 2201 nostri

1009 2215 1122 2261 Regii,
1136 2219 1329 2261 absumpsit.
1341 2236 1385 2244 -
1394 2219 1523 2259 Mollis,
1535 2217 1679 2263 pedihus

1008 2269 1135 2303 cedens
1149 2295 1158 2313 ‚
1186 2282 1255 2314 quo
1277 2269 1374 2304 sacile
1399 2269 1568 2304 lassantur
1590 2281 1679 2303 cur—

1007 2327 1133 2356 rentes.
1151 2321 1243 2366 Opp.
1259 2323 1394 2355 densum
1405 2347 1414 2362 ,
1434 2320 1604 2361 solidum;
1622 2320 1679 2355 ad-

1006 2373 1165 2418 spergine
1183 2372 1279 2406 enim
1294 2372 1398 2406 maris
1415 2372 1495 2406 litus
1517 2371 1676 2408 durescit.

1005 2442 1049 2450 —·
1066 2426 1142 2458 Non
1164 2427 1322 2467 conhjqit,
1346 2436 1421 2457 non
1439 2423 1597 2458 exaudita
1615 2430 1676 2458 est.

1005 2476 1072 2519 IV,
1094 2477 1155 2519 104
1169 2488 1177 2509 z
1196 2477 1314 2509 Vola...
1328 2478 1461 2520 tetigere
1469 2477 1582 2517 Deos,
1599 2479 1677 2509 teti-

1001 2540 1077 2571 gere
1085 2531 1251 2572 parentes.

1047 2581 1121 2626 579.
1138 2580 1206 2613 Pro
1221 2581 1346 2622 virgine
1357 2581 1458 2622 virgo.
1472 2577 1582 2612 Pallas
1592 2588 1673 2622 per-

1003 2637 1107 2675 petua
1130 2630 1282 2676 gaudens
1306 2630 1512 2676 virginitate.
1539 2630 1604 2662 Ed.
1628 2646 1671 2654 ——

1005 2680 1128 2715 Claud.
1150 2693 1247 2715 xxxv
1259 2707 1268 2724 ,
1296 2693 1357 2727 207
1378 2691 1387 2712 :
1403 2682 1554 2714 stimulat
1573 2690 1669 2713 com·—

1001 2735 1110 2767 mum?
1123 2734 1160 2767 ia
1171 2744 1266 2767 arma
1287 2734 1478 2776 Virginitas.
