1832 3100
331 255 415 297 282

693 252 758 297 Pa
789 253 1026 299 ov1D11
1072 254 1376 312 NASONIS

330 367 353 387 »
381 345 481 393 Sive
504 345 665 404 timor;
690 347 947 412 primusque
972 347 1140 395 Medon
1160 348 1406 411 nigrescere
1429 348 1577 414 pinnis
1619 335 1621 338 Ι

326 444 352 464 »
381 423 577 488 Corpore
601 422 809 490 depresso
823 461 834 482 ‚
857 439 901 475 et
924 424 1061 490 spinae
1085 425 1335 473 curvamina
1356 424 1471 473 flecti

328 521 351 540 »
379 499 542 566 Incipit
561 520 569 547 :
589 500 693 550 huic
715 503 930 568 Lycabas,
956 504 1008 550 In
1032 520 1126 568 quae
1146 502 1353 550 miracula
1368 539 1381 560 ,
1404 502 1543 560 dixit,

328 597 353 619 >›
378 574 610 626 Verteris?
627 591 670 627 et
689 578 767 627 lati
790 580 926 629 rictus
942 617 954 637 ‚
980 568 1023 628 et
1043 579 1187 645 panda
1209 579 1411 647 loquenti

329 675 353 695 >›
379 654 509 718 Naris
536 667 652 714 erat,
679 675 992 723 squamamque
1017 657 1130 706 cutis
1150 657 1302 705 durata
1327 658 1539 707 trahebat.
1670 671 1736 718 675

326 758 351 779 >›
377 737 440 785 At
463 738 622 805 Libys,
650 740 877 788 obstantes
899 740 1004 789 dum
1026 739 1121 789 vult
1143 741 1369 789 obvertere
1390 757 1555 800 remos,

326 840 350 860 >›
376 820 430 866 In
451 821 643 886 spatium
664 822 829 871 resilire
851 842 1005 872 manus
1028 823 1158 871 breve
1183 822 1320 880 vidit3
1341 834 1386 871 et
1405 822 1502 870 illas

326 922 350 943 »
377 901 475 948 Jam
496 921 589 949 non
611 921 704 951 esse
728 923 903 962 manus,
919 905 1007 970 jam
1031 904 1189 971 pinnas
1210 924 1342 971 posse
1364 904 1521 952 vocari.

327 1003 351 1023 »
379 982 505 1031 Alter
527 984 582 1031 ad
602 985 791 1034 intortos
816 987 996 1053 cupiens
1021 987 1123 1035 dare
1143 987 1323 1035 brachia
1345 986 1498 1044 funcS‚
1542 1004 1568 1012 κ

328 1084 352 1104 »
380 1064 567 1113 Brachia
588 1085 679 1114 non
702 1066 881 1126 habuit;
906 1080 1154 1135 truncoque
1176 1067 1396 1134 repandus
1418 1067 1463 1115 in
1484 1065 1625 1115 undas
1667 1080 1740 1115 680

325 1197 479 1243 Seneca,
499 1199 622 1245 Agam.
639 1202 714 1244 451.
732 1219 776 1228 -·
788 1203 861 1237 Sive
870 1204 934 1237 hoc
936 1228 999 1238 ......

322 1253 429 1284 Ιίιιιον.
452 1250 647 1296 Scriptores
672 1259 822 1298 utroque
844 1254 999 1290 trahunt.

323 1300 366 1334 In
377 1301 498 1348 hymn.
510 1304 657 1338 Homer.
666 1317 775 1350 quum
785 1318 876 1340 unus
886 1305 921 1340 in
933 1305 1001 1340 leo-

322 1366 407 1387 nem
425 1362 579 1391 mutatus
602 1357 773 1402 impetum
792 1358 829 1391 in
850 1358 1001 1403 reliquos

321 1406 452 1441 faceret
470 1433 479 1451 ,
512 1407 546 1441 hi
569 1415 667 1444 metu
688 1411 864 1455 perterriti
888 1411 1002 1456 prosi-

321 1457 413 1492 liunt
441 1459 478 1493 in
510 1473 607 1496 mare
641 1469 676 1496 et
713 1462 866 1508 delphini
898 1463 1000 1498 fiunt.

322 1509 440 1544 Etiam
465 1512 556 1556 apud
576 1514 761 1560 Hyginum
783 1522 818 1549 et
837 1515 1000 1549 Servium

319 1561 480 1597 leonibus
498 1570 534 1597 et
553 1565 731 1608 pantheris
750 1573 894 1611 repente
916 1579 1000 1612 pro-

320 1614 543 1649 currentibus
556 1622 744 1651 terrentur.
767 1617 838 1652 Sed
855 1618 999 1652 alteram

321 1677 460 1700 causam
483 1666 717 1711 Apollodorus
740 1668 843 1703 habet
858 1696 867 1713 ,
898 1671 1000 1714 ἔμμα-

322 1725 383 1756 νεῖς
397 1721 561 1763 γενόμενοι.
581 1719 686 1765 Apud
705 1720 996 1766 Aglaosthenem,

321 1769 479 1805 Bacchus
495 1771 640 1807 comites
659 1785 739 1807 suos
754 1773 999 1820 symphoniam

323 1834 449 1856 canere
466 1822 608 1867 jubebat
621 1849 630 1867 ,
657 1837 725 1869 qua
741 1825 877 1868 audita,
904 1826 1000 1872 Tyr-

323 1873 427 1907 rheni
442 1875 564 1909 saltare
577 1875 808 1921 incipiebant,
825 1877 1000 1912 saltantes-

325 1926 446 1970 quein
467 1940 563 1961 mare
587 1941 621 1962 se
640 1929 869 1975 projiciebant
890 1930 999 1964 inscii.

323 1979 442 2013 Etiam
455 1981 496 2014 ab
505 1980 720 2026 Apollodoro
730 1989 787 2028 βοὴ
800 1986 897 2019 αὐλῶν
907 1994 999 2017 com-

322 2038 552 2066 memoratur.
585 2050 630 2058 ·-
658 2036 851 2078 Nigrescere
873 2037 999 2078 pinnis.

323 2083 442 2117 Nostri
456 2083 605 2120 Codices
617 2086 736 2132 Regii,
747 2090 928 2131 ntgrrrscere
936 2100 999 2120 coe-

315 2137 379 2175 pit.
400 2134 541 2180 Ingrata
560 2143 612 2171 est
629 2137 692 2171 ista
710 2138 871 2183 repetitio
886 2141 996 2181 capit,

320 2187 448 2228 ιζιιεᾴἰΐ.
470 2186 536 2220 Ed.
559 2205 604 2214 —-
619 2190 735 2223 Pinna·
752 2188 922 2235 (Finnen)
943 2189 1001 2223 in-

319 2242 516 2272 strumenta
526 2239 669 2273 natandi
684 2240 829 2285 piscibus
842 2241 917 2277 loco
929 2253 1000 2275 ma-

320 2286 435 2323 nuum
447 2296 482 2323 et
498 2289 629 2335 pedum
644 2291 742 2326 datae.
761 2292 862 2327 Tales
876 2293 999 2338 pinnas

324 2340 480 2387 delphini
496 2343 531 2377 in
551 2351 673 2379 ventre
685 2345 816 2380 habent
832 2346 933 2389 duas,
951 2350 1000 2380 ni-

319 2407 383 2437 gra
396 2401 474 2429 cute
491 2395 655 2431 obductas
669 2423 679 2440 ,
704 2397 763 2431 sed
781 2406 815 2431 et
832 2397 974 2433 dorsum
987 2424 996 2441 ,

324 2444 362 2478 in
375 2457 446 2489 quo
456 2459 525 2480 una
540 2446 647 2492 pinna
656 2449 900 2494 sesquipedalis
912 2475 921 2492 ,
942 2450 999 2482 ni-

324 2509 426 2541 grum
445 2499 597 2533 colorem
615 2501 741 2544 refert,
769 2501 1000 2545 quemadmo—

325 2549 412 2584 dum
440 2559 564 2586 venter
590 2552 718 2586 album.
752 2554 833 2587 Hoc
854 2553 998 2587 nomine

324 2601 489 2649 deceptus
500 2605 698 2640 Lactantius
709 2633 716 2646 ‚
736 2605 772 2640 in
790 2606 998 2652 Argument.

323 2654 424 2689 nobis
436 2664 554 2691 narrat
563 2684 572 2699 ,
592 2658 781 2692 nonnullos
790 2658 827 2692 in
837 2671 916 2692 aves
926 2670 998 2692 esse

322 2712 484 2741 mutatos.
500 2727 543 2734 —
561 2710 745 2753 Depresso,
769 2722 876 2755 quum
899 2716 1001 2744 antea

324 2765 440 2794 erecto
453 2786 463 2804 ,
478 2767 516 2794 ut
531 2760 654 2804 homo,
668 2762 796 2797 suisset.
805 2781 849 2790 —
862 2763 1001 2806 Corpore

1066 1205 1219 1247 depresso
1226 1230 1234 1244 ,
1246 1206 1282 1236 el
1290 1205 1401 1246 spine.
1416 1200 1538 1236 Codex
1546 1200 1677 1246 Regius
1686 1200 1717 1235 B
1729 1227 1739 1244 ,

1066 1265 1218 1299 corporc‚·
1242 1256 1427 1298 sedpresso
1441 1256 1552 1297 spino.
1567 1271 1612 1278 —
1633 1254 1746 1288 Flam·

1067 1307 1182 1352 quoad
1211 1309 1402 1342 curvamina
1417 1333 1427 1348 ‚
1465 1307 1545 1352 quia
1569 1304 1740 1351 delphinis

1066 1371 1191 1404 corpus
1208 1357 1416 1404 repandum.

1107 1411 1183 1456 673.
1204 1413 1245 1445 In
1260 1423 1331 1456 quoe
1349 1411 1513 1444 miracula
1523 1434 1532 1449 ‚
1571 1408 1609 1442 in
1633 1419 1738 1453 quam

1064 1466 1191 1496 miram
1206 1461 1421 1496 horrendam
1442 1461 1566 1495 faciem
1585 1458 1740 1494 verteris.

1065 1514 1187 1559 Vix-gil.
1197 1514 1323 1560 Georg.
1332 1513 1397 1558 IV,
1408 1514 1466 1557 441
1483 1525 1491 1546 :
1504 1513 1627 1546 Omnia
1634 1516 1741 1546 brans-

1053 1565 1190 1609 format
1200 1578 1274 1599 sese
1287 1570 1324 1599 in
1341 1567 1506 1599 miracula
1518 1577 1631 1598 rerum.
1649 1563 1741 1598 Nos-

1064 1624 1135 1660 ter,
1155 1617 1170 1650 1
1175 1617 1220 1660 V,
1240 1619 1306 1663 590
1319 1621 1432 1661 :leque
1444 1617 1530 1649 his...
1543 1627 1628 1649 exue
1638 1612 1739 1649 mbu-

1062 1672 1152 1702 slris.
1160 1686 1204 1694 —
1213 1669 1263 1702 Et
1264 1669 1392 1712 panda.
1402 1667 1505 1701 Unus
1515 1693 1524 1710 ,
1535 1671 1613 1700 sina
1622 1693 1630 1706 ‚
1645 1666 1739 1710 quod

1062 1719 1187 1753 Burm.
1208 1732 1249 1753 ex
1265 1722 1352 1752 sima
1376 1724 1494 1752 ortum
1514 1718 1677 1763 putabat,
1695 1716 1739 1750 de

1064 1784 1134 1816 quo
1144 1771 1222 1805 vide
1233 1771 1354 1805 Heius.
1365 1769 1407 1804 ad
1415 1769 1740 1817 X1V‚95.—Nostri

1064 1823 1178 1869 Regii,
1184 1825 1311 1867 panda.
1321 1823 1403 1856 Sina
1410 1822 1557 1856 velst'ma
1565 1820 1739 1856 mendum

1063 1881 1125 1909 est.
1133 1876 1198 1908 Ed.
1212 1874 1235 1908 J
1238 1886 1294 1908 am
1305 1873 1392 1908 Scal.
1401 1872 1626 1917 reprehendit
1635 1871 1740 1907 ovid.

1065 1926 1158 1972 quod
1169 1939 1327 1972 squamas
1343 1925 1505 1960 tribuerit
1519 1925 1696 1970 delphino.

1106 1980 1181 2026 675.
1201 1980 1375 2014 obvertere
1387 1991 1493 2013 remos
1503 1977 1597 2013 idem
1609 1989 1715 2023 quam
1729 2004 1738 2020 ,

1062 2034 1210 2067 1'nh1'bere
1227 2035 1327 2066 remis·
1339 2059 1347 2072 ,
1380 2034 1514 2082 πρύμναν
1532 2033 1715 2081 aponiano-Oen
1728 2056 1739 2075 ,

1064 2095 1234 2118 converso
1264 2083 1412 2129 remigio
1439 2089 1634 2117 retrorsum
1659 2081 1710 2116 ire
1728 2109 1737 2122 ‚

1066 2136 1159 2182 quod
1176 2137 1288 2171 facere
1307 2135 1420 2170 solent
1435 2136 1553 2180 sugam
1569 2133 1740 2169 meditan-

1065 2198 1125 2226 tes.
1146 2191 1339 2223 Obstabant
1355 2189 1451 2223 enim
1465 2187 1577 2231 remi,
1592 2194 1632 2222 ut
1644 2187 1740 2222 navis

1065 2249 1218 2288 coeptum
1233 2254 1375 2276 cursum
1386 2248 1507 2275 tenere
1517 2252 1591 2274 non
1607 2246 1740 2284 posset:

1064 2297 1227 2328 obvertere
1250 2305 1366 2327 navem
1389 2292 1492 2326 vertit
1512 2290 1637 2325 Cicero
1655 2288 1739 2324 illud

1066 2347 1236 2382 Arateum
1250 2372 1259 2389 ,
1279 2346 1452 2380 ἄνακέπτειν
1467 2352 1538 2379 uffae.

1107 2399 1181 2444 678.
1193 2399 1274 2430 Jam
1279 2399 1416 2440 pinnas.
1434 2394 1552 2430 Nostri
1564 2394 1665 2440 Regii
1677 2393 1741 2428 ha·

1063 2450 1150 2484 hent
1160 2460 1290 2493 pennas
1301 2460 1311 2481 ,·
1323 2447 1418 2492 parvi
1433 2447 1553 2490 refert,
1566 2458 1649 2480 nam
1661 2450 1742 2490 pin-

1063 2513 1128 2534 nas
1135 2500 1278 2545 piscium
1289 2502 1476 2544 propenm's
1482 2498 1628 2544 piscium
1636 2497 1742 2542 accipi

1064 2567 1160 2600 posse
1173 2565 1396 2599 nequaquam
1413 2552 1560 2587 dubium
1574 2558 1634 2587 est.
1657 2553 1723 2585 Ed.

1107 2607 1182 2654 679.
1191 2608 1300 2639 Funes
1307 2633 1314 2644 ‚
1324 2604 1514 2639 retinacula
1522 2615 1739 2638 ancorarum.

1072 2658 1297 2702 Tortossunes
1308 2657 1392 2691 dixit
1405 2656 1503 2702 Virg.
1514 2654 1655 2689 AEneid.
1667 2654 1719 2688 IV
1730 2680 1738 2696 ,

1067 2714 1192 2757 575.—-
1203 2713 1314 2752 Dare,
1329 2709 1516 2745 extendere
1530 2735 1539 2752 ,
1553 2707 1739 2754 porrigere.

1065 2781 1109 2790 —-
1127 2765 1161 2797 T
1155 2776 1258 2797 runco
1266 2789 1275 2805 ,
1286 2763 1360 2797 sine
1372 2761 1541 2795 manibus.
1553 2778 1597 2785 -
1605 2761 1747 2794 Falcan·
