1832 3100
404 190 1099 239 METAMORPHOSEON
1138 192 1271 235 LIB.
1313 192 1385 234 II.

177 307 201 330 »
229 285 356 351 Quid
376 304 474 335 mea
495 282 609 333 colla
633 294 755 331 tenes
775 280 978 340 blandis,
1004 281 1177 344 ignare,
1202 281 1411 332 lacertis?

1517 190 1597 252 Ι47

1541 310 1602 331 ¹00

177 386 201 408 »
226 365 294 413 Ne
321 363 502 423 dubita,
527 361 731 420 dabitur,
756 359 932 427 Stygias
951 359 1196 425 juravimus
1219 359 1386 418 undas,

178 464 202 486 n
227 442 557 510 Quodcumque
581 438 753 507 optaris
780 458 790 486 :
813 438 890 487 sed
916 449 966 486 tu
988 437 1233 504 sapientius
1256 449 1375 503 opta.
1406 461 1429 479 »

173 521 374 571 Finierat.
386 519 588 569 monitus
608 538 617 566 :
640 517 770 571 dictis
792 528 938 566 tamen
960 514 1036 563 ille
1059 526 1279 582 repugnat
1299 534 1309 573 ;

173 599 550 668 Propositumque
570 607 715 654 tenet;
734 595 977 662 flagratque
999 593 1208 661 cupidine
1227 612 1395 641 currus.

173 681 324 743 Ergo,
353 697 441 745 qua
461 676 614 734 licuit,
640 675 816 738 genitor
838 684 1093 730 cunctatus,
1119 672 1175 721 ad
1199 671 1314 720 altos
1550 687 1609 718 101⁷»

175 761 371 811 Deducit
386 760 615 826 juvenem,
641 755 859 806 Vulcania
878 774 1085 813 munera,
1109 773 1278 803 currus.

175 845 352 893 Aureus
375 839 468 891 axis
492 852 606 898 erat,
630 850 748 888 temo
773 856 953 895 aureus,
978 856 1108 886 aurea
1132 855 1312 886 summae

178 926 425 994 Curvatura
446 935 556 972 rotae
577 943 588 971 :
608 921 832 970 radiorum
855 931 1089 983 argenteus
1111 919 1236 967 ordo.

178 1008 264 1058 Per
280 1007 388 1074 juga
407 995 695 1073 chrysolithi,
721 1003 968 1070 positaeque
992 1021 1042 1050 ex
1065 1001 1221 1049 ordine
1247 1019 1448 1063 gemmae,

224 1155 299 1199 104.
317 1155 423 1189 Tene!
423 1154 630 1197 propositum
639 1177 647 1191 ‚
662 1148 860 1193 eonsilium,

178 1206 380 1243 institutum
392 1231 402 1249 ,
414 1205 443 1240 is
455 1230 465 1249 ,
484 1203 590 1249 quiin
603 1214 646 1237 eo
656 1207 861 1247 permanet,

180 1273 299 1306 neque
311 1259 354 1294 ab
363 1271 407 1294 eo
417 1256 588 1292 deterreri
600 1261 725 1301 potest.
745 1255 863 1289 Tenaae

174 1315 359 1359 pmpositi,
386 1311 514 1346 Horat.
538 1308 595 1343 111
608 1334 619 1351 ,
642 1306 720 1345 od.
737 1316 783 1340 111
796 1331 806 1350 ,
834 1319 862 1339 1.

180 1383 226 1394 ·—·
239 1364 390 1407 Noster,
409 1361 487 1398 Art.
506 1360 626 1396 Amat.
641 1358 699 1393 lib.
713 1357 730 1393 1
746 1370 754 1392 z
772 1357 864 1391 Lec-

181 1425 301 1454 turam
327 1427 428 1462 spera
441 1440 451 1458 ,
474 1415 746 1459 propositumque
777 1414 862 1444 lene.

181 1470 245 1506 Me
249 1467 422 1514 tamorph.
433 1466 470 1502 X
480 1466 728 1510 :propositique
742 1466 856 1502 leuas,

178 1524 406 1570 quodcumque
416 1523 480 1560 sil,
498 1522 576 1554 orat
588 1522 629 1552 ut
641 1519 714 1561 ipsi
720 1516 862 1550 Indicel.

183 1574 372 1612 Cornelius
394 1573 514 1618 Nepos
527 1596 537 1614 ,
567 1570 638 1604 vita
662 1567 861 1603 Eumenis:

178 1630 298 1674 Itaque
305 1628 370 1662 boc
377 1626 585 1671 propositum
600 1623 715 1656 tenuit.
724 1634 742 1650 «
753 1618 860 1663 Vide,

178 1682 296 1728 inquit
318 1680 474 1723 Seneca,
509 1677 553 1712 de
570 1675 712 1712 Provid.
727 1701 737 1720 ,
755 1686 863 1720 quam

181 1735 247 1772 alte
257 1732 470 1771 descendere
488 1731 615 1768 debeat
630 1730 740 1764 virtus
756 1741 764 1764 z
778 1728 863 1763 scies

179 1787 229 1824 illi
238 1799 312 1823 non
322 1799 387 1833 per
396 1797 518 1834 secura
529 1781 733 1819 vadendum
746 1794 831 1816 esse.
843 1795 862 1812 »

182 1842 304 1877 Ardua
308 1842 422 1886 prima
435 1841 496 1873 via
507 1841 561 1872 est
570 1863 580 1877 ,
599 1840 635 1870 el
646 1848 714 1880 qua
722 1837 783 1869 vix
798 1840 864 1868 etc.

185 1894 273 1930 Hae
287 1904 400 1938 quum
419 1889 570 1929 audisset
593 1887 650 1923 ille
675 1898 864 1932 generosus

183 1945 403 1981 adolescens:
415 1957 432 1973 «
445 1941 577 1984 Placet,
587 1938 714 1984 inquit,
724 1938 779 1972 via
789 1951 798 1979 ;
813 1950 866 1971 as·-

183 1996 309 2033 cendo.
322 1996 384 2030 Est
394 1994 483 2030 tanti
494 2005 557 2039 per
566 1992 631 2027 ista
641 1991 691 2025 ire
701 2001 834 2026 casum.
846 2003 864 2019 υ

186 2050 271 2085 Non
279 2047 407 2083 desinit
414 2054 534 2082 tamen
543 2051 643 2090 pater
656 2055 773 2078 acrem
788 2041 866 2076 ani-

185 2112 288 2134 mum
313 2105 413 2133 metu
436 2096 611 2132 territare.
642 2095 750 2139 thue
774 2096 867 2128 viam

186 2156 302 2187 leneas
312 2178 322 2194 ,
337 2152 492 2194 nulloque
501 2160 607 2183 errore
621 2147 788 2188 traham,-
803 2146 871 2180 Per

186 2209 298 2239 lamen
322 2204 476 2242 adversi,
507 2207 573 2235 etc.
589 2199 675 2234 Post
698 2197 771 2233 haec
791 2197 839 2232 ait
858 2209 867 2233 ε

187 2258 294 2300 F'inge
307 2257 406 2290 datos
418 2265 542 2288 currus.
559 2267 577 2281 «ι
591 2251 670 2294 His,
687 2250 802 2295 inquit
816 2250 868 2295 iu-

188 2308 305 2349 venis,
331 2306 456 2352 quibus
476 2317 535 2339 me
554 2302 725 2338 deterreri
744 2308 844 2348 putas
856 2328 867 2346 ,

186 2362 316 2398 incitor
342 2374 351 2396 :
375 2359 460 2395 libet
474 2358 544 2394 illic
566 2365 658 2393 stare
673 2383 683 2402 ,
711 2357 772 2392 ubi
796 2356 869 2402 ipse

190 2414 252 2451 Sol
267 2413 418 2460 trepidat
433 2426 442 2449 ε
458 2411 599 2447 humilis
621 2417 657 2446 et
678 2409 800 2445 inertis
818 2415 870 2444 est

190 2476 266 2505 tuta
275 2468 399 2504 sectari
410 2481 418 2503 ι
429 2465 575 2513 per'alta
590 2466 700 2500 virtus
714 2465 750 2499 it.
770 2479 787 2494 »
803 2465 870 2498 Ed.

239 2524 312 2557 105.
331 2523 407 2565 Qua
422 2524 528 2556 licuit.
551 2521 660 2563 Quam
675 2522 774 2553 lt'cuil
786 2545 794 2560 ,
829 2531 871 2551 ex

191 2587 266 2610 uno
284 2573 419 2609 Moreti
435 2580 471 2608 et
488 2572 646 2608 Gronov.
665 2578 784 2606 tuetur
798 2570 872 2606 Ge-

191 2626 334 2669 bhard.;
355 2625 416 2661 sed
432 2624 510 2659 vide.
530 2625 727 2659 Burmann.

241 2692 314 2725 107.
331 2680 465 2715 Aureus
480 2679 560 2711 axis
576 2681 657 2711 emt.
681 2675 737 2710 Cs.
763 2675 873 2709 Hom.

195 2731 236 2770 Η.
248 2739 275 2768 E
286 2757 297 2775 ,
319 2731 470 2777 721-731
487 2756 497 2774 ,
515 2729 574 2764 ubi
588 2741 710 2764 currus
721 2727 874 2761 Junonis

927 1145 1150 1182 describitur:
1159 1145 1392 1191 reprehensus
1403 1152 1521 1180 autem
1531 1145 1615 1182 Nos-

928 1206 983 1234 ter
993 1206 1044 1234 est
1053 1212 1073 1233 a
1084 1199 1203 1234 multis
1211 1205 1356 1244 propter
1365 1198 1526 1233 crebram
1536 1211 1612 1233 voc.

926 1265 1047 1287 aureus
1061 1252 1310 1300 repetitionem
1324 1265 1332 1293 ;
1359 1250 1421 1286 sed
1438 1251 1529 1286 bene
1547 1250 1612 1285 de-

926 1305 1085 1340 fenditur
1108 1317 1128 1338 a
1154 1304 1366 1346 Burmanno
1393 1303 1609 1349 optimorum

926 1364 1113 1403 poetarum
1125 1355 1400 1398 auctoritatibus,
1422 1354 1560 1389 Gallim.
1578 1355 1612 1389 h.

927 1408 1030 1455 Apol.
1059 1409 1125 1450 33;
1150 1408 1257 1442 Dian.
1294 1420 1379 1450 1103
1412 1407 1493 1442 Del.
1522 1407 1613 1447 260;

926 1461 1050 1508 Virgil.
1061 1460 1205 1495 AEneid.
1216 1460 1246 1504 I,
1261 1460 1343 1504 4483
1356 1460 1423 1504 IV,
1440 1460 1501 1495 138
1514 1474 1522 1502 ;
1536 1460 1611 1505 qui-

925 1515 990 1551 bus
1002 1515 1187 1561 praeiverat
1206 1514 1358 1549 Homer.
1375 1526 1384 1548 ε
1403 1512 1483 1548 vide
1506 1513 1613 1547 etiam

927 1569 1062 1605 Victor.
1078 1570 1183 1603 Varr.
1208 1568 1304 1603 Lect.
1326 1567 1510 1608 XXXIII,
1546 1581 1582 1602 ια
1605 1581 1613 1602 :

927 1635 1131 1668 quanquam
1148 1622 1204 1656 vix
1222 1635 1310 1668 opus
1327 1629 1402 1656 erat
1414 1649 1423 1663 ,
1447 1621 1614 1667 exemplis

926 1675 1077 1710 aliorum
1091 1675 1234 1709 munire
1247 1687 1288 1709 ea
1301 1701 1311 1718 ‚
1325 1687 1403 1719 quae
1418 1673 1611 1719 elegantis—

925 1728 1016 1764 simo
1034 1728 1160 1774 cuique
1177 1740 1241 1773 per
1263 1739 1300 1762 se
1324 1726 1530 1772 probantur.
1561 1726 1614 1760 Ita

926 1781 1024 1815 enim
1051 1779 1314 1827 magnificentia
1339 1792 1463 1814 currus
1491 1778 1614 1813 fortius

925 1834 1079 1868 sentitur
1093 1846 1114 1868 a
1125 1833 1273 1868 lectore..

975 1886 1046 1926 108.
1065 1885 1250 1919 Curvatura
1259 1895 1396 1918 summa·
1411 1887 1510 1925 rote,
1530 1888 1595 1923 ἰ’τυς
1606 1911 1614 1924 ,

931 1938 1018 1983 ἁψὶς,
1030 1936 1179 1972 circulus
1189 1942 1289 1980 rotae,
1300 1935 1337 1970 in
1349 1948 1420 1981 quo
1430 1935 1617 1981 finguntur

929 1989 1028 2024 radii.
1049 2008 1095 2015 —
1110 1990 1297 2023 Radiorum
1319 1990 1419 2029 ordo,
1449 1988 1617 2033 exquisite

930 2055 995 2088 pro
1013 2044 1124 2084 radii,
1145 2041 1204 2087 qui
1219 2039 1344 2076 ordine
1367 2039 1615 2086 disponuntur.

931 2096 986 2131 Ita
999 2094 1117 2130 Tibul.
1127 2094 1164 2129 II
1178 2120 1188 2139 ,
1202 2105 1239 2138 v,
1248 2094 1288 2128 31
1302 2119 1312 2138 ‚
1326 2095 1503 2129 arundinis
1521 2097 1612 2129 ordo.

930 2167 975 2176 —-
988 2150 1128 2193 Jugum,
1154 2146 1292 2193 liguum
1312 2153 1552 2181 transversum
1576 2146 1613 2180 in

931 2209 1088 2237 extremo
1097 2207 1240 2235 temone
1252 2226 1262 2244 ,
1283 2198 1379 2245 quod¹
1394 2199 1489 2234 collis
1505 2211 1616 2244 equo-

931 2268 1013 2290 rum
1030 2253 1288 2300 imponebatur.
1315 2252 1355 2287 Id
1372 2253 1479 2288 etiam
1496 2253 1532 2287 in
1552 2266 1617 2286 re-

933 2307 996 2354 giis
1005 2306 1164 2342 curribus
1176 2318 1195 2340 e
1210 2305 1361 2351 pretiosa
1375 2302 1523 2339 materia
1540 2304 1618 2338 fieri

933 2367 970 2396 et
1002 2359 1150 2406 gemmis
1177 2357 1338 2393 exornari
1365 2357 1534 2392 solebant.
1554 2395 1556 2398 y
1575 2356 1618 2390 In

934 2414 1035 2449 Darii
1060 2425 1167 2456 curru
1192 2413 1446 2455 distinguebant
1471 2412 1619 2444 interm·—

933 2471 1041 2502 tentes
1053 2478 1188 2509 gemma·
1194 2464 1312 2508 jugum
1323 2476 1333 2496 ,’
1347 2461 1449 2496 Curt.
1467 2462 1536 2505 III,
1550 2473 1613 2504 111,

941 2520 989 2554 16.
1019 2519 1066 2553 Et
1098 2519 1222 2563 jugum
1253 2529 1429 2561 equorum
1451 2516 1618 2551 solarium

938 2569 1148 2606 Winkelm.
1159 2569 1195 2602 in
1213 2568 1379 2602 Monum.
1395 2567 1495 2609 Ined.
1508 2580 1544 2602 n.
1557 2568 1599 2611 43
1610 2593 1621 2612 ,

938 2633 1138 2667 expressum
1162 2619 1311 2655 exhibet.

988 2686 1058 2719 ¹09·
1082 2673 1291 2718 Chrysoliibt’
1302 2684 1450 2706 aureum
1465 2670 1621 2707 colorem

942 2725 1104 2759 referunt
1126 2750 1134 2768 ‚
1168 2737 1363 2770 aurumque
1387 2724 1475 2759 adeo
1500 2723 1623 2758 coloris·
