1832 3100
264 235 345 298 174

634 236 684 279 P.
723 236 956 282 OVIDII
994 233 1295 281 NASONIS
1362 275 1366 286 .

260 329 353 393 Qui
377 327 461 377 tibi
483 339 684 378 materno
710 329 906 396 quamvis
929 349 954 377 a
975 329 1185 393 sanguine
1206 330 1386 395 junctus
1399 341 1415 387 ‚'

258 413 412 461 Mente
437 413 601 470 tamen,
625 412 883 471 Phaethon,
906 411 1093 479 propior
1113 411 1199 460 fuit
1221 431 1231 460 :
1254 411 1327 460 ille
1349 409 1523 467 relicto,
1559 451 1561 456 ,

256 496 370 543 Nam
394 493 607 557 Ligurum
629 493 824 561 populos
840 532 851 553 ‚
879 506 921 543 et
943 513 1124 558 magnas
1145 506 1315 543 rexerat
1336 493 1494 552 urbeS,

1609 506 1675 552 37⁰

257 575 473 643 Imperio,
499 576 617 643 ripas
641 576 800 625 virides
825 595 1084 644 amnemque
1108 575 1296 643 querelis

258 658 500 707 Eridanum
523 658 751 725 implerat,
779 658 1018 725 silvamque
1043 657 1271 706 sororibus
1296 660 1467 705 auctam
1487 675 1498 703 :

260 740 414 804 Quum
435 759 520 788 vox
543 753 610 789 est
631 752 810 789 tenuata
831 741 926 788 viro
945 760 954 799 ;
981 759 1184 806 canaeque
1208 737 1392 806 capillos

259 820 551 870 Dissimulant
572 821 758 888 plun1ae3
782 821 1034 888 collumque
1062 841 1084 870 e
1107 833 1287 888 pectore
1306 819 1492 882 longum

259 903 534 967 Porrigitur,
561 903 814 970 digitosque
836 903 945 967 ligat
962 904 1168 969 junctura
1190 903 1400 951 rubentes
1421 921 1430 949 :

1613 911 1679 959 375

258 987 409 1035 Penna
431 985 547 1034 latus
569 986 725 1045 vestit;
752 997 872 1034 tenet
895 1005 946 1034 os
972 985 1066 1034 sine
1092 985 1289 1033 acumine
1313 995 1507 1032 rostrum
1526 1002 1536 1030 ι

259 1128 406 1162 minime
418 1134 470 1163 est
479 1126 653 1162 credibile.
667 1127 791 1172 Itaque
802 1126 870 1162 hoe
881 1135 941 1162 aut

260 1180 350 1215 male
374 1179 519 1222 fictum,
546 1186 606 1213 aut
629 1179 670 1214 ab
693 1179 733 1214 iis
757 1179 938 1223 additum,

262 1233 321 1279 qui
332 1232 554 1268 Phaethonta
565 1232 671 1266 alium
680 1232 920 1281 intelligebant
929 1258 938 1276 ‚

260 1286 302 1319 ab
313 1284 473 1319 orientali
484 1283 670 1318 diversum.
678 1284 842 1319 ——Menle
851 1284 939 1319 sorte

261 1336 304 1371 ad
313 1336 502 1371 amicitiam
511 1335 748 1371 referendum.
757 1354 801 1362 —-
808 1337 843 1371 A
849 1349 940 1370 san-

256 1394 369 1435 guine,
381 1386 572 1436 eleganter,
587 1390 701 1435 quoad
713 1390 940 1436 sanguinem:

261 1441 417 1487 exempla
433 1454 451 1475 e
471 1440 544 1476 Cic.
567 1441 663 1476 dabit
682 1441 798 1476 Clavis
827 1441 941 1476 Cicer.

259 1512 303 1521 —-
310 1494 457 1537 Propior,
470 1492 612 1538 propius
622 1493 774 1538 junctus,
786 1493 940 1528 similior.

304 1545 380 1590 370.
409 1545 579 1589 ligurum.
603 1545 763 1589 ligures,
791 1544 879 1579 dura
906 1552 942 1579 et

261 1596 422 1631 bellicosa
438 1608 523 1642 gens
534 1623 543 1638 ‚
563 1595 630 1630 late
648 1596 816 1630 tenebant
833 1596 941 1630 mari-

262 1647 347 1682 tima
360 1647 435 1682 loca
449 1660 524 1681 non
537 1646 645 1680 modo
657 1646 765 1681 Italiae
780 1646 938 1692 superio-

262 1699 308 1733 ris
321 1725 330 1742 ‚
346 1699 406 1734 sed
420 1705 456 1733 et
468 1698 589 1733 Galliae
600 1724 609 1742 ,
627 1704 796 1743 erantque
809 1697 896 1732 adeo
906 1704 942 1732 et

263 1750 350 1785 Padi
365 1750 487 1785 accolae
504 1763 512 1784 ε
529 1757 565 1784 et
583 1749 696 1785 Graeci
711 1749 845 1794 antiqui
862 1762 942 1783 om-

263 1817 348 1839 nem
366 1804 505 1839 Italiam
520 1803 736 1849 superiorem
755 1803 796 1837 ab
813 1803 853 1837 iis
867 1815 941 1837 no—

262 1857 454 1891 minarunt.
470 1855 576 1901 Apud
593 1854 834 1901 Apollon.1V‚
852 1855 917 1899 646
930 1880 940 1899 ,

264 1910 479 1955 Argonautae
499 1907 630 1942 adeunt
646 1911 728 1943 ’ἔθνεα
744 1910 840 1956 μύρια
855 1912 941 1942 Κελ-

263 1966 322 1996 τῶν
338 1966 391 1996 καὶ
406 1963 541 2004 Λιγύων.
565 1959 674 1994 Recte
690 1959 797 2003 igitur
814 1959 943 1994 Noster

262 2012 431 2057 Ligurum
435 2014 587 2055 populos.
594 2010 707 2045 Iidem
715 2010 820 2055 igitur
828 2018 863 2045 et
870 2023 944 2045 suc-

262 2065 382 2099 einum
393 2065 534 2099 mittere
546 2064 780 2099 credebantur
792 2090 802 2107 ‚
819 2063 943 2098 Claud.

263 2128 324 2158 XL,
351 2129 386 2150 11
399 2142 408 2159 ,
427 2123 462 2150 et
477 2116 657 2150 succinum
675 2116 791 2161 ipsum
809 2115 943 2150 dictum

264 2175 316 2203 est
333 2171 509 2218 λιγγούριον.
528 2167 655 2202 Strabo
672 2168 725 2201 IV
737 2195 745 2209 ,
765 2181 797 2213 p.
815 2168 890 2202 310.

300 2221 383 2267 371.
402 2223 514 2265 Bipas
526 2248 534 2262 ,
561 2227 601 2255 ut
616 2220 690 2254 loca
707 2220 857 2254 solitaria
873 2233 943 2265 pe-

265 2272 468 2312 teresolent
482 2271 595 2306 moesti
611 2286 618 2314 ;
641 2271 675 2305 X
689 2297 698 2315 ,
719 2273 769 2316 74.
787 2288 830 2297 --·
848 2272 943 2304 Am-

264 2338 408 2370 rmmque.
422 2325 607 2370 Tanaquil.
622 2325 736 2359 Faber
754 2336 946 2368 amnemque

264 2378 300 2412 in
313 2391 502 2423 omnemque
512 2376 724 2412 mutandum
737 2383 865 2411 censet.
877 2377 944 2410 Im-

265 2443 326 2464 mo
341 2434 435 2475 ripas
454 2437 489 2464 et
500 2443 631 2464 amnem
645 2429 735 2463 bene
751 2429 943 2472 conjunxit.

265 2502 309 2509 -
325 2485 493 2527 Impleral.
517 2482 638 2517 Codex
656 2482 785 2527 Regius
799 2482 840 2515 Β.
854 2507 864 2525 ‚
880 2484 946 2514 im·-

261 2539 375 2579 pleus’l.
415 2555 460 2562 ·-
488 2538 609 2579 Implet
628 2549 756 2569 amnem
783 2537 922 2580 querelis
933 2560 942 2578 ,

266 2589 390 2623 crebro
406 2589 452 2622 ibi
470 2589 597 2634 repetit
615 2589 772 2633 querelas
784 2615 794 2632 ,
816 2600 944 2633 nempe

266 2647 381 2674 cantu.
397 2640 520 2685 Virgil.
537 2639 679 2673 AEneid.
694 2640 727 2673 X
738 2667 746 2679 ,
770 2651 832 2686 ¹9⁰
849 2652 856 2673 ε
875 2641 946 2673 Po-

261 2695 381 2736 pula-as
391 2695 478 2726 inler
479 2692 623 2735 frondes
633 2695 842 2736 umbramque
853 2704 946 2725 soro-

265 2756 336 2778 rum
351 2745 442 2777 Dum
453 2747 547 2777 cam'l
554 2770 563 2784 7
581 2747 615 2776 et
624 2748 774 2777 moeslum
786 2756 881 2776 musa
893 2756 943 2777 so-

1005 1131 1097 1163 lalur
1109 1141 1263 1162 amorem.
1281 1145 1325 1153 -—
1341 1127 1532 1167 Sororibus,
1554 1125 1683 1160 scilicet

1006 1179 1092 1222 tuis;
1111 1179 1145 1214 X
1159 1205 1168 1224 ‚
1184 1193 1223 1227 91
1237 1206 1246 1223 ‚
1264 1178 1318 1213 hae
1333 1185 1402 1213 tres
1415 1181 1552 1212 sorores
1567 1183 1683 1211 muta·

1006 1240 1050 1268 tae
1081 1245 1197 1267 nemus
1221 1234 1403 1272 Heliadum
1429 1230 1595 1266 dicuntur
1609 1243 1618 1272 ;
1648 1236 1684 1264 et

1006 1286 1097 1333 apud
1109 1286 1277 1321 German.
1292 1285 1390 1320 Arat.
1402 1286 1480 1330 370,
1491 1296 1577 1319 nova
1585 1285 1683 1317 siloa.

1005 1339 1208 1374 —Auclam
1219 1338 1428 1373 Gebhardus
1439 1350 1458 1372 e
1472 1335 1686 1381 manuscrip-

1006 1392 1048 1426 tis
1065 1391 1145 1435 suis,
1160 1391 1295 1437 Aplam.
1313 1388 1476 1425 Alterum
1487 1388 1598 1423 multo
1609 1400 1685 1423 me-

1005 1444 1080 1478 lius.

1051 1495 1127 1542 373.
1147 1496 1256 1539 Quum
1271 1507 1348 1528 vox.
1371 1493 1425 1528 Ex
1438 1505 1523 1527 voce
1539 1491 1629 1542 yiirili
1649 1498 1685 1526 et
1710 1490 1717 1496 '

1006 1548 1099 1593 gravi
1115 1548 1203 1582 sacta
1218 1553 1269 1581 est
1286 1558 1352 1580 vox
1365 1544 1466 1593 cycni
1484 1544 1608 1579 tenuis.
1639 1544 1683 1578 In

1009 1598 1244 1635 describendis
1257 1596 1620 1633 transformationibus
1633 1595 1686 1641 ip-

1006 1653 1050 1687 sis
1076 1650 1192 1697 prodit
1210 1649 1359 1685 Ovidius
1381 1648 1599 1683 inexhaustas
1620 1647 1685 1681 in·—

1007 1703 1100 1750 genii
1111 1702 1225 1749 copias
1237 1728 1247 1746 ‚
1259 1700 1442 1746 verbisque
1453 1699 1595 1735 delectis
1605 1699 1687 1745 pin-

1007 1755 1056 1801 git
1073 1754 1308 1789 animantium
1323 1759 1475 1787 naturas.
1495 1750 1630 1786 Confer
1641 1751 1686 1786 si-

1007 1807 1128 1841 milem
1141 1805 1374 1840 mutationem
1386 1830 1395 1848 ,
1408 1803 1512 1846 XIV,
1529 1802 1594 1851 49⁴9
1611 1815 1687 1848 sqq.

1006 1877 1051 1886 ·-
1069 1860 1173 1894 Canoe
1187 1860 1318 1903 plumae.
1347 1855 1536 1897 Candidae3
1559 1854 1685 1900 Virgi-

1007 1912 1073 1947 lius
1104 1911 1196 1946 dicto
1219 1911 1295 1945 loco
1319 1908 1351 1943 ei
1376 1915 1563 1944 canentem
1589 1906 1686 1941 molli

1007 1964 1127 2010 pluma
1145 1969 1323 1998 senectam
1339 1960 1470 1996 tribuit.

1053 2016 1126 2061 374.
1137 2016 1376 2048 Dissimularil.
1386 2011 1612 2046 Dissimulare
1621 2010 1688 2044 ele-

1011 2074 1134 2114 ganter
1149 2066 1276 2101 dicitur
1292 2066 1405 2100 sorma
1419 2092 1428 2110 ,
1448 2065 1511 2099 sub
1528 2076 1596 2109 qua
1612 2062 1688 2108 quis
1741 2093 1747 2099 .

1008 2120 1103 2155 latet.
1121 2118 1268 2153 Heroid.
1283 2118 1337 2153 IV
1349 2144 1359 2161 ‚
1379 2117 1441 2159 563
1461 2121 1560 2150 lauro
1575 2117 1687 2150 d12cs12-

1007 2174 1154 2206 mulante
1163 2172 1287 2205 Jovem.
1302 2170 1398 2204 Hinc
1408 2168 1498 2203 insra
1508 2193 1518 2212 ,
1537 2167 1577 2211 37
1585 2180 1596 2200 1
1605 2193 1614 2211 ,
1627 2178 1689 2200 nec

1008 2237 1045 2259 se
1057 2226 1269 2266 dsssimulan
1289 2222 1340 2256 IX
1351 2247 1360 2265 ‚
1379 2221 1420 2266 76
1432 2247 1441 2265 ,
1454 2220 1502 2254 sic
1516 2221 1634 2254 celare.
1643 2235 1689 2244 --

1009 2278 1170 2320 longum.
1183 2275 1301 2310 Nostri
1315 2273 1474 2315 Codices,
1487 2274 1584 2315 longe
1591 2281 1604 2313 ,·
1618 2270 1689 2304 sor-

1007 2342 1069 2363 san
1085 2328 1219 2363 melius.
1236 2329 1302 2362 Ed.
1321 2344 1364 2353 —·
1379 2327 1562 2364 hactum,
1589 2323 1686 2358 cuti-

1009 2381 1098 2415 cula.

1053 2432 1129 2477 376.
1145 2432 1269 2470 Lusus,
1287 2428 1373 2463 alas:
1385 2440 1594 2472 nampermoe
1607 2431 1691 2462 sunt

1009 2482 1143 2516 alarum
1156 2496 1164 2524 ;
1179 2484 1306 2525 plumis
1320 2487 1439 2514 autem
1453 2479 1598 2524 reliquae
1609 2489 1689 2512 cor-

1008 2534 1104 2579 poris
1115 2540 1229 2579 partes
1239 2532 1460 2566 velantur.--
1474 2532 1598 2570 για-Μ,
1611 2534 1689 2563 octo

1009 2589 1115 2625 velat,
1136 2592 1238 2630 atque
1253 2585 1354 2619 bene.
1375 2586 1512 2619 Vestite.
1529 2583 1626 2617 Bene
1644 2579 1688 2614 de

1009 2636 1288 2683 pennis,plumis,
1297 2635 1466 2670 crinibus:
1477 2633 1555 2667 vide
1565 2631 1687 2667 Heius.

1009 2707 1052 2715 —-
1073 2690 1176 2723 Tenet
1182 2702 1221 2723 os
1232 2716 1241 2730 ,
1256 2695 1400 2733 occupat
1413 2687 1528 2722 locum
1541 2684 1618 2719 oris.
1636 2683 1687 2717 lta

1011 2749 1045 2776 et
1063 2754 1148 2777 vers.
1166 2741 1240 2775 830.
