1832 3100
289 214 374 269 432

670 215 721 258 Ρ.
758 215 998 260 0V1D11
1037 215 1342 262 NASONIS

291 331 315 352 »
341 306 687 374 Instabilemque
710 308 857 359 locum
882 310 1020 359 Delos
1038 310 1160 360 dedit
1180 331 1190 359 :
1211 311 1286 360 illa
1309 310 1486 360 duobus

294 408 317 429 »
344 387 477 434 Facta
498 404 657 452 parens
682 405 692 433 :
717 387 832 435 uteri
855 405 956 453 pars
979 399 1046 435 est
1065 387 1158 436 haec
1177 388 1362 454 septima
1384 386 1538 435 nostri.

293 486 316 505 »
346 463 453 512 Sum
473 462 578 512 felix
596 483 606 512 :
630 464 729 530 quis
754 464 871 513 enim
892 476 1023 526 neget
1041 463 1160 512 hoc?
1180 463 1371 530 felixque
1391 463 1603 534 mapebo3

293 563 317 584 >›
342 542 443 589 Hoc
467 561 646 608 quoque
672 542 770 608 quis
797 542 1003 589 dubitet?
1023 552 1162 589 tutam
1183 559 1252 589 me
1275 541 1403 607 copia
1425 541 1542 590 fecit.

294 640 317 662 >›
342 617 490 683 Major
512 637 635 676 sum,
661 637 791 684 quam
814 617 886 665 cui
908 617 1053 683 possit
1076 616 1256 666 fortuna
1275 636 1458 676 nocere;

1643 630 1704 678 ¹95

293 718 316 739 >›
344 695 579 762 Multaque
602 707 654 743 ut
672 696 854 761 eripiat,
877 694 1019 742 multo
1041 695 1151 743 mihi
1173 695 1301 761 plura
1323 695 1556 763 relinquet.

294 795 318 816 »
344 775 582 822 Excessere
603 784 769 820 metum
791 790 887 819 mea
903 771 991 836 jam
1016 772 1136 820 bona
1157 792 1166 819 ε
1184 773 1338 835 fingite
1362 773 1478 822 demi

295 871 318 892 υ
346 850 465 898 Huic
488 849 658 914 aliquid
678 847 847 914 populo
871 860 1075 897 natorum
1098 868 1230 915 posse
1249 868 1474 909 meorum3

295 949 318 970 »
345 929 450 977 Non
474 938 618 975 tamen
640 925 696 974 ad
718 944 948 973 numerum
971 925 1145 988 redigar
1169 924 1355 993 spoliata
1380 927 1592 986 duorum,
1646 975 1649 977 .

292 1042 381 1076 mari
395 1067 404 1085 ,
421 1040 481 1076 sed
496 1047 579 1076 nato
590 1039 752 1085 Apolline
767 1039 883 1075 statim
899 1039 970 1074 im-

292 1100 388 1128 mota
403 1094 492 1128 sacta
507 1100 559 1127 est
569 1099 604 1127 et
616 1093 749 1127 incussa
761 1118 771 1135 ‚
802 1092 967 1137 haesitque

289 1147 384 1180 inter
394 1145 553 1192 Gyarum
561 1145 827 1192 Myconumque
840 1143 968 1192 Cycla-

289 1197 348 1232 des
362 1211 370 1239 ;
387 1196 619 1240 AEneid.111,
636 1199 676 1242 75
692 1209 784 1241 sqq.,
798 1196 858 1230 ubi
869 1208 877 1230 ε
889 1207 967 1230 oras

287 1254 323 1283 el
352 1253 453 1284 lilora
478 1252 600 1284 circum
631 1250 806 1283 Errantem
825 1249 871 1281 M
859 1260 969 1294 scone

289 1304 381 1336 celsa
401 1303 578 1347 Gyaroque
608 1304 758 1335 revinxit.
785 1300 874 1334 Vide
893 1300 970 1334 dia-

290 1353 410 1398 logum
427 1352 528 1388 Iridis
543 1359 578 1387 et
589 1352 765 1398 Neptuni,
789 1350 880 1397 apud
897 1351 970 1385 Lu·-

291 1405 431 1439 cianum
448 1431 457 1448 ,
481 1411 516 1439 et
542 1417 628 1450 quos
644 1404 760 1438 laudat
779 1403 969 1449 Spanhem.

293 1455 336 1490 ad
366 1455 542 1490 Callimac.
567 1455 601 1489 h.
626 1455 705 1490 Del.
729 1455 805 1501 273.
836 1455 970 1489 Utrum

295 1514 481 1552 utramque
499 1507 635 1552 prolem
651 1508 687 1542 in
704 1507 767 1542 hac
779 1507 890 1541 insula
907 1506 971 1541 de-

294 1560 449 1604 posuerit
476 1559 611 1594 Latona
624 1586 633 1603 ,
662 1573 707 1595 an
734 1559 888 1593 Dianam
905 1559 971 1592 alio

292 1612 368 1646 loco
381 1638 390 1655 ,
407 1611 450 1645 de
461 1624 504 1645 eo
518 1611 726 1645 dissentiunt
740 1618 854 1655 poetae
868 1625 876 1651 ;
891 1610 969 1644 vide

296 1661 339 1696 ad
353 1662 389 1705 I,
406 1663 482 1709 694.
494 1662 602 1696 Delos
621 1669 738 1696 autem
755 1662 811 1696 hic
823 1662 970 1706 loquens

294 1714 484 1758 inducitur,
500 1722 539 1749 ut
556 1715 646 1760 apud
665 1715 812 1749 Homer.
824 1727 910 1749 vers.
927 1714 966 1748 61

293 1779 368 1811 sqq.
381 1792 390 1809 ,
409 1773 443 1800 et
457 1766 641 1801 commode
654 1793 664 1810 ,
682 1779 791 1811 quum
804 1766 913 1800 ambae
924 1765 970 1800 si-

294 1819 415 1853 milem
432 1824 564 1852 sortem
582 1818 830 1867 experirentur.
844 1837 888 1844 —
903 1820 971 1851 In—

292 1875 448 1906 slabz'lem
470 1871 688 1906 contemtim.
717 1870 852 1906 Confer
881 1883 969 1905 vers.

294 1923 359 1957 333
370 1936 443 1968 sqq.
450 1939 494 1949 —-
504 1924 571 1957 Illa
579 1925 704 1957 duobus
715 1924 822 1956 Facta
828 1934 951 1966 parens
960 1947 969 1962 ‚

297 1988 362 2020 pro
390 1978 527 2010 duorum
553 1988 594 2010 ex
617 1987 690 2009 uno
716 1974 846 2008 Codice
877 1973 973 2008 dedit

298 2029 476 2064 HeInsius.
485 2048 527 2054 —
539 2028 648 2063 Sicuti
662 2029 700 2063 in
715 2040 815 2062 versu
832 2029 892 2072 174
903 2027 973 2061 Re-

296 2081 342 2126 gii
358 2081 468 2115 nostri
483 2080 614 2115 habent
633 2085 686 2114 est
699 2083 849 2124 genelrix
867 2091 940 2112 mea
957 2104 966 2118 ‚

297 2131 346 2167 ita
362 2132 429 2166 hoc
444 2133 521 2167 loco
536 2132 667 2166 habent
684 2144 821 2176 quoque
837 2133 972 2165 duarum

289 2197 424 2228 parens.
441 2184 572 2218 Melior
587 2196 669 2218 sane
686 2183 787 2218 lectio
799 2194 905 2228 quam
919 2195 971 2216 re-

296 2235 461 2281 liquimus
476 2235 513 2269 in
531 2242 680 2279 utroque
694 2235 779 2269 loco.
798 2236 864 2269 Ed.

346 2301 417 2335 192.
429 2288 596 2321 Uten‘etc.
609 2286 658 2320 Hi
667 2286 736 2319 duo
747 2298 820 2319 non
829 2285 971 2327 faciunt,

298 2341 366 2375 nisi
377 2340 561 2385 septimam
577 2346 712 2384 partem
723 2351 846 2373 eorum
858 2364 867 2381 ,
887 2351 973 2383 quos

299 2405 364 2439 ego
381 2393 481 2427 enixa
495 2405 583 2427 sum.
603 2393 722 2425 Uterus
741 2390 783 2425 de
800 2398 871 2425 tota
886 2417 896 2434 ,
914 2404 974 2425 ea—

303 2459 370 2491 que
385 2457 573 2479 numerosa
585 2470 594 2487 ,
608 2443 715 2489 prole.
727 2443 875 2477 Homer.
892 2442 930 2476 Il.
940 2441 972 2476 d.

300 2498 320 2533 l.
341 2511 349 2532 :
373 2505 414 2539 Φῆ
442 2501 512 2542 ὅθι-ὡ
534 2499 662 2540 τεκέειν,
697 2499 711 2536 ἡ
731 2494 835 2536 δἀὐτὴ
857 2501 974 2539 ’γείνατο

300 2551 430 2588 πολλούς.
447 2549 535 2584 Inde
550 2556 585 2583 et
602 2547 692 2593 apud
708 2546 867 2592 Apollod.
885 2550 973 2583 εὐτε-

299 2602 444 2643 κνωτέραν
453 2613 487 2634 se
495 2600 599 2644 jactat
610 2600 751 2633 Latona.
762 2599 843 2632 Jam
854 2598 973 2643 incipit

301 2651 411 2684 oratio
422 2651 641 2697 languescere
652 2677 660 2694 ‚
673 2650 821 2684 maxime
837 2650 973 2684 insertis

299 2700 363 2735 illis
376 2705 541 2746 quisem‘m
559 2710 619 2738 etc.
630 2728 640 2746 ‚
661 2704 734 2736 Hoc
751 2715 873 2747 quoque
889 2709 950 2737 etc.
961 2728 970 2742 ‚

1033 1046 1069 1075 et
1090 1045 1277 1085 ταυτολογεῒν
1291 1067 1301 1085 ,
1322 1054 1431 1087 quum
1453 1041 1536 1077 inde
1553 1055 1573 1076 a
1590 1043 1708 1077 vocab.

1031 1098 1136 1128 lutam
1152 1107 1268 1139 usque.
1278 1094 1321 1128 ad
1336 1098 1483 1139 spoliala
1498 1097 1634 1130 duorum
1649 1109 1710 1131 ea-

1032 1145 1114 1179 dem
1124 1146 1297 1181 sententia
1305 1147 1489 1192 quinquies
1496 1148 1644 1192 repetita
1654 1147 1708 1182 sit.

1029 1215 1074 1224 —-
1089 1199 1237 1241 Populus
1261 1198 1408 1232 omnino
1436 1197 1646 1242 multitudo,
1669 1205 1710 1232 ut

1033 1250 1086 1284 XI
1100 1276 1109 1293 ,
1128 1250 1192 1294 634
1202 1277 1213 1295 ‚
1230 1251 1288 1285 ubi
1304 1250 1383 1285 vide
1395 1246 1503 1286 n'otas.
1525 1251 1577 1286 lta
1591 1253 1710 1286 cohors

1032 1303 1205 1335 liberorum
1219 1328 1227 1342 ‚
1259 1301 1400 1336 AEneid.
1425 1301 1459 1336 X
1471 1327 1481 1346 ,
1507 1301 1571 1336 328
1586 1315 1595 1343 ;
1621 1306 1710 1336 totus

1023 1353 1171 1398 familt'oe
1183 1355 1326 1397 populus
1340 1380 1348 1394 ‚
1381 1353 1473 1388 Plin.
1499 1352 1653 1396 XXXV,
1677 1366 1709 1388 2.

1093 1405 1255 1452 199-203.
1279 1406 1355 1439 Non
1381 1409 1491 1439 tamen
1519 1407 1570 1439 ad
1587 1418 1710 1439 nume-

1033 1470 1103 1492 rum
1121 1464 1185 1492 etc.
1210 1457 1280 1492 Hic
1294 1457 1389 1492 locus
1404 1456 1502 1492 valde
1526 1465 1711 1503 corruptus

1033 1516 1068 1543 et
1078 1508 1287 1544 disturbatus
1296 1521 1304 1543 :
1312 1509 1349 1543 in
1359 1509 1474 1555 primo
1485 1522 1587 1545 versu
1596 1536 1606 1554 ‚
1618 1523 1717 1547 unus

1033 1560 1137 1595 habet
1154 1574 1230 1595 num
1247 1566 1357 1596 tamen
1367 1573 1379 1604 ,·
1404 1561 1440 1595 in
1461 1562 1685 1607 sequentibus
1698 1588 1708 1605 ,

1035 1613 1118 1646 olim
1144 1613 1343 1658 legebatur:
1359 1614 1516 1658 Quodque
1530 1617 1611 1649 licet
1617 1641 1625 1655 ‚
1647 1619 1715 1649 ta—

1033 1667 1101 1698 cito
1117 1669 1314 1698 venerantur
1327 1678 1487 1699 murmure
1503 1678 1622 1700 numen
1637 1667 1711 1700 La-

1033 1719 1118 1749 lonae
1136 1717 1233 1749 turba
1247 1721 1406 1759 quantum
1421 1718 1574 1750 dl'slabal
1587 1719 1631 1751 ab
1648 1730 1711 1751 or—

1034 1771 1078 1802 ba
1090 1794 1099 1808 ‚
1124 1769 1267 1802 Tantum
1288 1772 1441 1802 animosa
1453 1769 1621 1812 sul'susl'l's
1634 1773 1712 1814 agi-

1036 1823 1110 1853 tata
1121 1822 1254 1853 dolorzlr.
1273 1819 1450 1854 Ultimum
1462 1833 1601 1856 versum
1625 1820 1712 1856 Cio-

1035 1870 1136 1903 sanus
1164 1876 1199 1903 et
1223 1869 1279 1903 alii
1301 1877 1394 1904 recte
1421 1869 1626 1906 deleverunt
1640 1898 1650 1915 ,
1676 1878 1712 1906 et

1038 1920 1132 1954 abest
1151 1932 1170 1953 a
1187 1920 1343 1964 plurimis
1362 1921 1470 1956 MSS.
1488 1921 1686 1957 Gronovius
1698 1947 1709 1965 ‚

1038 1971 1283 2007 Observation.
1296 1973 1362 2016 IV,
1381 1975 1419 2007 15
1431 1999 1441 2017 ,
1464 1973 1619 2019 primum
1631 1987 1712 2009 ver-

1036 2038 1115 2060 sum
1132 2026 1322 2072 postposuit
1337 2026 1453 2061 multis
1470 2034 1506 2062 et
1519 2027 1711 2063 secundum

1037 2078 1086 2112 sic
1109 2077 1310 2113 emendavit
1327 2090 1336 2111 :
1353 2078 1492 2112 Latonoe
1509 2091 1519 2112 .·
1534 2081 1630 2113 turba
1645 2092 1712 2123 qua

1037 2134 1195 2174 quantum
1216 2131 1368 2164 distabat
1387 2131 1431 2163 ab
1456 2133 1563 2167 orba?
1588 2131 1712 2166 Hein-

1037 2182 1106 2216 sius
1123 2182 1246 2227 probat
1257 2181 1560 2226 transpositionem
1572 2182 1713 2217 Grono-

1037 2234 1104 2278 vii,
1133 2240 1167 2268 et
1193 2233 1273 2279 legit
1302 2241 1468 2278 praeterea
1489 2247 1498 2269 :
1528 2237 1629 2269 turba·
1649 2247 1713 2279 quo

1037 2291 1195 2331 quantum
1215 2288 1324 2320 distat
1340 2289 1384 2320 ab
1404 2285 1504 2321 orba!
1527 2287 1711 2322 Burman-

1038 2353 1104 2374 nus
1120 2340 1258 2374 mallet:
1273 2343 1370 2374 turba
1385 2353 1451 2384 qua
1465 2340 1614 2385 (scilicet
1624 2341 1713 2376 duo-

1039 2404 1119 2425 rum
1131 2417 1141 2434 ,
1154 2398 1194 2425 ut
1203 2391 1332 2426 ironice
1347 2392 1467 2434 vocat)
1479 2396 1634 2435 quantum
1646 2394 1713 2426 dis-

1038 2447 1092 2476 tat
1114 2445 1158 2476 ab
1183 2444 1294 2478 orba?
1318 2442 1536 2477 schirachius
1560 2443 1711 2488 denique

1038 2493 1158 2528 suadet
1176 2506 1183 2527 :
1203 2496 1341 2527 Latoaoe
1353 2499 1450 2528 lorvoe
1463 2521 1472 2535 ,
1490 2508 1577 2539 quoe,
1598 2508 1711 2540 quan—

1038 2549 1106 2578 lum
1120 2548 1228 2578 distat
1247 2548 1290 2578 ab
1313 2547 1403 2579 orba.
1422 2546 1568 2591 Insuper
1589 2552 1720 2580 caetera<

1038 2596 1173 2631 mendis
1190 2597 1346 2631 laborant
1360 2612 1368 2638 3
1386 2598 1644 2642 legebaturzlte
1656 2608 1710 2631 sa·

1037 2653 1105 2683 crt's
1113 2661 1248 2692 propere
1261 2653 1369 2683 sacris
1379 2676 1387 2689 ,
1411 2649 1501 2694 quod
1513 2648 1710 2684 Gronovius

1038 2703 1167 2736 fatetur
1194 2714 1228 2736 se
1255 2713 1328 2735 non
1349 2702 1564 2746 intelligere3
1587 2699 1708 2735 suadet
