1858 3120
337 268 401 299 XII

339 335 557 405 saeculum,
577 366 689 413 quos
707 347 750 395 in
767 347 909 415 primo
930 349 1105 414 quidem
1121 347 1420 416 Metamorph.
1432 349 1549 398 libro
1560 351 1752 400 numeris

338 436 588 499 designatos
605 438 818 497 invenies,
837 438 963 486 8000
983 451 1025 486 et
1043 438 1163 486 8001
1181 476 1192 496 ‚
1210 438 1372 505 quibus
1391 439 1590 507 inscripti
1605 439 1747 503 Regio

338 524 550 588 Catalogo
573 527 878 592 reperiuntur;
914 526 1067 574 deinde
1088 545 1189 574 vero
1215 526 1351 589 signis
1375 527 1417 575 A
1439 538 1483 575 et
1504 528 1564 586 B,
1590 526 1658 576 vel
1676 527 1747 577 his

337 622 507 659 tantum
524 612 688 670 verbis,
701 613 1005 679 NostriRegii:
1017 612 1190 661 notulas
1207 631 1382 679 quoque
1394 613 1513 662 notis
1530 613 1749 664 interdum

335 697 550 760 addendas
571 700 745 756 censui,
763 719 870 765 quas
888 719 909 748 e
924 701 1141 763 congestis
1159 699 1214 748 V
1207 701 1381 749 ariorum
1400 700 1745 759 commentariis,

335 796 378 832 et
395 787 634 851 praesertim
656 805 679 834 e
697 787 751 834 F
744 788 910 835 arnobio
928 800 1150 855 excerptas
1168 788 1324 836 Editor
1342 789 1519 851 signavi.

400 875 486 922 Sed
511 876 767 942 priusquam
792 876 846 924 ad
868 876 1014 943 ipsum
1036 877 1458 943 Metamorphoseon
1480 875 1646 925 librum
1669 875 1748 926 de-

334 962 479 1011 venias
494 1000 506 1021 ,
536 964 855 1012 immorandum
879 965 962 1013 erit
984 964 1067 1013 tibi
1081 1002 1094 1023 ‚
1122 964 1284 1023 lector,
1317 983 1398 1013 nec
1421 965 1512 1013 sine
1534 963 1751 1014 sructuet

333 1048 556 1116 voluptate
578 1088 590 1108 ‚
632 1050 802 1099 Criticae
835 1051 1170 1110 Dissertationi,
1207 1053 1260 1100 de
1289 1053 1417 1101 variis
1440 1057 1746 1116 κατακλυσμοις,

334 1136 412 1201 qui
435 1136 590 1184 doctos
620 1156 712 1184 non
735 1138 905 1195 minus,
941 1157 1071 1204 quam
1103 1139 1255 1186 orbem
1287 1139 1433 1205 ipsum
1462 1140 1747 1206 perturbave-

327 1237 457 1283 runt,
483 1225 621 1274 donec
642 1227 755 1275 inter
777 1227 1068 1293 discrepantes
1090 1227 1156 1274 vir
1179 1226 1426 1289 exsurgeret
1441 1264 1453 1285 ‚
1478 1238 1620 1276 tantas
1643 1227 1744 1277 lites

332 1313 684 1377 compositurus,
725 1314 810 1361 CL.
841 1313 894 1359 G.
922 1314 1175 1371 CUVIER,
1207 1315 1356 1377 Regiae
1378 1313 1615 1363 Galliarum
1632 1315 1746 1385 Uni-⁷

329 1400 544 1447 versitatis
567 1399 788 1458 columen,
816 1401 1252 1458 Rostrorumdecus,
1279 1402 1445 1449 Rerum
1466 1401 1744 1468 physicarum

331 1487 635 1549 sagacissimus
648 1487 878 1550 indagator
886 1488 1016 1536 simul
1030 1501 1072 1537 et
1082 1474 1296 1555 interpres
1311 1488 1635 1537 disertissimus.
1647 1488 1742 1547 Ille,

329 1595 412 1642 pro
438 1595 516 1623 sua
538 1576 585 1623 in
609 1595 678 1624 me
694 1574 999 1624 benevolentia
1015 1613 1027 1634 ,
1057 1575 1273 1624 concessit
1293 1574 1436 1623 libens
1451 1612 1465 1633 ,
1494 1587 1545 1623 ut
1571 1594 1668 1642 quae
1690 1575 1758 1624 de*

332 1664 513 1712 Diluviis
528 1663 812 1722 disseruerat,
839 1664 1059 1712 Ovidiano
1079 1663 1244 1711 diluvio
1260 1664 1579 1730 praemitterem.
1597 1666 1744 1713 Laetus

330 1753 467 1815 igitur
486 1753 676 1811 inserui,
702 1765 746 1801 et
769 1752 940 1801 Gallico
962 1741 1137 1819 quidem
1152 1789 1164 1810 ‚
1198 1764 1249 1800 ut
1267 1752 1516 1819 conscripta
1537 1752 1712 1801 fuerant
1728 1790 1740 1811 ,

329 1859 553 1899 sermone3
579 1861 633 1890 ne
658 1842 764 1908 quid
785 1841 898 1890 sorte
921 1840 1167 1889 detrimenti
1190 1841 1302 1888 inter
1325 1840 1640 1889 transeundum
1666 1859 1744 1889 ca·-

330 1940 452 1995 peret
470 1947 614 1977 rerum
629 1929 714 1989 vis,
735 1941 811 1977 aut
829 1929 1098 1978 concinnitas
1113 1929 1369 1986 verborun1;
1390 1947 1579 1992 gemmas
1596 1939 1740 2001 ratus,

332 2033 453 2080 quae,
484 2015 550 2062 vel
578 2016 674 2083 ipso
705 2015 978 2064 translatoris
1005 2015 1147 2064 halitu
1165 2053 1177 2074 ,
1213 2016 1386 2083 possint
1415 2015 1633 2064 infuscari.
1669 2015 1742 2063 Sic

327 2104 585 2162 BUFFON,
611 2104 783 2170 quoties
807 2103 1047 2152 advocandi
1068 2103 1190 2152 locus
1205 2091 1219 2162 ,ἣ
1245 2102 1341 2152 talis
1362 2103 1409 2151 in
1433 2094 1565 2170 opere
1586 2114 1741 2151 nostro

329 2190 522 2257 prodiit,
547 2203 591 2239 et
611 2191 836 2257 prodibit,
864 2190 1004 2257 qualis
1027 2190 1131 2239 olim
1145 2229 1156 2250 ,
1184 2211 1319 2258 quum
1343 2191 1528 2259 patriam
1548 2189 1747 2253 linguam„

309 2296 379 2325 ‘ea
407 2278 630 2343 majestate
662 2277 969 2344 amplificaret,
1003 2297 1098 2344 quae
1121 2297 1212 2326 non
1240 2279 1381 2345 impar
1405 2278 1546 2344 ipsius
1574 2288 1741 2325 naturae

327 2365 562 2430 majestati,
582 2367 776 2414 omnium
794 2384 1008 2414 consensu
1032 2365 1244 2414 celebrata
1268 2365 1314 2412 in
1335 2376 1540 2413 aeternum
1560 2364 1737 2427 vigebit
1755 2408 1759 2410 ,

393 2453 476 2499 His
504 2453 637 2514 igitur
669 2453 873 2502 omnibus
903 2453 1045 2501 fruere
1064 2490 1075 2511 ,
1112 2452 1249 2501 lector
1278 2452 1435 2509 amice3
1465 2462 1510 2500 et
1537 2462 1738 2499 nostrum

332 2544 483 2606 opus,
507 2552 559 2588 ut
593 2541 837 2608 occaepisti,
872 2540 1080 2589 continuo
1109 2539 1254 2588 favore
1286 2538 1503 2606 excipias,
1535 2536 1662 2587 velim
1695 2542 1737 2586 et

329 2646 491 2692 precor.
518 2627 639 2676 Vale.

1150 2716 1206 2762 N.
1241 2713 1293 2762 E.
1328 2714 1601 2762 LEMMRE.
