1832 3100
403 225 1106 275 METAMORPHOSEON
1146 228 1277 272 LIB.
1317 229 1408 273 IV.

1536 228 1619 272 325

203 323 436 390 Ignorant;
457 322 537 372 ubi
561 322 620 371 sit
638 321 757 385 nigri
782 320 872 370 fera
896 321 1018 383 regia
1039 321 1174 369 Ditis.

203 401 329 452 Mille
355 419 490 468 capax
511 399 677 458 aditus,
704 410 749 447 et
771 410 943 466 apertas
964 397 1162 465 undique
1188 410 1340 464 portas

202 480 326 529 Urbs
348 479 484 528 habet
503 498 513 527 ε
533 489 672 544 utque
695 476 857 526 fretum
880 476 933 525 de
955 487 1050 525 tota
1072 475 1254 525 flumina
1276 486 1416 534 terra,

1560 489 1625 534 ιαμ»

203 556 278 605 Sic
302 575 453 605 omnes
471 555 638 604 animas
662 554 787 603 locus
811 553 972 620 accipit
994 551 1067 601 ille
1085 572 1095 611 ;
1116 571 1198 601 nec
1221 550 1301 600 ulli

202 633 406 697 Exiguus
422 632 599 700 'populo
625 645 718 691 est,
744 632 973 681 turbamve
994 629 1195 680 accedere
1223 630 1370 678 sentit.

199 712 365 761 Errant
387 729 631 774 exsangues
653 710 747 759 sine
767 727 954 776 corpore
978 720 1023 758 et
1045 707 1224 756 ossibus
1247 706 1414 756 umbrae
1434 727 1445 765 ;

200 787 399 856 Parsque
419 789 566 837 forum
589 787 835 845 celebrant,
858 805 963 853 pars
986 786 1065 835 imi
1088 797 1202 834 tecta
1228 785 1425 852 tyranni3

199 865 309 914 Pars
329 865 436 915 alias
459 878 600 924 artes,
626 865 818 932 antiquae
840 863 1084 912 imitamina
1107 863 1218 911 vitae.

1557 875 1625 921 44⁵

200 943 404 993 Sustinet
422 944 485 993 ire
506 943 612 994 illuc
628 982 640 1003 ,
665 942 827 992 caelesti
850 942 953 991 sede
975 941 1127 991 relicta
1144 977 1158 999 ‚

200 1075 311 1111 tulare
329 1076 522 1123 sequentia.
537 1094 582 1103 —
597 1075 747 1111 Codices
769 1075 883 1111 nostri

200 1127 883 1175 Regiihabentvulgatam.Ed.—-Luxu-

200 1179 269 1214 riat
281 1179 466 1226 ingenium
476 1180 613 1224 Ovidii,
630 1193 745 1225 neque
760 1187 879 1214 tamen

201 1244 322 1268 versus
337 1233 403 1277 438
418 1232 568 1268 debebat
578 1231 697 1268 induci
708 1233 750 1267 ab
762 1233 880 1267 Hein-

200 1283 262 1320 sio.
271 1285 441 1332 -Stygia
454 1287 535 1321 urbs
545 1311 554 1326 ,
570 1284 669 1320 sedes
684 1284 880 1319 inferorum

201 1335 245 1370 ad
258 1335 406 1384 Stygem
419 1363 430 1382 ‚
447 1349 526 1383 quae
537 1350 648 1383 quum
659 1337 786 1371 habeat
797 1349 880 1371 mu-

201 1400 259 1423 ros
275 1414 286 1432 ,
302 1397 420 1435 portas
430 1416 440 1434 ,
457 1389 592 1436 regiam
602 1415 613 1433 ‚
627 1390 746 1424 sorum
759 1415 768 1432 ,
785 1396 879 1424 recte

201 1440 330 1476 dicitur
337 1444 425 1478 urbs.
431 1461 477 1468 ——
482 1442 664 1487 Nl'gn‘fera
673 1445 766 1486 regia
774 1443 881 1475 Dilis.

202 1493 240 1528 ῙῙ
251 1519 262 1538 ,
280 1493 388 1540 Epist.
401 1509 442 1542 7²
454 1521 465 1539 ,
474 1498 567 1539 myri
576 1497 669 1538 regen
683 1506 774 1529 caeca
789 1495 880 1535 Dei5

201 1545 301 1592 Virg.
309 1546 393 1582 AEn.
405 1546 474 1591 VI,
495 1561 569 1593 127,
581 1546 765 1590 atrijanua
774 1547 880 1579 Ditis.

201 1597 337 1634 Omnia
351 1626 361 1644 ‚
378 1612 456 1646 quoe
467 1599 511 1635 ad
527 1600 719 1635 Plutonem
730 1599 881 1634 inferos-

200 1664 268 1697 que
285 1651 483 1697 pertinent,
497 1655 594 1696 m'gra
603 1658 639 1686 et
648 1656 735 1686 alra.
752 1651 879 1687 Horat.

199 1702 218 1739 1
231 1730 241 1748 ,
261 1703 332 1739 od.
342 1715 431 1739 xxiv
443 1730 454 1748 ,
473 1706 512 1739 18
524 1731 534 1748 ,
548 1707 730 1749 niger-grex
740 1704 784 1739 de
794 1717 880 1739 ma—

195 1756 313 1792 nibus.
330 1774 375 1783 —
395 1757 516 1802 Capax
526 1783 535 1797 ‚
555 1758 634 1804 ᾅδὸὶς
649 1760 830 1798 πολυδέκτης
845 1764 881 1792 et

198 1811 370 1849 πανδοκεύς.
400 1809 484 1845 Non
511 1809 604 1844 male
631 1810 801 1855 capacitas
824 1810 881 1844 illa

197 1861 391 1897 illustratur
407 1861 636 1896 similitudine
652 1887 662 1905 ‚
681 1874 759 1907 quae
773 1861 882 1896 etiam

199 1914 295 1950 VIII
303 1941 313 1959 ,
323 1915 390 1950 835
398 1941 408 1959 ,
423 1914 559 1961 legitur.
566 1914 881 1960 —Apertas.Virg.

200 1966 286 2002 AEn.
297 1967 364 2006 Vl,
378 1980 391 2001 1
398 1981 415 2001 2
421 1981 437 2013 7
451 1979 459 2001 ε
471 1967 594 2002 Noctes
602 1971 703 2011 alque
711 1969 783 2001 dies
784 1970 885 2011 patet

200 2019 383 2063 atn'janua
393 2020 500 2053 Dilis.
507 2037 552 2045 -
560 2018 673 2052 Locus
681 2019 882 2063 acct‘pe'tille.

203 2071 297 2106 Nam
313 2083 427 2106 omnes
441 2070 568 2106 eodem
589 2071 760 2117 cogimur.
783 2071 882 2118 Virg.

202 2122 345 2158 AEneid.
370 2123 423 2166 II,
444 2123 508 2168 716
529 2136 537 2158 :
562 2124 663 2158 Hanc
685 2136 729 2157 ez·
754 2125 882 2158 diverso

202 2177 312 2210 sedem
331 2179 501 2211 veniemus
523 2181 560 2211 1⁰11
584 2189 696 2211 unam.
718 2195 763 2203 -—
789 2177 883 2211 Tur-

200 2230 326 2263 bamoe.
355 2226 476 2263 Codex
501 2228 632 2274 Regius
654 2228 685 2263 A
699 2255 709 2272 ,
730 2241 791 2264 nec
804 2233 882 2263 lur-

201 2283 295 2321 bam,
314 2293 393 2326 quae
410 2280 513 2316 lectio
527 2291 601 2315 non
618 2279 821 2326 injucunda.

244 2335 321 2378 443.
347 2335 477 2368 Errant
496 2347 695 2379 exsangues.
724 2334 778 2369 Ex
797 2334 882 2381 opi-

200 2389 309 2424 nione
329 2387 505 2423 Veterum
517 2415 527 2432 ,
546 2388 672 2423 animae
689 2414 699 2431 ,
723 2388 882 2434 deposito

200 2440 270 2476 hoc
296 2453 441 2487 corpore
469 2441 628 2476 terrestri
642 2467 652 2484 ,
685 2440 883 2476 umbratico

202 2493 356 2541 quodam
371 2501 407 2529 et
422 2494 521 2530 tenui
537 2494 670 2530 indutae
686 2493 880 2538 incedunt,

201 2545 297 2592 quod
312 2553 408 2582 earet
429 2553 466 2582 et
484 2547 654 2594 sanguine
670 2554 707 2583 et
720 2560 854 2591 corpore
865 2573 874 2587 ,

200 2599 225 2633 i.
241 2611 272 2633 e.
287 2610 393 2633 carne
407 2624 416 2642 ,
431 2605 468 2633 ct
482 2599 623 2634 ossibus.
639 2599 790 2634 Homer.
809 2598 880 2634 Od.

203 2657 234 2686 Λ
246 2677 256 2694 ,
275 2650 349 2685 218.
367 2650 521 2686 Maxime
543 2662 732 2695 exsangues
749 2650 881 2685 dicun—

204 2709 265 2739 tur
277 2729 287 2746 ‚
308 2702 475 2748 quoniam
492 2702 528 2737 in
547 2703 717 2749 sanguiue
733 2703 803 2737 vita
819 2710 881 2737 est.

248 2757 323 2800 444.
341 2757 490 2802 Parsque
496 2755 611 2801 sorum
626 2762 692 2793 etc.
704 2754 759 2793 De
772 2767 884 2802 nego-

946 1076 1003 1112 tiis
1026 1076 1196 1111 manium.
1227 1075 1446 1122 Frequenter,
1467 1086 1623 1120 congre-

947 1136 1074 1175 gantur
1088 1130 1143 1164 alii
1155 1130 1190 1163 in
1200 1130 1278 1164 soro
1291 1155 1300 1172 ,
1320 1128 1376 1163 alii
1386 1128 1423 1162 in
1438 1128 1532 1172 regia
1540 1127 1625 1162 Plu-

946 1183 1056 1224 tonis;
1072 1182 1120 1217 illi
1136 1181 1292 1228 litigandi
1309 1193 1409 1215 causa
1425 1180 1503 1224 (IV
1516 1179 1623 1214 Trist.

945 1245 968 1268 x
979 1260 989 1278 ,
1002 1233 1081 1280 88),
1095 1234 1131 1270 hi
1143 1234 1330 1269 salutatum
1341 1233 1507 1275 veniunt,
1525 1245 1625 1267 more

945 1287 1121 1322 Romano.
1138 1285 1242 1333 Apud
1261 1286 1463 1320 Homerum
1475 1311 1485 1328 ,
1502 1284 1539 1319 in
1554 1283 1625 1320 Od.

945 1345 975 1376 Δ
986 1365 996 1382 ,
1014 1339 1077 1384 567
1094 1352 1187 1384 sqq„
1204 1339 1339 1374 umbrae
1357 1336 1400 1371 ad
1415 1337 1548 1372 Minois
1560 1336 1626 1371 tri-

945 1390 1054 1424 bunal
1063 1403 1181 1425 causas
1193 1397 1322 1436 agunt,
1339 1397 1374 1424 et
1387 1388 1502 1424 Orion
1515 1388 1628 1434 pergit

945 1443 1036 1478 seras
1051 1443 1181 1489 agitare
1205 1443 1243 1477 in
1260 1443 1356 1478 retia.
1381 1443 1500 1477 Etiam
1525 1441 1626 1476 Plato

946 1493 1035 1540 Rep.
1060 1494 1118 1528 lib.
1136 1495 1190 1538 X,
1214 1508 1247 1540 p.
1267 1495 1354 1538 620,
1373 1494 1475 1540 fingit
1493 1493 1626 1528 animas

946 1545 1194 1581 defunctorum
1204 1546 1330 1581 eadem
1339 1574 1347 1587 ‚
1363 1559 1442 1592 quae
1458 1546 1495 1580 in
1508 1545 1625 1591 priore

944 1598 1014 1634 vita
1022 1606 1237 1639 tractassent,
1246 1599 1393 1645 probare
1404 1597 1627 1633 studia.Con-

944 1649 999 1684 ser
1009 1656 1045 1685 et
1059 1649 1156 1696 Virg.
1171 1649 1315 1685 AEueid.
1326 1650 1378 1685 VI
1392 1677 1401 1694 ,
1414 1650 1476 1685 651
1495 1663 1570 1696 sqq.
1583 1667 1627 1676 -·

945 1704 1038 1738 Imus
1049 1709 1210 1751 {ymanus
1220 1731 1229 1746 ,
1242 1717 1303 1753 rex
1314 1704 1520 1739 inferorum.
1537 1704 1626 1738 Hor.

946 1757 982 1801 I,
998 1757 1070 1792 Od.
1083 1769 1105 1792 x
1117 1784 1126 1802 ,
1154 1771 1193 1805 ¹9
1206 1770 1214 1793 ε
1229 1759 1363 1803 Supertlr
1381 1759 1527 1793 Deorum
1543 1770 1627 1802 gra-

945 1815 999 1845 tus
1015 1816 1050 1845 et
1063 1814 1150 1845 e'm115.

995 1865 1071 1906 445.
1100 1865 1189 1897 Pars
1219 1865 1311 1898 alias
1337 1867 1438 1897 artes.
1478 1861 1627 1897 Codices

946 1915 1056 1949 nostri
1073 1914 1174 1960 Regii
1191 1914 1282 1949 male
1300 1914 1432 1949 habent
1447 1915 1536 1949 Pars
1551 1917 1627 1948 ali—

944 1979 1031 2011 quas
1041 1971 1142 2001 artes.
1155 1966 1223 2002 Ed.
1233 1986 1276 1992 —
1288 1966 1357 2001 Alii
1372 1993 1381 2010 ,
1406 1969 1499 2001 alias
1513 1971 1605 2001 arles
1615 1994 1624 2006 ‚

945 2026 1066 2065 repete
1086 2022 1269 2060 celebrant,
1290 2019 1325 2054 id
1339 2027 1390 2054 est
1403 2046 1413 2064 ,
1436 2027 1600 2055 exercent
1615 2046 1625 2062 ,

944 2069 1052 2116 idque
1062 2071 1196 2106 faciunt
1208 2070 1251 2106 ad
1263 2071 1627 2106 imitationem—An-

945 2127 1066 2169 !iquae,
1099 2125 1254 2170 pristinae
1267 2151 1277 2169 ,
1304 2125 1429 2171 prioris
1443 2151 1453 2168 ‚
1475 2128 1564 2160 vt'lae.
1586 2143 1630 2152 ·--

946 2178 1029 2213 Non
1047 2178 1189 2222 dubito,
1206 2191 1287 2214 cum
1299 2178 1522 2222 schirachio,
1540 2179 1626 2224 quin

945 2229 1147 2277 reddendus
1156 2231 1287 2266 Nostro
1294 2231 1337 2266 sit
1344 2244 1462 2266 versus
1471 2230 1627 2265 ahHein-

943 2282 996 2318 sio
1023 2290 1059 2319 et
1087 2283 1299 2318 Burmanno
1328 2284 1460 2328 ejectus
1472 2308 1481 2326 ,
1510 2284 1626 2317 Eter-

943 2340 1029 2371 cenl.
1046 2336 1165 2370 Aliam
1180 2341 1312 2379 partem
1326 2349 1391 2370 sua
1400 2348 1502 2380 paena
1523 2347 1624 2369 coer-

943 2391 1007 2423 cet.
1026 2388 1119 2423 Nam
1140 2388 1297 2433 primum
1310 2387 1462 2422 affirmat
1480 2385 1624 2431 quidem

945 2439 1114 2474 Heinsius
1144 2452 1180 2474 se
1212 2439 1248 2473 id
1273 2439 1391 2474 secisse
1420 2437 1624 2473 auctoritate

944 2493 1161 2538 optimorum
1185 2491 1383 2535 Codicum,
1404 2503 1528 2525 verum
1551 2503 1624 2526 non

945 2546 1106 2580 nominat
1121 2545 1196 2579 ilios
1214 2543 1373 2579 Codices.
1385 2542 1525 2578 Deinde
1543 2542 1625 2589 ple-

944 2597 1025 2631 nior
1053 2597 1093 2631 fit
1114 2609 1236 2631 sensus
1259 2602 1397 2631 servato
1417 2595 1485 2631 hoe
1508 2608 1624 2630 versu.

947 2651 1086 2684 coercet
1103 2675 1111 2689 ‚
1140 2648 1303 2694 castigat,
1318 2661 1404 2690 sua,
1429 2647 1570 2694 propria
1594 2654 1629 2682 et

945 2701 1071 2736 merita
1098 2713 1212 2747 poena.
1231 2719 1275 2727 --
1294 2701 1522 2741 Suslinemus,
1552 2712 1630 2745 quae

946 2753 1048 2790 inviti
1070 2753 1227 2791 facimus.
1251 2754 1426 2798 -Darc‚
1454 2751 1637 2789 inservire.
