1832 3100
306 243 386 288 108

663 245 713 289 P.
750 235 987 293 OVIDII
1023 245 1319 293 NASONIS

302 358 326 379 »ι
353 337 484 384 Certa
507 336 682 403 quidem
704 350 854 387 nostra
878 351 944 387 est
965 359 974 387 :
1001 351 1151 389 nostra
1176 353 1320 389 tamen
1343 359 1431 389 una
1454 341 1614 404 sagitta
1649 344 1654 351 ’

301 435 326 456 »
354 414 549 473 Certior,
577 416 625 463 in
645 436 782 465 vacuo
809 437 905 483 quae
928 417 1111 466 vulnera
1133 430 1315 484 pectore
1334 418 1453 467 fecit.

1649 431 1715 468 520

302 509 326 532 >›
353 491 587 541 Inventum
610 493 824 542 medicina
843 514 989 543 meum
1013 506 1101 551 est;
1127 495 1371 562 Opiferque
1392 515 1475 562 per
1497 496 1651 545 orbem

303 588 327 640 ὴ
354 567 514 630 Dicor3
538 582 582 618 et
605 570 841 620 herbarum
863 572 1061 637 subjecta
1081 573 1279 637 potentia
1301 573 1449 621 nohis.

303 667 328 688 2»
354 645 440 694 Hei
461 647 595 706 mihi,
622 649 741 714 quod
762 648 898 707 nullis
921 669 1045 698 amor
1067 661 1133 698 est
1155 650 1426 699 medicabilis
1448 650 1623 700 herbis!

304 743 328 764 »
354 723 447 771 Nec
469 737 660 790 prosunt
684 725 885 785 domino,
912 746 1008 792 quae
1025 739 1217 793 prosunt
1238 728 1468 786 omnibus,
1492 727 1631 776 artes!
1658 747 1682 770 n

299 803 436 853 Plura
461 804 714 855 locuturum
741 808 896 856 timido
919 809 1079 857 Peneia
1104 828 1235 857 cursu
1655 821 1697 857 52

1700 822 1721 858 5

301 885 338 933 F
339 886 462 948 ugit;
488 906 675 954 cumque
700 888 798 954 ipso
817 890 950 938 verba
973 889 1226 956 imperfecta
1248 890 1444 957 reliquit.

300 969 417 1017 Tum
440 989 617 1036 quoque
638 972 730 1021 visa
756 972 912 1021 decens
932 992 942 1020 ε
962 973 1192 1021 nudabant
1215 993 1402 1040 corpora
1425 973 1589 1033 venti,·

305 1051 538 1119 Obviaque
561 1053 761 1102 adversas
782 1055 1020 1103 vibrabant
1042 1055 1215 1105 flamina
1234 1068 1376 1104 vestes
1394 1093 1407 1114 ‚

303 1185 430 1224 fidium
444 1189 538 1225 varie
551 1190 725 1235 expressit.
748 1189 803 1225 Cs.
818 1190 854 1224 V
866 1217 875 1235 ,
894 1191 959 1236 340
974 1205 983 1234 ;

306 1239 359 1275 XI
374 1264 384 1283 ,
414 1243 444 1276 5.

349 1293 422 1339 5¹9·
440 1294 581 1327 Certum.
595 1297 735 1342 sagitto.
753 1292 985 1329 Inevitabilis:

303 1343 399 1378 unde
408 1348 600 1381 metuendus
608 1349 840 1381 certaPltoebus
846 1351 983 1391 sagitta,

309 1397 434 1432 Horat.
451 1399 468 1433 I
480 1423 489 1442 ,
510 1398 580 1433 Od.
600 1410 654 1434 x11
668 1426 678 1444 ,
702 1414 754 1434 22.
775 1400 833 1435 Sic
849 1407 884 1434 et
907 1413 986 1434 cer-

308 1453 363 1483 tus
375 1463 475 1484 arcus
486 1477 495 1492 ‚
513 1456 604 1486 certa
618 1465 737 1486 manus
752 1452 917 1486 tribuitur
931 1465 988 1497 pe-

308 1502 382 1537 ritis
408 1503 663 1547 jaculatoribus.
698 1503 776 1539 Con
796 1517 834 1538 ra
861 1507 989 1539 incerta

309 1554 549 1601 securztr,Virg.
564 1556 647 1590 AEn.
660 1557 708 1599 ΙΙ,
723 1570 762 1590 22
789 1582 796 1589 .
808 1574 852 1582 —-
865 1557 989 1590 Tamen

311 1618 381 1639 una
397 1611 461 1640 etc.
490 1606 581 1641 Vide
605 1607 647 1641 ad
665 1620 751 1641 vers.
775 1609 840 1651 456
859 1614 894 1641 et
916 1606 990 1650 458.

315 1655 371 1690 Cs.
384 1656 512 1692 Anacr.
529 1658 601 1693 Od.
618 1670 686 1692 va
700 1685 710 1702 ‚
729 1659 787 1693 ubi
802 1658 900 1693 Mars
912 1670 992 1693 sen-

312 1707 355 1742 tit
370 1708 442 1743 vim
458 1708 588 1744 horum
603 1710 766 1746 telorum.

361 1761 437 1795 520.
452 1763 632 1804 Vacuo,sc.
643 1764 685 1797 ab
695 1775 813 1797 amore
824 1762 993 1808 3Daphne

318 1816 415 1850 enim
429 1817 562 1862 primus
579 1819 654 1863 ejus
670 1831 769 1854 amor
780 1846 790 1863 ,
806 1833 893 1854 vers.
919 1821 994 1862 452.

365 1869 439 1903 521.
456 1870 628 1904 Inventum
640 1870 769 1905 etc.Cs.
782 1870 918 1906 Callim.
930 1870 963 1904 d.
974 1870 995 1906 l.

321 1938 365 1947 ·-·
376 1921 501 1966 Opisen
517 1930 618 1973 σωτὴρ
627 1950 636 1968 ,
656 1926 753 1974 ἰατρὸς
766 1949 775 1967 ,
787 1929 902 1960 παίωνι
918 1923 997 1958 vide

324 1972 471 2008 Valken.
485 1974 527 2009 ad
546 1976 668 2021 Eurip.
683 1977 791 2022 Hipp.
805 1990 892 2011 vers.
906 1977 999 2021 1372.

325 2025 439 2059 Primi
452 2034 569 2062 autem
577 2029 705 2063 medici
719 2036 819 2064 erant
829 2029 999 2075 chirurgi,

325 2078 508 2123 omnisque
519 2093 642 2114 eorum
649 2082 792 2121 scientia
798 2088 889 2124 erat,
899 2093 1000 2117 nosse

325 2129 398 2163 vim
413 2129 612 2165 herbarum.
629 2131 750 2166 Celsus
767 2134 862 2178 praes.
880 2134 1002 2177 Itaque

328 2181 447 2225 addit,
473 2187 508 2216 et
524 2184 696 2217 herbarum
721 2191 786 2218 etc.
808 2202 853 2211 —-
879 2184 1005 2228 Opifer.

330 2233 427 2269 Hinc
448 2233 576 2280 Apollo
590 2238 773 2285 βοηδρόμος
796 2242 831 2270 et
851 2237 1005 2283 ἀοσσὴτηρ

279 2297 284 2303 ’
329 2286 422 2332 apud
439 2286 589 2322 Graecos.
605 2290 670 2322 Ed.

376 2339 451 2372 522.
461 2341 655 2375 Herbarum.
670 2339 769 2385 Quas
780 2339 818 2373 in
831 2338 1007 2377 medicina

331 2397 492 2434 potentes
520 2391 571 2426 sol
599 2404 619 2425 e
644 2397 736 2426 terra
758 2391 858 2426 elicit.
884 2392 948 2425 Ed.
965 2407 1009 2417 ·--

332 2445 505 2487 Potentia,
531 2443 601 2486 vis,
622 2443 783 2478 efficacia.
804 2442 901 2487 Virg.
924 2442 1008 2475 AEn.

333 2495 405 2530 XII
417 2520 427 2538 ‚
442 2495 507 2543 396
517 2521 526 2539 ,
534 2499 621 2529 scire
626 2499 810 2539 potestates
819 2496 989 2528 herbarum
998 2519 1007 2533 ‚

334 2554 370 2580 et
386 2547 459 2582 VII
471 2573 481 2591 ‚
506 2560 547 2594 ¹9
560 2573 569 2590 ,
590 2551 743 2591 potentes
758 2548 877 2581 ᾗσι-ὗε.
896 2546 1011 2580 Fortes

336 2600 442 2633 herba·
454 2626 463 2644 ,
479 2600 568 2634 infra
587 2599 656 2633 XV
669 2626 679 2643 ,
699 2599 773 2642 534.

383 2652 456 2687 523.
477 2653 578 2694 Quod
587 2653 691 2685 nullis
706 2657 769 2685 etc.
786 2649 921 2684 Eadem
934 2661 1014 2683 sen-

337 2705 448 2738 tentia
465 2704 636 2739 Heroidd.
654 2703 688 2736 V
699 2730 708 2747 ,
734 2705 796 2750 149
812 2715 820 2737 ε
835 2703 892 2736 Me
906 2705 1013 2736 mise—

337 2770 410 2792 ram
420 2783 429 2800 ,
451 2759 542 2802 quod
554 2769 649 2791 amor
660 2769 726 2791 non
741 2760 793 2790 est
806 2757 1015 2790 mean'cabdis

1049 1193 1168 1227 herbis.
1180 1191 1326 1227 Effinxit
1335 1198 1454 1227 autem
1464 1190 1580 1226 Tibul.
1587 1190 1624 1227 11
1636 1216 1646 1234 ‚
1658 1201 1705 1226 111
1713 1216 1723 1235 ,

1054 1257 1092 1277 ια
1103 1270 1112 1287 ,
1131 1243 1174 1278 de
1186 1243 1346 1289 Apolline
1362 1249 1501 1277 amante
1514 1252 1523 1274 :
1535 1244 1607 1277 Nec
1615 1245 1730 1287 poluit

1049 1311 1151 1333 curas
1162 1311 1282 1332 sanare
1292 1299 1484 1332 salubribus
1492 1298 1613 1333 herblk.
1626 1297 1728 1339 Quid-

1049 1353 1134 1397 quid
1156 1355 1230 1385 erat
1251 1353 1386 1386 medica
1399 1377 1408 1392 ,
1424 1376 1427 1378 —
1440 1352 1570 1384 vicera!
1583 1375 1594 1393 ,
1616 1352 1702 1384 artis
1712 1375 1723 1390 ,

1050 1417 1153 1438 amor.
1166 1404 1326 1448 Proper-t.
1338 1403 1374 1437 11
1387 1429 1397 1446 ,
1408 1413 1422 1436 1
1431 1429 1440 1446 ,
1454 1405 1496 1450 59
1507 1403 1657 1436 :Omnes
1667 1403 1730 1436 hu-

1051 1467 1169 1489 manos
1176 1459 1279 1488 sanat
1285 1457 1452 1489 medicina
1459 1455 1591 1489 dolores
1605 1466 1616 1487 ,¹
1631 1453 1731 1488 Solus

1053 1519 1148 1540 amor
1167 1508 1275 1539 morbi
1292 1519 1356 1540 non
1375 1509 1472 1540 amal
1492 1507 1664 1551 artificem.
1686 1522 1731 1531 -

1054 1557 1278 1591 Jlffedicabilis.
1304 1555 1419 1591 codd.
1438 1556 1549 1591 nostri
1573 1555 1644 1590 duo
1659 1555 1731 1590 ha-

1053 1607 1140 1641 bent
1157 1609 1324 1642 sonabilis
1340 1620 1350 1641 :
1365 1619 1438 1641 non
1455 1606 1557 1641 male.

1102 1661 1176 1702 524.
1184 1661 1351 1694 Dominus
1362 1659 1456 1702 artis,
1469 1658 1530 1703 qui
1545 1669 1624 1692 eam
1633 1668 1734 1692 exer-

1057 1718 1132 1755 cet,
1150 1711 1265 1755 XIII,
1286 1711 1357 1746 138.
1377 1710 1548 1746 Similiter
1563 1710 1636 1744 fere
1661 1714 1734 1744 κοί-

1057 1779 1143 1812 μενος
1159 1766 1267 1808 τέχνης
1282 1789 1291 1806 ,
1312 1763 1439 1797 Anacr.
1461 1761 1531 1797 O‘d.
1549 1771 1688 1804 XXVIII,
1703 1760 1736 1795 3.

1105 1818 1178 1851 525.
1201 1818 1344 1850 Timido.
1367 1815 1483 1861 Vulgo
1498 1816 1616 1858 rapido
1628 1825 1737 1848 cursu.

1063 1868 1225 1903 Alterum
1263 1867 1419 1913 plerique
1450 1866 1547 1914 Vett.
1581 1871 1738 1900 tuentur.

1064 1920 1181 1955 Etiam
1199 1919 1252 1955 IV
1266 1945 1275 1963 ‚
1300 1921 1362 1965 774
1374 1945 1383 1962 ,
1406 1919 1521 1952 timido
1537 1918 1623 1960 pede
1633 1915 1740 1960 fitgit.

1064 1972 1182 2007 Nostri
1194 1971 1307 2007 Codd.
1318 1972 1443 2005 timido.
1453 1970 1633 2004 -Tonido
1642 1980 1741 2004 cursu

1066 2033 1126 2061 aut
1136 2028 1223 2069 pede
1236 2025 1344 2071 sugit,
1364 2023 1424 2068 qui
1439 2034 1510 2068 prae
1528 2028 1628 2056 metu
1642 2020 1746 2056 celeo

1066 2078 1152 2113 riter
1166 2077 1295 2118 currit;
1314 2082 1430 2110 metus
1443 2074 1540 2109 enim
1555 2072 1614 2107 dat
1625 2071 1743 2107 celeri-

1067 2138 1185 2166 tatem.
1198 2130 1256 2165 sic
1264 2134 1298 2164 et
1305 2132 1414 2173 ipsum
1425 2133 1502 2173 post
1511 2139 1547 2161 se
1556 2124 1741 2169 relinquit,

1068 2190 1104 2217 et
1115 2185 1215 2217 verba
1228 2181 1419 2225 imperfi’cta
1429 2206 1448 2221 „
1459 2178 1656 2214 orationem
1669 2176 1744 2220 eius

1068 2234 1232 2278 nondum
1249 2232 1449 2268 absolutam.

1113 2288 1188 2331 527.
1198 2286 1383 2320 Nudabant
1393 2293 1529 2326 corpora
1537 2287 1601 2315 etc.
1612 2279 1746 2324 Magna

1070 2339 1144 2373 laus
1154 2364 1163 2382 ‚
1184 2338 1212 2373 si
1222 2349 1328 2382 quem
1338 2335 1456 2370 omnia
1466 2334 1592 2369 decent
1608 2345 1616 2367 :
1630 2332 1724 2367 VIII
1735 2356 1746 2375 ,

1073 2392 1135 2432 25;
1154 2390 1207 2431 X,
1235 2391 1308 2434 590·
1331 2385 1499 2431 Sequitur
1513 2382 1605 2419 aliud
1621 2395 1748 2418 exem-

1073 2441 1170 2486 plum
1177 2438 1364 2484 phantasiae
1372 2435 1750 2473 ovidianaeNenantes

1075 2497 1168 2524 veste
1189 2489 1286 2524 brevi
1314 2500 1417 2534 supra
1448 2499 1540 2532 genu
1568 2486 1750 2522 succincta}

1076 2550 1175 2577 erant
1186 2556 1194 2578 ε
1206 2542 1303 2588 Virg.
1316 2542 1399 2576 AEn.
1410 2552 1424 2575 1
1436 2566 1446 2583 ‚
1457 2541 1532 2574 320.
1540 2538 1621 2573 Vid.
1634 2538 1752 2583 Span-

1076 2596 1170 2630 hem.
1194 2594 1237 2629 ad
1261 2593 1399 2629 Gallim.
1423 2592 1458 2627 h.
1475 2591 1580 2626 Dian.
1597 2600 1627 2624 11
1639 2615 1648 2633 ‚
1675 2603 1752 2624 212.

1122 2648 1196 2683 528.
1213 2647 1418 2681 Adversas...
1431 2648 1548 2679 vestes.
1566 2642 1640 2676 Has
1655 2640 1753 2676 venti

1078 2698 1279 2741 vibra'bann
1300 2711 1368 2744 quo
1381 2697 1488 2732 verbo
1498 2693 1666 2740 exquisito
1673 2694 1756 2739 pin-

1081 2759 1212 2799 guntur
1233 2751 1319 2786 varii
1345 2755 1462 2784 motus
1488 2747 1590 2782 vestis
1607 2772 1618 2791 ,
1644 2757 1756 2791 quum
