1832 3100
397 242 1092 289 METAMORPHOSEON
1125 247 1255 290 LIB.
1294 247 1366 291 11.

173 362 198 384 »
226 339 378 389 Hosne
399 337 511 387 mihi
532 337 724 397 fructus,
749 339 871 388 hunc
894 338 1136 388 fertilitatis
1157 339 1375 390 honorem

1483 268 1491 279 ι
1519 263 1533 289 1
1544 247 1599 308 (57

1539 357 1604 392 285

174 439 199 462 >1
228 415 468 485 Officiique
487 416 645 476 refers,
668 418 792 485 quod
815 418 976 468 adunci
1000 417 1183 467 vulnera
1206 419 1362 477 aratri,

175 517 200 540 >²
229 497 584 563 Rastrorumque
609 495 725 556 feru,
751 509 939 565 totoque
963 516 1168 547 exerceor
1190 499 1343 546 anno?

177 596 201 618 »
229 574 367 639 Quod
388 575 540 642 pecori
562 575 766 634 frondes,
793 575 1086 643 alimentaque
1109 575 1256 634 mitia,
1278 575 1453 639 fruges,

174 673 200 695 n
229 653 439 703 Humano
464 655 640 718 generi,
663 655 793 704 vobis
820 655 941 722 quod
967 667 1065 704 tura
1087 655 1294 704 ministro
1317 657 1336 704 Ρ

177 754 201 776 »
231 731 319 781 Sed
344 744 491 782 tamen
513 733 698 783 exitium
721 734 788 783 sac
808 753 877 783 me
901 734 1113 783 memisse
1135 754 1145 782 ε
1171 733 1280 801 quid
1303 734 1433 783 undae
1450 772 1461 793 ‚

1547 759 1612 795 290

177 831 202 854 »
230 811 356 875 Quid
377 813 539 862 meruit
559 813 728 863 frater?
749 833 830 863 cur
852 812 919 862 illi
940 813 1102 862 tradita
1126 824 1246 862 sorte

177 912 201 933 »
228 889 431 958 AEquora
453 891 738 952 decrescunt,
763 905 808 942 et
828 893 883 941 ab
908 893 1067 942 aethere
1090 891 1271 956 longius
1295 892 1495 942 absunt?

175 989 200 1012 »
229 969 371 1034 Quod
395 970 433 1019 si
454 990 535 1020 nec
558 971 730 1031 fratris,
756 991 838 1021 nec
864 984 907 1020 te
928 991 1026 1021 mea
1050 972 1190 1036 gratia
1218 971 1382 1035 tangit3

177 1069 202 1091 »
228 1049 294 1098 At
317 1048 409 1099 caeli
433 1050 638 1100 miserere
664 1051 730 1100 tui
750 1072 759 1100 :
782 1051 1070 1118 circumspice
1093 1062 1334 1117 utrumque
1353 1069 1363 1109 ;

178 1147 202 1169 »
229 1128 389 1178 Fumat
412 1140 599 1196 uterque
621 1129 755 1197 polus
777 1150 786 1179 :
813 1149 927 1198 quos
950 1130 987 1179 si
1011 1129 1230 1178 vitiaverit
1251 1129 1395 1193 ignis,
1548 1144 1615 1189 29³3

181 1232 206 1254 »
232 1211 360 1262 Atria
382 1224 526 1262 vestra
549 1200 710 1263 ruent:
736 1213 862 1263 Atlas
887 1233 942 1262 en
966 1214 1062 1281 ipse
1086 1212 1286 1271 laborat3

182 1314 207 1336 2³
234 1294 411 1372 Vixque
436 1296 528 1345 suis
553 1296 751 1346 humeris
776 1296 1035 1346 candentem
1056 1296 1248 1346 sustinet
1273 1315 1409 1345 axem

182 1394 207 1418 ²)
233 1375 282 1425 Si
304 1376 441 1437 freta,
465 1378 504 1427 si
529 1392 654 1428 terrae
678 1391 886 1446 pereunt,
911 1379 950 1427 si
973 1379 1094 1442 regia
1114 1377 1238 1427 caeli:

184 1480 208 1502 »
234 1460 287 1508 In
311 1460 446 1510 chaos
469 1461 703 1529 antiquum
725 1462 1072 1511 confundimur:
1097 1460 1219 1527 eripe
1244 1459 1457 1518 flammis,

184 1562 208 1583 »
235 1538 283 1590 Si
301 1541 408 1609 quid
427 1542 573 1592 adhuc
593 1556 822 1611 superest;
849 1556 894 1594 et
914 1563 1062 1594 renum
1082 1542 1266 1592 consule
1286 1562 1479 1592 summae.
1505 1565 1528 1586 »
1552 1559 1617 1592 300

175 1688 296 1723 Honor
308 1700 319 1722 .-
343 1688 540 1734 praemium.
558 1688 658 1735 Saepe
676 1688 762 1724 sulci
778 1701 862 1724 cum

173 1742 366 1775 vulneribus
376 1747 630 1787 comparantur
642 1768 652 1784 ‚
664 1747 697 1776 et
708 1741 774 1777 hoc
788 1742 861 1787 qui-

174 1791 259 1828 dem
277 1792 355 1829 loco
370 1793 667 1829 commodissime.
690 1794 861 1830 Acerbius

175 1846 284 1882 etiam
309 1847 400 1882 Plin.
425 1848 473 1884 H.
494 1848 538 1883 N.
558 1847 618 1891 11,
646 1847 690 1882 63
707 1860 716 1883 :
737 1849 858 1889 Ferro,

173 1900 267 1944 ligno
283 1925 292 1940 ‚
326 1901 405 1944 igne
415 1927 423 1940 ‚
450 1901 564 1944 Iapt'de
586 1906 680 1934 terra
708 1901 862 1934 omnibus

174 1954 349 1986 cruciatur
374 1953 478 1987 bank.
506 1953 589 1986 Nisi
613 1957 723 1986 tamen
740 1979 749 1992 ‚
790 1964 863 1997 qua·

176 2017 307 2039 summa
315 2009 473 2050 patiatur
484 2009 583 2051 alque
597 2010 747 2041 extrema
765 2010 841 2040 cute
852 2033 860 2047 ‚

176 2059 370 2092 tolerabilia
392 2060 556 2093 wilenlur.
586 2060 805 2092 penetramus
828 2061 864 2092 l'n

177 2122 310 2145 νισι-ενα
319 2117 384 2146 etc.
390 2129 436 2138 —-
442 2111 497 2146 De
506 2115 687 2146 raslmrum
697 2111 864 2157 gravitate

179 2174 212 2195 v·
225 2161 267 2196 ad
283 2161 313 2205 Ι,
329 2175 385 2197 ιοι
393 2165 613 2198 .—E.=ercere
624 2163 715 2198 bene
726 2163 769 2198 de
780 2163 865 2209 agri-

178 2214 316 2249 cultura
328 2241 339 2259 ,
359 2222 464 2261 atque
483 2215 590 2251 etiam
608 2215 774 2251 molestiae
789 2228 865 2251 no·—

177 2267 317 2302 tionem
341 2267 499 2303 involvit.
514 2286 560 2294 —
581 2269 690 2310 Tura,
711 2281 866 2314 quorum

178 2331 263 2354 cura
272 2320 424 2355 maxime
437 2321 602 2366 tangebat
612 2321 708 2357 Deos
717 2350 724 2362 ,
739 2323 756 2357 1
767 2348 776 2365 ,
791 2323 865 2365 248.

223 2382 300 2420 ²9¹·
335 2373 490 2407 Tradita.
515 2372 640 2409 Codex
667 2375 799 2422 Regius
824 2375 866 2410 B.

178 2427 318 2460 credita.
332 2443 378 2452 -—
394 2427 538 2462 Tradita
551 2432 649 2463 sorfe.
669 2427 763 2473 Quae
778 2427 866 2463 adeo

179 2491 322 2513 summo
349 2479 429 2525 iure
461 2481 493 2516 ei
521 2480 698 2516 debentur
723 2495 731 2516 :
759 2485 794 2516 et
821 2483 870 2516 ab

180 2532 300 2566 ethere
313 2538 399 2574 etc.;
417 2539 591 2578 quatenus
605 2533 846 2569 decreverant.

227 2585 302 2631 294.
322 2585 547 2630 Circumspice
562 2590 743 2632 utrumque.
766 2587 870 2622 Bur-

182 2647 337 2671 mannus
353 2637 473 2673 mallet
486 2638 534 2673 ita
550 2638 766 2685 distinguere
784 2643 870 2675 :cir-

181 2693 351 2733 cumspice
367 2695 537 2737 utrumque
561 2690 699 2737 (sumat
711 2691 869 2738 uterque)

178 2742 305 2783 polum.

233 2795 308 2841 295.
321 2796 413 2838 Quos
424 2798 632 2832 sivilt'areril
639 2799 736 2841 tknt's.
744 2794 872 2832 Codex

929 1688 1061 1735 Regius
1078 1688 1121 1724 A.
1133 1715 1142 1733 ,
1158 1690 1253 1733 Quos
1263 1690 1300 1723 si
1311 1690 1490 1723 violaverit
1499 1691 1589 1734 ignis
1603 1701 1614 1731 ;

928 1740 1016 1775 alter
1029 1753 1114 1775 vero
1127 1740 1181 1783 B.,
1194 1742 1518 1785 quodsiviolabt'lut
1526 1744 1616 1775 axis.

926 1811 971 1820 -
1002 1795 1192 1829 Vilt'averit.
1216 1792 1420 1828 Niolaverit.
1443 1812 1487 1818 —
1502 1794 1616 1828 Atria.

930 1845 1023 1881 Vide
1036 1845 1080 1880 ad
1094 1846 1224 1880 librum
1240 1845 1255 1879 I
1270 1871 1279 1888 ,
1302 1859 1372 1891 ¹7²·
1390 1864 1435 1871 —
1447 1845 1553 1880 Atlas
1562 1848 1618 1880 la—

928 1902 1035 1934 borat.
1048 1899 1164 1943 Atlas,
1178 1911 1282 1933 mons
1298 1898 1544 1944 Mauritaniae,
1558 1901 1617 1945 qui

929 1952 1054 1987 caelum
1070 1951 1149 1987 ideo
1165 1951 1338 1986 sustinere
1353 1950 1481 1986 dicitur
1492 1977 1502 1995 ,
1521 1952 1616 1997 quod

930 2005 1029 2040 Atlas
1043 2032 1052 2049 ,
1071 2004 1131 2050 qui
1150 2004 1185 2038 in
1204 2003 1302 2038 illum
1319 2010 1481 2038 montem
1505 2005 1618 2040 fertur

930 2065 1206 2101 transmutatus,
1226 2057 1360 2103 primus
1379 2057 1543 2092 omnium
1565 2073 1617 2094 as—

931 2110 1099 2157 trologica
1108 2110 1255 2146 scrutari
1264 2109 1415 2156 caeperit.
1425 2110 1506 2146 Vid.
1519 2111 1621 2146 Rho-

932 2162 1040 2210 digin.
1061 2163 1119 2198 lib.
1145 2162 1241 2206 Vll,
1267 2174 1341 2208 cap.
1367 2172 1449 2204 x11;
1477 2162 1617 2199 Vitruv.

932 2216 991 2250 lib.
1006 2214 1059 2250 VI
1075 2242 1084 2260 ,
1099 2227 1173 2261 cap.
1191 2226 1224 2249 x.
1242 2215 1308 2248 Ed.
1321 2233 1366 2240 —
1382 2213 1440 2249 De
1456 2215 1600 2251 Atlante
1611 2244 1618 2253 .

932 2268 1011 2304 vide
1035 2269 1207 2305 Nostrum
1222 2295 1231 2313 ‚
1262 2267 1316 2304 IV
1332 2294 1342 2313 ,
1366 2268 1456 2314 656,
1480 2283 1555 2316 sqq.
1579 2290 1621 2298 -—

933 2322 1106 2356 Laborare
1124 2320 1305 2367 eleganter
1326 2319 1370 2355 de
1388 2320 1429 2355 iis
1441 2347 1450 2363 ,
1477 2335 1555 2367 quae
1577 2322 1622 2357 ita

933 2380 1148 2420 premuntur
1164 2400 1174 2417 ‚
1201 2380 1241 2408 ut
1267 2373 1322 2407 vix
1350 2373 1451 2408 oneri
1474 2373 1622 2409 serendo

934 2426 1121 2462 sufficiant.
1155 2425 1283 2461 Horat.
1316 2426 1356 2470 1,
1393 2425 1464 2461 od.
1482 2438 1520 2461 1x
1532 2453 1541 2470 ,
1570 2427 1590 2462 3
1612 2441 1619 2462 ε

933 2482 1027 2514 ,τίΙνω
1039 2482 1232 2514 laborantes
1245 2506 1252 2519 ‚
1271 2491 1401 2524 nempe
1420 2478 1511 2514 nive.
1529 2479 1621 2515 Plin.

935 2534 1024 2569 Pan.
1042 2546 1083 2567 22
1104 2546 1111 2568 :
1129 2538 1219 2567 tecla
1236 2534 1429 2566 laboranlt'a
1450 2532 1621 2569 multitu-

936 2585 1019 2621 dine
1035 2584 1247 2619 hominum‘
1238 2583 1487 2621 insistentium.

981 2653 1057 2687 ²99·
1093 2638 1348 2684 Confundimur.
1382 2638 1621 2687 Exquisitius,

937 2703 1068 2737 quam,
1086 2690 1268 2735 redimus,
1287 2691 1513 2727 revolvimur.
1529 2712 1572 2719 —
1589 2694 1630 2728 Si

937 2746 1102 2789 quidnon
1115 2757 1258 2790 semper
1269 2743 1462 2781 dubitantis
1479 2751 1550 2787 est,
1565 2745 1628 2780 sed

938 2796 1122 2843 eleganter
1132 2810 1197 2844 pro
1209 2799 1301 2844 quod
1313 2798 1468 2844 ponitur.
1482 2798 1574 2836 Vide
1588 2798 1629 2834 ad
