1858 3120
1531 293 1578 323 XI

145 372 300 426 moniae
325 382 338 406 ¹
364 371 590 439 'quondam
617 371 849 421 Professor
878 371 1187 421 celeberrimus
1205 408 1217 429 ,
1255 371 1412 420 deinde
1443 371 1578 420 scho-

143 461 285 511 larum
308 461 504 519 Rector,
542 444 590 509 in
625 460 842 510 Montensi
866 461 1041 510 Ducalu
1063 472 1114 520 23
1147 459 1225 528 qui
1243 498 1255 519 ,
1295 479 1433 527 quum
1459 480 1578 509 anno

150 557 274 618 177'9
291 587 304 609 ‚
340 550 562 619 specimen
581 549 670 616 jam
693 549 903 598 edidisset
925 549 1244 599 ovidianarum
1263 547 1578 614 Metamorpho-

142 657 257 696 seon,
283 639 506 704 integrum
525 658 640 706 opus
658 638 829 698 emisit,
849 658 968 687 anno
995 638 1226 706 1784-87,
1254 656 1306 686 ex
1322 638 1576 688 recensione

144 727 193 777 P.
217 727 490 787 Burmanni,
515 727 722 777 varietate
745 726 972 786 lectioni8‚
995 739 1042 776 et
1062 727 1184 775 notis
1205 726 1434 793 perpetuis
1453 724 1578 774 illus-

143 803 322 864 tratum.
355 815 495 881 Quod
523 815 705 882 quidem
739 835 854 883 opus
888 815 1131 883 perlegenti
1156 814 1341 864 cuilibet
1358 853 1370 875 ,
1407 826 1453 864 et
1484 814 1579 863 sine

142 903 292 953 studio
324 904 619 963 examinanti,
655 923 748 954 non
782 904 1016 967 indignum
1046 904 1247 953 videatur
1269 941 1282 963 ,
1323 903 1445 970 quod
1477 922 1578 952 cum

141 993 241 1060 ipso
264 993 428 1061 Heynii
445 993 636 1057 Virgilio
667 1014 893 1062 compares
907 1033 919 1054 ,
944 995 1080 1045 immo
1108 995 1296 1044 fortasse
1318 1012 1551 1062 praeponas
1565 1031 1577 1051 ,

82 1151 88 1157 Ι
141 1080 385 1134 dummodo
424 1082 663 1133 attenderis
686 1121 699 1143 ,
743 1103 832 1151 qua
870 1084 1107 1147 sagacitate
1129 1096 1300 1133 textum
1346 1083 1544 1132 excutiat
1566 1102 1577 1141 ;

80 1159 81 1163 ¹
141 1170 284 1221 lucem
308 1191 362 1221 ex
380 1171 505 1242 fumo
527 1173 602 1222 det
622 1174 895 1240 repentinam
913 1194 923 1232 ;
949 1187 994 1223 et
1013 1175 1148 1240 hujus
1168 1175 1294 1241 quasi
1313 1173 1577 1241 Labyrinthi

142 1261 350 1324 ambages
369 1261 584 1320 resolvat,
613 1273 733 1311 certo
756 1281 955 1330 semper,
988 1282 1069 1310 nec
1098 1282 1295 1328 unquam
1323 1263 1574 1328 interrupto

141 1348 219 1398 filo
237 1348 416 1399 lectoris
437 1369 596 1414 regens
625 1351 810 1414 vestigia
831 1370 842 1401 :
864 1370 961 1417 quae
984 1351 1101 1409 laus,
1121 1351 1223 1401 licet
1245 1370 1416 1399 summa
1430 1388 1442 1409 ‚
1462 1349 1576 1398 nihil

143 1451 286 1489 tamen
301 1439 540 1506 Heynianae
555 1439 771 1497 detrahit;
789 1439 867 1492 sed
880 1439 994 1489 hanc
1007 1440 1235 1507 propriam
1250 1452 1293 1488 et
1310 1438 1574 1506 peculiarem

141 1527 231 1576 sibi
251 1527 494 1576 vindicasse
514 1527 690 1577 videtur
707 1527 786 1578 CI..
811 1527 877 1577 GI
890 1540 1054 1586 ERIG,
1075 1528 1168 1586 cui,
1189 1539 1258 1577 tot
1281 1528 1395 1576 inter
1417 1539 1462 1576 et
1482 1539 1575 1576 tam

140 1617 280 1666 varias
296 1635 446 1667 rernm
461 1616 648 1680 figuras,
667 1616 896 1666 retinenda
914 1617 1070 1667 eratin
1092 1617 1246 1683 primis
1269 1628 1411 1684 poetae
1434 1617 1575 1684 ipsius

138 1704 279 1754 forma
294 1742 308 1764 ,
340 1704 465 1770 cujus
494 1724 573 1754 non
599 1705 763 1762 vultus,
790 1724 870 1754 non
896 1705 1009 1755 color
1035 1724 1163 1762 unus,
1198 1724 1278 1754 nec
1309 1705 1370 1753 ita
1397 1703 1575 1754 diversus

139 1805 308 1854 tamen,
328 1806 382 1844 ut
398 1794 469 1843 sui
491 1813 676 1862 prorsus
697 1794 925 1844 dissimilis
940 1833 952 1853 ,
988 1794 1157 1861 quique
1176 1794 1353 1842 Proteus
1376 1794 1501 1855 alter,
1524 1805 1577 1840 ut

138 1883 318 1951 scripsit
337 1884 567 1948 ingeniose
586 1886 676 1952 jam
690 1885 877 1935 laudatae
898 1885 1178 1934 Praefationis
1202 1897 1379 1943 auctor,
1400 1903 1445 1951 p.
1473 1880 1545 1932 XII
1561 1922 1574 1943 ,

135 1991 159 2021 e
179 1974 366 2023 mmu'bus
395 1974 571 2032 excidat,
598 1974 714 2024 fallit
736 1974 918 2033 oculos,
943 1995 967 2024 e
988 1974 1146 2024 vinclis
1170 1974 1311 2024 effluit
1330 2012 1343 2034 ,
1367 1993 1448 2024 nec
1471 1974 1573 2024 ideo

134 2062 285 2112 minus
296 2077 526 2131 perpetua,
539 2076 793 2131 quanquam
805 2064 1000 2114 variante
1013 2063 1335 2131 prodigialiter,
1344 2063 1578 2130 voluptate]

137 2150 310 2200 animos
331 2152 550 2211 oblectat,
575 2153 622 2201 in
644 2151 820 2203 delicias
843 2153 962 2220 rapit
984 2164 1029 2202 et
1051 2153 1310 2203 suavissime
1336 2153 1517 2202 detinet.

213 2239 370 2304 Quum
405 2259 511 2289 vero
543 2240 877 2292 desiderandum
914 2259 1009 2291 esse
1043 2240 1249 2291 nonnihil
1285 2242 1331 2290 in
1365 2241 1573 2291 varietate

136 2325 379 2376 lectionum
403 2328 637 2378 sens-issem
657 2367 669 2389 ,
708 2329 764 2379 ad
796 2329 983 2393 Regiam
1005 2329 1332 2379 Bibliothecam
1364 2330 1570 2393 confugi,

137 2415 324 2466 Codices
348 2436 501 2466 onmes
522 2418 853 2485 manuscriptos
875 2418 1159 2487 inspecturus
1173 2455 1186 2477 ,
1213 2418 1252 2467 si
1271 2437 1384 2485 quos
1406 2417 1573 2466 doctis-

136 2504 274 2554 simus
290 2505 508 2574 interpres
524 2506 794 2571 ignorasset,
812 2506 879 2558 vel
897 2507 1164 2571 neglexisset
1181 2505 1485 2556 conferendos.
1502 2508 1571 2555 Ex

135 2591 207 2641 his
238 2605 437 2645 accurate
470 2593 643 2644 collatis
659 2633 672 2655 ‚
707 2596 820 2646 duos
847 2597 1090 2664 praesertim
1122 2594 1421 2663 suppeditavit
1459 2596 1572 2644 XIII

181 2729 194 2749 ¹
217 2730 428 2773 Dortmund,
456 2744 498 2765 en
526 2733 744 2777 Westphalic'.

181 2795 198 2816 ²
218 2797 255 2832 A
271 2797 425 2842 Lennep,
455 2800 544 2833 dans
560 2800 593 2833 Ie
607 2800 717 2834 duche?
731 2801 774 2834 de
788 2800 887 2843 Berg.
