1832 3100
340 220 1036 268 METAMORPHOSEON
1071 224 1200 269 LIB.
1239 225 1330 270 VI.

1460 223 1546 287 417

125 317 302 384 Vixque
320 333 502 365 manum
521 313 741 372 retinens,
768 312 1058 382 confessaque
1082 316 1282 366 vultibus
1306 318 1441 378 iram,
1509 331 1553 366 35

124 394 313 444 Talibus
336 393 573 443 obscuram
596 404 837 459 resequuta
859 404 926 441 est
945 392 1128 442 Pallada
1150 393 1308 443 dictis:

130 495 155 518 «
182 471 351 523 Mentis
374 472 510 539 inops
526 509 538 530 ‚
561 470 786 538 longaque
809 470 934 520 venis
962 471 1162 520 confecta
1187 485 1360 522 senecta
1375 511 1388 532 ‚

129 576 155 599 n
179 548 242 604 E't
261 553 450 603 nimium
471 553 633 603 vixisse
658 553 735 602 diu
756 564 889 602 nocet
908 574 918 602 :
939 553 1088 602 audiat
1111 553 1242 613 istas,

130 658 154 682 ιι
185 636 235 686 Si
259 656 347 704 qua
370 636 457 697 tibi
474 655 617 686 nurus
636 648 730 695 est,
758 635 795 685 si
821 656 908 703 qua
929 648 996 685 est
1020 636 1104 685 tibi
1126 636 1240 696 filia,
1265 657 1395 686 voces
1415 657 1425 686 :

126 742 155 766 »
183 720 375 770 Consilii
396 721 504 770 satis
527 733 596 770 est
617 719 664 769 in
687 739 755 769 me
779 720 915 779 mihi;
939 739 1046 770 neve
1070 721 1297 770 monendo
1516 737 1559 781 40

129 826 155 849 »ι
181 804 428 853 Profecisse
450 816 583 871 putes
598 841 610 862 ‚
635 802 787 852 eadem
811 803 1028 852 sententia
1050 804 1196 853 nobis.

131 908 156 931 »
185 887 279 936 Cur
299 906 392 935 non
415 886 512 954 ipsa
538 886 693 935 venit?
716 905 795 934 cur
814 886 908 934 haec
930 887 1171 935 certamina
1193 886 1336 937 vitat?
1360 909 1383 930 »

128 970 248 1018 Tum
270 970 390 1029 Dea,
418 992 440 1013 «
464 969 627 1028 Venit,
652 991 675 1012 »
701 969 787 1028 ait;
808 968 1082 1036 formamque
1105 970 1294 1018 removit
1318 970 1477 1020 anilem
1498 1009 1510 1032 ‚

129 1051 399 1120 Palladaque
424 1051 628 1102 exhibuit
646 1071 655 1099 ε
678 1063 944 1100 venerantur
966 1052 1149 1101 numina
1170 1053 1387 1120 Nymphae
1401 1091 1414 1112 ,

131 1134 523 1203 Mygdonidesque
548 1153 688 1183 nurus
709 1155 719 1182 :
742 1133 838 1183 sola
860 1146 926 1183 est
949 1154 1041 1183 non
1064 1135 1216 1184 territa
1237 1136 1362 1199 virgo
1378 1174 1391 1195 ‚
1523 1151 1568 1196 45

134 1280 250 1317 Pallas
264 1280 340 1315 sore
354 1306 364 1324 ,
391 1286 432 1315 ut
447 1278 592 1315 consilio
609 1279 668 1314 illo
683 1279 734 1314 ira
750 1292 817 1314 su—

133 1335 252 1381 perbae
280 1334 438 1370 mulieris
477 1333 747 1370 exulceraretur.
775 1352 821 1360 -

132 1389 213 1426 Fe'la
231 1389 396 1433 relinquit.
419 1386 646 1421 Lovaniensis
668 1393 704 1421 et
730 1399 822 1422 unus

885 1279 1073 1325 tiquiorem
1089 1287 1229 1326 poetam
1243 1281 1406 1316 occurrit.
1423 1282 1568 1328 Legitur

885 1340 920 1368 et
935 1333 1029 1368 VIII
1040 1360 1049 1377 ‚
1061 1334 1125 1367 863
1140 1348 1147 1376 ;
1164 1334 1278 1377 XIII,
1298 1336 1422 1382 749³—
1436 1336 1570 1370 Obscu*

884 1397 925 1419 ra
938 1411 948 1426 ,
976 1384 1087 1420 latens
1117 1386 1182 1420 sub
1217 1387 1330 1420 sorma
1356 1387 1468 1421 aliena
1486 1414 1496 1431 ,
1530 1394 1570 1422 ut

133 1453 176 1475 ex
189 1439 445 1475 Basileensibus
456 1441 541 1484 ,fila
561 1441 704 1480 remisit,
725 1438 821 1484 qnod
888 1437 1027 1483 agnosci
1044 1437 1137 1472 haud
1154 1446 1278 1484 posset.
1297 1439 1428 1474 Similis
1445 1440 1571 1475 incre-

134 1505 234 1538 aeque
250 1492 387 1526 bonum
401 1490 534 1536 judicat
552 1491 739 1534 Heinsius;
760 1490 822 1526 sed

134 1545 366 1580 Burmannus
393 1550 514 1588 notat,
541 1543 729 1579 discrimen
747 1557 820 1579 esse

133 1599 231 1635 inter
252 1597 329 1634 haec
344 1598 416 1633 duo
435 1611 444 1633 ι
464 1601 627 1633 remittere
642 1597 739 1632 enim
760 1597 818 1631 lo-

135 1665 219 1688 cum
227 1651 364 1687 habere
375 1658 453 1686 tum
462 1676 473 1695 ‚
495 1663 607 1696 quum
619 1650 727 1685 animi
739 1662 822 1694 qua-

137 1703 222 1740 dam
237 1703 442 1746 affectione,
462 1701 632 1748 languore
647 1708 706 1741 aut
717 1701 822 1736 simili

134 1769 217 1793 caeu
226 1783 236 1801 ‚
256 1769 299 1792 ex
313 1768 425 1791 manu
439 1754 570 1800 aliquid
583 1754 702 1797 cadat;
718 1757 822 1789 relin-

134 1821 234 1856 quere
242 1820 328 1846 vero
341 1807 426 1852 diei,
446 1820 558 1853 quum
573 1814 698 1853 sponte
715 1814 751 1842 et
765 1819 823 1840 vo-

135 1864 251 1899 lentes
279 1862 482 1898 desinamus
512 1874 609 1907 opus.
633 1880 679 1887 -—-
703 1860 824 1896 Nostri

141 1914 245 1962 Regii
266 1913 399 1950 habent
413 1916 568 1958 reliquit,
592 1919 737 1959 propter
758 1926 823 1948 se—

139 1981 251 2014 quens
271 1971 448 2012 resequuta
462 1970 523 2002 est.
539 1965 605 2002 Ed.
626 1983 670 1991 -
695 1967 825 2010 Vixque

138 2033 286 2056 manum.
313 2018 434 2054 Nostri
452 2018 585 2054 habent
602 2021 724 2064 virque
742 2031 824 2053 ma-

140 2084 232 2116 nus,·
257 2072 355 2119 parvi
370 2072 489 2107 refert.
505 2071 636 2106 Μαιιιιέ
648 2075 794 2106 retinens
808 2097 818 2113 ‚

142 2137 164 2162 a
184 2125 219 2160 vi
243 2124 430 2160 inserenda
452 2131 488 2160 et
510 2124 575 2159 dea
597 2123 825 2159 verberanda.

142 2178 459 2224 Ed.—Confilelur
483 2184 519 2212 et
540 2177 591 2221 is,
616 2176 678 2222 qui
699 2176 827 2212 inscius

143 2237 181 2266 et
199 2229 331 2265 invitus
354 2229 461 2276 signis
490 2228 699 2274 quibusdam
717 2229 827 2264 animi

141 2290 262 2318 motus
288 2281 417 2328 prodit.
439 2281 531 2317 Vide
561 2280 604 2316 ad
626 2281 717 2316 Plin.
739 2282 794 2317 111
815 2309 826 2327 ,

143 2336 210 2383 Ep.
227 2347 292 2371 xlv
303 2361 314 2380 ,
331 2336 363 2370 3.
376 2335 483 2370 Amat
498 2335 626 2371 Noster
642 2334 738 2370 hunc
747 2349 829 2370 ver-

142 2401 248 2425 suum
260 2401 364 2424 usum
377 2414 387 2433 ,
404 2401 512 2434 quem
525 2388 596 2434 ipse
613 2400 757 2424 novasse
775 2389 829 2424 vi-

144 2440 260 2477 detur.
270 2441 288 2476 1
301 2467 311 2485 ‚
330 2440 393 2475 Tr.
409 2451 448 2476 lv
461 2467 470 2485 ,
498 2454 510 2475 ι
521 2455 533 2475 ι
547 2453 555 2475 :
573 2440 749 2485 consessus
760 2454 828 2486 ge—

142 2494 214 2527 lida
228 2505 354 2536 pavore
371 2495 528 2527 timorem.
551 2493 609 2536 11,
637 2494 718 2528 525:
737 2495 830 2528 vultu

135 2544 262 2589 fassus
299 2545 512 2579 Telamonius
544 2548 639 2580 iram.
693 2544 830 2581 Contra

146 2595 290 2632 AEneid.
313 2596 380 2640 IV,
405 2598 467 2642 477
491 2609 500 2632 :
532 2600 709 2633 consilium
737 2602 831 2634 vulla

145 2653 238 2695 legit.
252 2667 297 2677 ·-
322 2651 482 2694 Confilcri
501 2653 597 2685 vultu
611 2654 696 2686 iram
708 2679 717 2693 ,
738 2664 830 2687 nove

147 2701 301 2747 dictum,
325 2701 415 2736 iram
438 2702 589 2747 prodere
616 2703 726 2737 vultu.
757 2704 832 2739 Nec

147 2759 280 2802 resequi
291 2769 356 2802 pro
366 2783 375 2798 ,
392 2755 604 2802 respondere
618 2782 628 2800 ,
654 2755 746 2801 apud
760 2769 831 2792 au·-

274 2818 381 2862 III.

886 1489 1004 1535 patio,
1030 1489 1091 1525 sed
1125 1490 1331 1535 facundior,
1362 1491 1447 1526 AEn.
1471 1492 1568 1536 VII,

885 1543 952 1585 440
970 1554 978 1576 :
993 1546 1026 1576 Ie
1038 1546 1131 1577 victa
1145 1546 1215 1577 situ
1229 1547 1361 1588 verique
1381 1544 1502 1589 ‘Jssoela
1516 1558 1574 1579 se·-

884 1599 1002 1628 neclus
1057 1597 1147 1629 curis
1156 1597 1376 1640 nequidquam
1387 1602 1573 1631 exercet.—

892 1648 943 1682 Et
954 1650 1091 1682 nimium
1112 1654 1177 1682 etc.
1203 1648 1286 1683 Non
1303 1661 1444 1694 semper
1461 1663 1573 1695 expe-

886 1701 1051 1736 rientiam
1061 1701 1167 1737 habet
1183 1707 1339 1737 seneclus
1353 1731 1361 1745 ,
1379 1703 1439 1739 sed
1451 1704 1572 1739 inter-

887 1753 973 1796 dum
985 1755 1093 1790 etiarn
1102 1759 1259 1789 nocet-*-
1266 1756 1396 1789 Eadem
1409 1761 1575 1792 sententia

887 1814 1009 1842 manet
1018 1809 1134 1847 nob1lr,
1155 1819 1232 1852 quae
1249 1814 1351 1842 antea
1362 1808 1439 1843 suit.

931 1858 984 1901 43.
1010 1859 1094 1893 Tum
1113 1860 1208 1900 Dea,
1228 1866 1293 1894 etc.
1311 1859 1403 1895 Nota
1413 1860 1574 1899 celerita-

888 1917 982 1955 tem,
1001 1924 1070 1956 qua
1087 1911 1165 1946 Dea
1179 1911 1264 1946 illud
1285 1912 1402 1958 ipsum
1418 1925 1573 1959 respon-

888 1976 968 1998 sum
983 1964 1129 2009 cupiens
1145 1970 1181 1999 et
1194 1972 1394 2010 exspectans
1407 1992 1416 2009 ,
1435 1979 1470 2000 se
1487 1978 1572 2000 ma-

888 2016 1040 2051 nifestat.
1063 2016 1233 2063 Exempla
1259 2017 1422 2053 Deorum
1442 2020 1575 2055 formas

890 2076 1058 2104 assumtas
1069 2070 1280 2116 ponentium
1287 2069 1571 2120 habetHeynius‚

891 2122 974 2158 Exc.
991 2123 1084 2159 XIII
1100 2122 1142 2157 ad
1161 2122 1302 2158 AEneid.
1320 2123 1348 2158 I.
1364 2142 1409 2151 —
1424 2126 1575 2160 Pallada

891 2177 1061 2218 exhibuit,
1080 2175 1278 2223 eleganter,
1294 2176 1447 2212 ostendit
1466 2191 1502 2212 se
1520 2191 1576 2213 es-

891 2241 927 2263 se
941 2228 1091 2264 Pallada.
1105 2229 1238 2275 Supra,
1253 2230 1309 2274 11,
1327 2244 1355 2274 1,
1363 2233 1480 2275 posita
1490 2234 1578 2265 ima-

889 2283 968 2325 gine
979 2293 1016 2316 se
1031 2280 1206 2325 confi‘ssus
1216 2287 1298 2316 erat.
1314 2282 1366 2317 XI
1381 2309 1390 2326 ,
1410 2283 1492 2326 264:
1506 2284 1578 2316 Ex-

891 2334 1001 2368 hz‘bila
1026 2338 1080 2368 est
1112 2335 1239 2368 Thetis.
1270 2335 1468 2379 Confessam
1494 2347 1576 2368 am-

886 2388 1048 2431 plectitur
1062 2387 1167 2421 heros.
1184 2404 1228 2413 -—
1247 2388 1487 2434 Mygdonides,
1505 2386 1579 2433 Ly-

894 2438 959 2474 diae
977 2452 986 2480 ;
1025 2451 1109 2473 nam
1143 2440 1331 2486 stlygdones
1342 2466 1362 2483 ,,
1381 2453 1399 2473 e
1428 2438 1583 2474 Thracia*

894 2490 1057 2535 oriundi,
1083 2490 1182 2526 sedes
1209 2492 1246 2525 in
1275 2491 1396 2526 Asiam
1421 2498 1579 2527 transtu-

894 2545 1008 2580 lerant
1020 2558 1029 2587 ;
1043 2545 1170 2580 Strabo
1184 2571 1194 2589 ,
1212 2545 1286 2579 Vll
1299 2570 1308 2588 ,
1328 2557 1360 2590 p.
1378 2547 1464 2592 2953
1484 2544 1577 2590 XII,

897 2612 928 2644 p.
953 2599 1167 2643 575.-Non
1183 2600 1314 2639 territa,
1337 2597 1497 2633 interrita
1513 2624 1522 2642 ‚
1539 2605 1581 2633 ut

896 2664 998 2687 versu
1010 2651 1073 2695 234
1085 2677 1094 2695 ,
1111 2664 1177 2686 non
1192 2653 1359 2692 evilabz'le,
1383 2652 1476 2687 etsie
1493 2666 1580 2698 pas—-

897 2704 973 2739 sim.
988 2703 1069 2738 Jam
1086 2717 1203 2750 pugna
1216 2704 1358 2750 pudoris
1375 2712 1409 2739 et
1427 2705 1578 2739 audaciae

897 2757 987 2792 bene
1000 2763 1156 2803 notatur,
1173 2771 1374 2804 quanquam
1384 2757 1575 2794 similitudo

1338 2837 1394 2882 27
