1832 3100
351 206 1031 257 METAMORPHOSEON
1064 208 1194 252 LIB.
1231 209 1325 253 IV.

1468 224 1557 269 299

132 329 158 350 »
187 303 327 371 Quod
350 303 478 352 datus
501 313 568 351 est
590 300 737 349 verbis
761 299 817 348 ad
838 300 998 349 amicas
1023 301 1237 349 transitus
1258 320 1398 351 aures.
1433 324 1456 346 >›

129 383 255 434 Talia
276 381 447 430 diversa
466 379 761 446 nequicquam
784 378 886 427 sede
909 377 1117 444 loquuti,

129 461 225 510 Sub
248 471 424 509 noctem
448 457 621 516 dixere,
646 456 782 517 Vale;
809 457 1015 524 partique
1040 456 1198 505 dedere

130 536 297 589 Oscula
320 537 509 604 quisque
533 555 622 585 suae
637 574 649 595 ,
674 555 766 585 non
788 534 1088 603 pervenientia
1115 546 1283 583 contra.
1513 551 1558 583 80

192 616 378 664 Postera
399 625 646 662 nocturnos
671 615 849 663 Aurora
868 625 1111 663 removerat
1130 613 1256 677 ignes
1273 651 1284 672 ,

128 693 295 761 Solque
316 693 552 760 pruinosas
575 693 711 744 radiis
737 693 973 743 siccaverat
993 692 1154 741 herbas
1175 711 1187 750 ;

126 772 200 822 Ad
224 771 406 821 solitum
429 771 571 821 coiere
596 771 745 821 locum
765 792 775 820 :
802 783 898 821 tum
915 790 1140 820 murmure
1163 789 1301 837 parvo

128 850 277 900 Multa
297 850 423 918 prius
445 850 619 918 questi,
647 861 852 900 statuunt
865 888 877 909 ,
899 861 951 899 ut
971 861 1102 898 nocte
1123 847 1271 897 silenti

124 927 292 978 Fallere
317 928 546 988 custodes,
569 929 832 997 foribusque
856 928 1061 978 excedere
1088 938 1288 985 tentent;
1518 938 1562 974 85

125 1007 367 1074 Quumque
383 1006 518 1056 domo
531 1007 733 1067 exierint,
743 1007 870 1057 urbis
887 1027 1066 1076 quoque
1086 1006 1276 1056 claustra
1286 1005 1561 1072 relinquant:

123 1085 244 1135 Neve
269 1085 328 1134 sit
350 1085 585 1134 errandum
608 1086 700 1134 lato
724 1085 1024 1153 spatiantibus
1048 1105 1152 1134 arvo
1169 1123 1182 1143 ,

126 1162 406 1212 Conveniant
430 1163 485 1212 ad
509 1163 647 1214 busta
670 1164 799 1223 Nini,
825 1163 1076 1231 lateantque
1102 1163 1186 1212 sub
1206 1162 1368 1211 umbra

123 1239 317 1289 Arboris
335 1260 345 1289 ε
366 1241 502 1290 arbor
520 1242 587 1291 ibi
601 1280 613 1301 ,
638 1242 779 1292 niveis
800 1242 1026 1292 uberrima
1049 1240 1198 1308 pomis
1212 1278 1224 1299 ‚

124 1317 279 1367 Ardua
302 1338 476 1378 morus,
506 1332 624 1379 erat,
649 1320 799 1384 gelido
823 1320 1102 1370 contermina
1123 1318 1254 1368 fonti.
1517 1338 1563 1375 9⁰

125 1397 261 1446 Pacta
283 1396 489 1465 placent3
511 1410 558 1447 et
577 1398 655 1447 lux
671 1437 683 1458 ,
704 1398 827 1447 tarde
853 1398 1061 1447 decedere
1084 1398 1179 1446 visa

171 1536 222 1581 78.
237 1537 350 1572 Sedes.
366 1535 479 1570 Locus
491 1560 502 1579 ,
526 1535 585 1570 ubi
601 1535 750 1571 stabant.
764 1553 808 1563 —·

123 1587 271 1624 Diversa
283 1614 293 1627 ,
322 1586 490 1633 opposita.
511 1605 557 1614 ·-
579 1588 807 1632 Nequit-quam

122 1640 328 1686 pertinetad
336 1647 459 1675 votum
468 1639 554 1675 illud
565 1668 576 1685 ‚
594 1648 632 1676 ut
642 1641 743 1676 latius
753 1654 809 1687 pa-

123 1693 191 1730 ries
205 1697 498 1740 pateret—Pars,
511 1708 641 1741 nempe
655 1695 807 1741 parietis.

163 1746 218 1781 81.
235 1747 378 1781 Postera
393 1751 573 1782 nocturnos
587 1746 722 1781 Aurora
740 1753 806 1782 etc.

122 1797 182 1834 Sic
195 1797 284 1833 libro
295 1797 369 1835 Vll
381 1825 392 1843 ,
415 1811 478 1833 ioo
489 1826 500 1844 ,
513 1801 655 1834 Postera
670 1801 810 1843 depule-

120 1855 178 1885 ναί
188 1853 310 1886 stellas
324 1853 458 1887 Aumra
471 1855 645 1887 micantes.
659 1852 727 1886 Hic
741 1851 807 1886 ele-

122 1905 260 1950 gantior
274 1901 454 1941 nactu‘mos
463 1910 562 1951 tjgnes
571 1933 580 1947 ,
602 1919 687 1940 nam
700 1905 807 1941 stellae

121 1965 205 1992 sunt
217 1957 290 1993 celi
304 1959 406 1994 faces.
418 1960 485 1996 Ed.
501 1976 546 1985 -
561 1959 676 1993 Coie-rc
687 1961 806 1993 locum.

125 2007 248 2044 Codex
272 2010 403 2056 Regius
425 2010 457 2045 B
475 2036 486 2054 ,
519 2023 645 2045 venere.
672 2010 807 2045 Forsan

123 2060 267 2096 dulcius.
283 2064 350 2097 Ed.
365 2081 410 2088 —
429 2064 610 2102 Custodes,
629 2061 808 2107 janitores.

121 2131 167 2139 —
181 2115 382 2159 Fon‘busque
392 2117 551 2149 excedere
565 2119 700 2150 tentent.
716 2114 810 2149 Bur-

123 2178 277 2201 mannus
302 2166 400 2202 malit
414 2167 616 2213 finibusque
636 2171 728 2202 exire
739 2181 809 2212 pa-

122 2223 244 2259 lemis,
273 2220 354 2265 quia
378 2232 470 2255 unus
487 2220 630 2255 Thuani
648 2223 748 2255 exire.
763 2237 808 2247 -—

122 2270 243 2307 Nostri
261 2271 362 2318 Regii
377 2271 509 2307 habent
526 2273 712 2319 vulgatam.

164 2324 218 2359 86.
248 2325 350 2360 Urbis
364 2329 516 2361 claustra
537 2339 578 2361 ex
594 2338 668 2360 uno
683 2326 808 2361 Bono-

122 2376 237 2413 niensi
258 2376 356 2413 dedit
372 2378 602 2413 Burmannus
621 2390 687 2424 pro
707 2383 806 2413 tecla.

122 2429 292 2466 Heinsius
304 2430 522 2475 conjecturat
533 2435 628 2475 septa
643 2444 684 2465 ex
690 2435 809 2475 porta-

117 2494 192 2515 rum
207 2494 284 2526 sepe
295 2509 303 2522 ‚
320 2482 427 2518 Trist.
445 2484 498 2519 IV
512 2510 522 2528 ,
541 2494 555 2518 1
568 2510 579 2528 ,
597 2485 650 2520 81.
671 2483 807 2518 Etiam-

121 2533 149 2568 si
167 2533 279 2568 nostri
297 2534 398 2580 Regii
419 2535 571 2571 habeant
587 2541 695 2577 tecla,
719 2549 808 2571 con-

120 2587 293 2622 sentimus
316 2594 435 2622 tamen
455 2588 664 2624 Burmanno
682 2603 691 2631 ;
722 2602 806 2624 nam

121 2644 211 2674 tecla
235 2639 279 2675 de
296 2640 481 2683 domibus,
505 2653 579 2676 non
596 2641 640 2676 de
663 2642 807 2678 urbibus

121 2704 200 2737 quoe
218 2692 341 2728 clausae
361 2706 435 2728 non
454 2700 554 2728 tectae
575 2701 668 2729 sunt.
697 2694 807 2739 Quod

119 2743 164 2779 ad
184 2750 300 2790 septa,
326 2746 438 2782 rarius
462 2753 536 2793 est5
551 2754 586 2783 at
604 2746 808 2784 Lucretius:

873 1540 1003 1570 naluroe
1028 1539 1203 1579 parlam‘m
1239 1535 1391 1568 claustra
1420 1538 1456 1567 et
1487 1534 1564 1566 vila·

873 1591 1054 1631 claustra5
1095 1587 1278 1622 Juvenalis
1302 1586 1418 1634 Satyr.
1440 1586 1534 1621 VIII
1551 1611 1562 1630 ,

874 1644 1213 1684 laxarantporlarum
1222 1642 1374 1674 claustra
1382 1650 1394 1682 ‚·
1412 1638 1543 1674 Statius
1551 1664 1562 1682 ,

874 1693 1075 1729 Thebaidos
1085 1693 1120 1727 X
1132 1719 1141 1737 ,
1159 1693 1242 1737 644,
1261 1693 1448 1727 Thebarum
1463 1694 1561 1726 clau*

873 1750 955 1781 stra.
970 1746 1068 1781 Infra
1083 1745 1197 1789 VIII,
1216 1758 1275 1791 70,
1288 1749 1461 1791 portarum
1472 1747 1563 1780 clau·

872 1803 955 1833 stra.
985 1797 1051 1833 Ed.
1078 1816 1123 1823 -—
1147 1798 1313 1838 Buslum,
1338 1797 1558 1843 sepulcrum,

874 1858 1155 1887 monumentum
1183 1850 1374 1898 sepulcrale
1393 1877 1403 1895 ,
1440 1852 1562 1894 τύμέος.

875 1906 934 1940 Sic
960 1908 1092 1940 bustum
1117 1906 1351 1948 Sardanapali
1364 1930 1373 1943 ‚
1410 1904 1561 1944 Catulli,

875 1958 1026 1993 aliorum
1045 1958 1136 2004 apud
1159 1957 1235 1993 Cic.
1259 1957 1408 2003 Proprie
1429 1959 1562 1991 bustum

874 2011 970 2046 locus
982 2037 992 2055 ,
1006 2010 1042 2044 in
1057 2022 1128 2056 quo
1137 2010 1285 2045 cadaver
1293 2009 1517 2045 combustum
1526 2015 1562 2043 et

873 2061 1074 2107 sepultum;
1094 2061 1173 2097 vide
1193 2061 1355 2096 ΚίΓςΙιιιι.
1375 2060 1418 2096 de
1437 2061 1562 2096 Fune-

872 2114 970 2150 ribus
990 2115 1141 2150 Roman.
1157 2115 1214 2149 lib.
1229 2114 1307 2158 Ill,
1327 2127 1400 2160 cap.
1418 2114 1436 2149 1
1451 2140 1460 2158 ,
1482 2113 1560 2148 init.

874 2168 993 2203 Miror
1016 2175 1136 2203 tamen
1163 2181 1183 2202 a
1208 2168 1340 2204 Nostro
1371 2171 1472 2203 busta
1506 2166 1562 2202 hic

873 2227 1151 2256 commemorata
1161 2247 1171 2265 ,
1185 2233 1298 2266 quum
1310 2221 1435 2255 Romae
1444 2231 1561 2254 mere-

872 2273 975 2309 trices
997 2275 1070 2309 sere
1095 2273 1138 2309 ad
1165 2274 1266 2309 busta
1283 2284 1560 2308 commoraren—

872 2333 932 2363 tur
942 2353 952 2372 ,
970 2327 1065 2363 unde
1083 2331 1262 2362 bustuario
1277 2329 1419 2363 moechae.

917 2382 971 2429 89.
994 2382 1170 2416 Uberrima
1186 2381 1284 2417 dedit
1305 2381 1494 2422 Heinsius;
1513 2379 1562 2414 sic

873 2438 908 2468 et
919 2433 1030 2468 nostri
1050 2433 1163 2479 Regii.
1175 2433 1282 2468 Liber
1293 2435 1441 2478 scriptus
1453 2432 1561 2467 Bers-

872 2487 995 2520 manni
1015 2513 1026 2531 ,
1061 2486 1185 2524 tertius
1212 2485 1461 2521 Gronovianus
1479 2510 1489 2529 ,
1525 2490 1562 2519 et

872 2538 1161 2573 Zulichemianus
1178 2565 1188 2582 ,
1212 2540 1451 2579 celeberrima5
1477 2543 1560 2572 ter-

873 2591 941 2625 tius
950 2590 1146 2634 Medieeus,
1158 2590 1427 2633 creberrimassll
1435 2589 1562 2624 Amor.

873 2655 910 2687 v,
922 2644 942 2677 3
953 2670 962 2688 ,
975 2646 1206 2678 celeberrimus
1214 2645 1292 2677 ilice
1303 2645 1409 2678 lucus.
1419 2644 1561 2677 —Fons

872 2696 930 2731 hic
946 2703 1165 2731 memoratur
1183 2703 1327 2742 propter
1348 2709 1488 2731 versum
1506 2697 1560 2742 98.

918 2763 940 2797 9
947 2763 958 2784 ι
964 2776 972 2785 .
981 2750 1059 2785 Lux
1067 2761 1132 2797 pro
1139 2749 1221 2786 sole.
1231 2767 1275 2776 -
1282 2750 1463 2786 Decede-re.
1473 2748 1558 2784 Nos-
