1832 3100
702 272 1504 291 mmmmm

307 411 388 480 P.
449 405 792 477 OVIDII
838 403 1276 474 NASONIS

144 571 1434 668 METAMORPHOSEON

398 784 657 842 LIBER
707 780 1189 840 SECUNDUS.

86 1127 202 1175 ΓΑΒ.
222 1127 260 1174 Ι.
285 1105 496 1174 REGIA
519 1121 640 1171 Solis
667 1133 760 1171 erat
782 1120 1051 1170 sublimibus
1078 1119 1167 1167 alta
1189 1117 1432 1176 columnis,

89 1203 219 1253 Clara
239 1202 430 1250 micante
454 1219 586 1258 auro,
611 1199 893 1266 flammasque
918 1198 1118 1246 imitante
1142 1216 1338 1264 pyropo3

138 1347 237 1383 1-18.
253 1348 365 1391 Regia
376 1345 477 1379 Solis.
493 1344 536 1379 In
551 1357 619 1389 qua
635 1343 773 1388 descri-

89 1399 207 1436 benda
229 1397 380 1434 Ovidius
406 1409 473 1433 nec
501 1397 629 1431 veteris
653 1396 774 1442 cujus-

91 1452 172 1488 dam
185 1457 298 1498 poetoe
308 1449 383 1485 loca
392 1448 542 1494 respexit
552 1447 773 1495 (quanquam

93 1511 130 1540 et
147 1503 239 1550 apud
251 1502 401 1538 Homer.
421 1499 494 1536 Od.
511 1506 536 1534 Δ
551 1526 561 1544 ,
585 1513 624 1541 72
637 1526 647 1543 ‚
668 1506 713 1542 Η,
731 1500 773 1545 87

91 1555 196 1602 regiae
231 1559 423 1589 ocaeurrunt
453 1563 540 1587 auro
557 1577 567 1596 ,
599 1557 745 1597 argento
764 1577 774 1594 ,

92 1608 198 1644 ebore
227 1602 478 1652 splendentes)
497 1629 508 1647 ,
560 1616 629 1639 nec
659 1603 774 1638 obiter

93 1659 266 1706 Apollinis
287 1657 461 1704 templum
486 1656 529 1691 ab
556 1656 716 1704 Augusto
737 1657 775 1693 in

92 1711 229 1748 Palatio
259 1709 460 1745 dedicatum
501 1708 518 1754 (
535 1707 578 1743 de
610 1722 681 1754 quo
719 1708 776 1743 111

94 1763 225 1799 Trist.1
236 1788 247 1807 ,
265 1763 308 1797 58
318 1775 393 1808 sqq.
410 1762 572 1807 Propert.
589 1761 626 1796 ΙΙ
639 1788 648 1805 ,
663 1759 777 1806 xxm)

92 1815 235 1851 laudare
251 1814 382 1856 voluit;
399 1813 496 1849 sedse
512 1813 667 1860 partibus
683 1821 778 1849 tem-

93 1869 234 1916 plorum
248 1867 430 1914 praecipuis
443 1893 453 1912 ,
468 1869 648 1908 columnis,
657 1867 778 1912 sasti-

91 1926 159 1968 giis
164 1921 366 1967 foribusque
380 1923 511 1956 celatis
522 1947 530 1961 ‚
545 1933 625 1955 eam
639 1933 780 1966 compo-

95 1973 185 2017 suit,
211 1972 332 2008 addito
357 1971 487 2018 insigni
513 1979 642 2007 ornatu
654 1998 664 2016 ,
692 1972 752 2017 qui
767 1998 777 2016 ‚

98 2037 210 2070 quum
226 2024 265 2059 in
275 2024 470 2060 Romanor.
477 2023 615 2060 aedibus
630 2036 757 2058 aurum
769 2049 779 2067 ‚

98 2076 209 2120 ebur,
231 2088 389 2110 marmor
408 2075 598 2122 reniteret,
624 2074 781 2109 divinam

99 2129 234 2176 regiam
250 2129 287 2163 in
304 2128 427 2175 primis
442 2127 568 2164 decere
586 2127 782 2163 videbatur.

103 2181 215 2227 Quod
231 2181 404 2227 posterius
417 2181 566 2216 minime
582 2180 784 2227 approbavit

101 2234 226 2270 Senec.
242 2233 308 2280 Ep.
320 2243 391 2268 cxv
400 2260 410 2277 ,
427 2232 488 2279 qui
498 2259 507 2277 ,
521 2233 622 2268 allata
635 2233 698 2268 hac
711 2233 785 2278 ipsa

100 2287 206 2333 regie
221 2293 257 2322 et
270 2299 352 2321 mox
367 2299 491 2322 currus
504 2286 624 2321 solaris
638 2286 785 2332 descrip-

102 2340 198 2375 tione
211 2366 221 2384 ,
234 2347 376 2385 monet,
391 2340 515 2375 talibus
522 2341 641 2386 augeri
651 2354 785 2376 sacram

102 2392 179 2428 auri
187 2393 319 2428 famem
330 2392 424 2428 inter
433 2392 788 2428 homines.—Colum-

101 2458 173 2486 ιω,
193 2445 347 2490 porticus
359 2472 369 2489 ,
387 2445 425 2480 in
443 2445 569 2491 quibus
588 2445 679 2491 apud
704 2446 786 2481 Ve—

103 2504 195 2532 teres
226 2496 377 2531 maxima
406 2510 484 2543 pars
516 2497 787 2543 magnificentiae

104 2548 329 2595 templorum.
357 2549 399 2584 In
417 2549 538 2595 primis
554 2562 697 2596 operam
716 2549 787 2585 da—

102 2602 189 2637 bant
199 2627 210 2646 ,
223 2608 262 2636 ut
273 2608 389 2636 essent
400 2604 560 2636 sublimes
570 2630 579 2644 ,
598 2602 694 2637 altae:
707 2602 787 2637 vide

106 2652 248 2688 Ernesti
263 2652 434 2688 Archaeol.
452 2653 545 2688 VIII
557 2680 567 2697 ,
591 2655 791 2689 1o.·-Alta

105 2708 270 2741 columnis
281 2733 290 2745 ‚
332 2713 477 2752 propter
507 2707 687 2742 columnas
701 2734 710 2748 ,
750 2714 790 2741 ut

108 2758 231 2805 virgil.
257 2759 400 2795 AEneid.
426 2760 518 2802 VII,
548 2774 609 2806 170
624 2786 635 2804 ‚
670 2765 791 2795 lectum

109 2817 235 2848 centum
253 2816 394 2848 sublime
407 2817 570 2850 columnis
581 2842 590 2857 ‚
611 2821 646 2849 et
663 2814 793 2851 Noster

841 1344 947 1378 Trist.
954 1343 987 1378 d.
998 1343 1034 1387 l.‚
1046 1345 1170 1387 templa
1181 1342 1355 1387 Apollinis
1362 1343 1523 1386 gradibus

839 1398 998 1430 sublimia
1014 1397 1125 1429 celsis.

885 1460 914 1482 2.
938 1449 1050 1482 Clara.
1077 1444 1286 1492 splendens.
1308 1463 1353 1471 —
1372 1445 1526 1479 M'canle

839 1511 933 1533 auro.
946 1498 1080 1533 Micare
1092 1524 1102 1542 ,
1115 1509 1179 1543 per
1190 1496 1372 1531 intervalla
1385 1495 1502 1530 lucere
1515 1521 1523 1538 ,

841 1557 877 1585 et
896 1563 932 1586 se
955 1562 1110 1585 movere.
1130 1549 1277 1595 Proprie
1295 1575 1305 1592 ‚
1331 1552 1423 1583 mica
1440 1551 1527 1582 auri.

842 1603 981 1638 Lucret.
1002 1602 1058 1637 lib.
1086 1603 1113 1638 Ι.
1138 1602 1233 1636 Enn.
1261 1602 1397 1636 incerto
1420 1601 1496 1635 loco
1517 1614 1524 1634 ·.

841 1658 985 1690 omnia...
996 1656 1151 1690 tumendo
1161 1653 1530 1699 marivideasfirvenlc

841 1711 988 1743 micari:
1004 1719 1068 1753 pro
1083 1710 1214 1742 movent
1236 1724 1282 1731 —
1304 1706 1411 1740 Auro.
1435 1705 1528 1750 Lege

843 1759 1052 1795 Senec..hos
1071 1772 1191 1794 versus
1208 1758 1396 1802 citantem,
1419 1757 1527 1803 Epist.

847 1827 860 1848 1
871 1816 920 1848 15.
946 1832 991 1840 ·—·
1018 1815 1160 1860 Pyropo.
1189 1811 1343 1847 Gemma
1368 1810 1528 1845 radiante

842 1866 953 1901 instar
965 1864 1177 1900 carbunculi.
1191 1865 1318 1909 Neque
1334 1863 1431 1898 enim
1447 1863 1529 1908 pla.—

843 1925 899 1952 cet
909 1917 953 1952 de
963 1930 1031 1953 aere
1042 1917 1246 1952 coronario:
1263 1914 1359 1961 quod
1370 1914 1461 1950 Plin.
1472 1914 1537 1949 liba

845 1971 1018 2014 XXXIV,
1036 1972 1056 2006 8
1066 1997 1075 2014 ,
1090 1969 1208 2005 scribit
1223 1972 1303 2003 auri
1311 1972 1412 2004 certis
1427 1972 1530 2003 sci-u—

839 2026 934 2068 pulis
943 2027 1083 2058 mixtum
1094 2026 1262 2068 proelenui
1264 2025 1391 2070 pyropi
1398 2025 1542 2057 bractea

845 2080 1023 2121 ignescere.
1035 2076 1102 2111 Ed.
1110 2077 1302 2122 —AErropa
1312 2074 1355 2111 C.
1365 2075 1408 2110 R.
1422 2076 1463 2110 B.
1473 2076 1531 2109 Sa-

840 2132 951 2174 phiro.
965 2131 1047 2165 Hoc
1057 2130 1205 2176 glossam
1218 2129 1366 2165 redolet.
1381 2132 1534 2177 Pyr-opus

847 2196 945 2219 nunc
958 2196 1033 2218 non
1050 2190 1102 2218 est
1117 2183 1265 2218 rubinus
1281 2197 1300 2218 e
1313 2195 1441 2230 genere
1458 2196 1531 2218 car-

847 2236 1083 2272 bunculorum
1097 2263 1107 2281 ‚
1134 2237 1196 2272 sed
1222 2250 1267 2272 aes
1280 2263 1289 2281 ,
1318 2237 1375 2271 cui
1402 2235 1531 2282 aliquid

849 2290 924 2324 auri
952 2296 1025 2324 arte
1052 2289 1242 2324 hominum
1269 2289 1440 2324 additum.
1491 2287 1531 2323 Id

850 2342 946 2378 enim
958 2349 1100 2377 auctore
1116 2342 1234 2378 Plinio
1247 2368 1257 2386 ,
1272 2343 1434 2378 XXXIV
1447 2369 1456 2386 ,
1472 2344 1492 2377 8
1509 2357 1535 2376 s.

851 2408 913 2438 20,
930 2399 1140 2440 &nesci-bat,
1159 2402 1194 2430 et
1206 2422 1216 2439 ‚
1234 2395 1329 2441 quod
1342 2395 1463 2430 Isidor.
1477 2395 1535 2429 lib.

851 2449 939 2483 XIX
949 2475 959 2492 ‚
981 2462 1020 2496 ¹9
1030 2475 1039 2492 ,
1053 2447 1149 2483 addit
1149 2450 1313 2493 stammas
1326 2451 1531 2482 imitabatur.

852 2513 957 2546 quam
982 2499 1099 2545 'ipsam
1131 2500 1177 2533 ob
1208 2512 1347 2534 causam
1373 2512 1535 2545 pyropum

851 2552 1024 2602 (wupmrro'u,
1043 2552 1142 2596 cujus
1156 2551 1258 2586 facies
1276 2551 1379 2597 ignea
1399 2558 1458 2585 aut
1473 2564 1537 2586 ru-

852 2604 938 2650 tila)
955 2604 1098 2645 dictum.
1125 2603 1217 2638 Rod.
1240 2611 1360 2650 putat,
1387 2604 1535 2650 parietes

852 2659 956 2693 fuisse
981 2671 1022 2692 ex
1038 2658 1096 2692 illo
1112 2671 1247 2706 pyropo
1262 2685 1272 2701 ,
1299 2657 1481 2694 columnas
1497 2672 1537 2692 ex

853 2723 949 2744 auro.
968 2709 1118 2744 Ovidius
1135 2709 1222 2744 nihil
1239 2709 1364 2745 definit
1380 2737 1389 2754 ‚
1405 2710 1465 2745 sed
1481 2722 1536 2744 cu-

853 2762 978 2807 jusque
1005 2762 1148 2808 ingenio
1174 2762 1323 2797 liberum
1346 2762 1538 2807 relinquit,

855 2814 1002 2850 metallis
1026 2814 1088 2849 illis
1107 2814 1173 2850 sibi
1199 2827 1367 2850 exornare
1396 2814 1541 2859 regiam.
1557 2808 1565 2812 ⁷
