1832 3100
249 210 265 220 ·
321 196 1039 248 METAMORPHOSEON
1073 199 1202 243 LIB.
1238 199 1296 244 V.

1433 197 1515 253 401

107 297 283 364 Vixque
300 305 449 344 movet
466 302 592 340 natas
610 308 691 357 per
710 289 867 337 inertia
888 288 1068 336 brachia
1090 308 1279 355 pennas·
1271 330 1280 348 ,

106 375 325 442 Foedaque
346 371 399 421 fit
420 369 635 428 volueris,
661 365 835 417 venturi
855 365 1012 414 nuntia
1032 363 1202 425 luctus,

102 454 296 517 Ignavus
315 435 471 506 bubo,
495 445 639 495 dirum
664 443 928 494 mortalibus
952 461 1096 492 omen.

1458 461 1522 495 551»

175 551 202 574 ,ι
227 527 315 577 Hic.
338 538 484 575 tamen
498 523 671 573 indicio
695 541 896 591 poenam,
918 521 1157 589 linguaque
1180 522 1318 572 videri

108 604 431 658 Commeruisse
449 613 627 670 potest:
648 600 800 660 vobis,
826 600 1089 650 Acheloides
1104 639 1116 660 ‚
1139 601 1258 650 unde

107 683 265 735 Pluma
284 682 507 750 pedesque
528 680 696 738 avium,
721 697 859 746 quum
878 678 1062 743 virginis
1085 696 1163 726 ora
1184 678 1344 741 geratis
1363 680 1382 726 ?

107 763 182 812 An
205 761 309 829 quia
322 798 334 819 ,
363 778 501 828 quum
521 757 685 823 legeret
705 776 863 805 vernos
885 756 1150 823 Proserpina
1170 755 1301 805 flores
1319 794 1330 814 ,

106 841 162 888 In
184 836 396 888 comitum
415 855 600 886 numero
626 835 798 893 mixtae,
823 835 998 883 Sirenes
1012 873 1024 894 ‚
1050 834 1217 882 eratis?
1461 849 1525 882 555»

108 914 258 982 Quam
277 928 516 984 postquam
540 926 637 963 toto
659 913 823 962 frustra
845 912 1064 979 quaesistis
1086 912 1133 960 in
1157 912 1266 962 orbe
1283 949 1295 969 ‚

108 995 323 1044 Protinus
346 1005 399 1042 ut
417 1005 606 1042 vestram
627 991 844 1041 sentirent
866 1009 1041 1056 aequora
1061 1007 1207 1037 curam
1227 1026 1239 1047 ‚

107 1073 244 1122 Posse
268 1070 402 1140 super
423 1071 584 1120 fluctus
608 1069 775 1118 alarum
799 1068 999 1116 insistere
1023 1066 1155 1115 remis

111 1152 344 1219 Optastis;
368 1149 607 1216 facilesque
630 1149 752 1196 Deos
776 1146 998 1195 habuistis
1016 1183 1028 1203 ‚
1056 1157 1099 1193 et
1120 1156 1239 1193 artus

109 1229 297 1279 Vidistis
317 1240 486 1278 vestros
511 1226 670 1277 subitis
690 1225 918 1274 flavescere
941 1223 1111 1291 pennis.

153 1365 321 1402 551-563.
333 1359 475 1400 divertes.
486 1364 578 1400 Nota
590 1369 672 1398 sunt
683 1388 692 1406 ,
711 1371 788 1408 qnae

39 1435 42 1437 ’
110 1419 311 1462 Homerus,
330 1417 403 1454 od.
418 1425 450 1454 Μ
464 1443 474 1461 ,
492 1418 535 1465 39
548 1429 622 1461 sqq.
635 1441 644 1459 ,
663 1414 705 1450 de
724 1414 789 1449 Si-

109 1471 253 1507 renibus
274 1467 384 1506 finxit.
412 1469 547 1504 Confer
566 1467 680 1513 Orph.
703 1467 789 1513 Arg.

114 1523 198 1559 1268
229 1535 303 1568 sqq.
321 1548 332 1566 ,
363 1528 400 1557 et
424 1520 588 1568 Apollon.
615 1519 683 1555 Rh.
710 1520 787 1562 lv,

110 1578 176 1623 892
195 1587 270 1622 sqq.
305 1575 418 1610 Erant
442 1580 600 1608 monstra
630 1571 787 1614 marina,

110 1641 187 1675 quae
202 1628 298 1663 inter
312 1626 448 1662 Italiam
469 1632 505 1660 et
522 1624 676 1660 Siciliam
690 1649 700 1667 ,
723 1623 788 1657 in—

109 1680 221 1716 sulam
250 1677 441 1726 quamdam
467 1676 688 1719 incolebant,
716 1686 788 1709 na·—

111 1745 238 1779 vesque
255 1731 412 1778 appulsas
431 1742 515 1765 voce
541 1741 670 1764 canora
690 1727 788 1762 deti—

109 1785 252 1821 nebant.
265 1784 372 1820 Pater
381 1794 504 1818 earum
514 1781 665 1816 traditur
677 1780 789 1814 Ache-

109 1841 208 1880 lous‚·
224 1843 317 1872 matr
384 1835 516 1871 faciunt
527 1833 583 1868 alii
593 1833 766 1877 Steropen
777 1857 787 1874 ‚

111 1890 169 1926 alii
194 1889 340 1935 Terpsie
365 1899 477 1931 oren,
504 1886 560 1920 alii
588 1885 791 1929 Melpome-

111 1950 185 1977 ne'n
201 1948 262 1976 aut
287 1940 481 1984 Calliopen.
503 1937 622 1972 Etiam
642 1936 790 1970 nomina

111 2007 235 2030 earum
245 1993 338 2027 varie
346 1991 563 2027 exhibentur.
573 1992 606 2025 A
617 1988 789 2037 Lycophr.

112 2052 284 2082 vocantur
315 2044 540 2088 Parthenope
553 2069 563 2086 ,
598 2041 764 2077 Leucosia
777 2068 787 2086 ,

113 2098 221 2146 Ligia.
241 2097 346 2133 Extat
366 2095 552 2132 Claudiani
574 2094 789 2141 epigramma

114 2153 177 2196 24,
209 2151 248 2185 in
281 2161 360 2194 eas,
393 2148 453 2183 ubi
484 2147 605 2184 Barth.
629 2146 786 2192 collegit,

114 2211 286 2250 quantum
313 2203 404 2239 satis.
429 2200 531 2236 Adde
561 2200 712 2236 Bruckh.
745 2199 790 2234 ad

113 2255 229 2292 Tibul.
253 2255 321 2299 IV,
338 2266 354 2290 1
368 2281 378 2299 ,
404 2254 457 2302 69.
476 2253 646 2288 Creditur
671 2259 790 2286 autem

113 2309 316 2344 Homerum
340 2307 405 2343 hac
430 2306 544 2341 sabula
574 2304 789 2350 descripsisse

112 2361 328 2408 voluptatem
339 2358 557 2394 mortiferam
568 2384 577 2401 ,
588 2364 627 2392 ut
638 2356 792 2403 pluribus

114 2412 217 2448 docet
239 2411 360 2448 Bocat.
387 2410 534 2446 Geneal.
557 2409 665 2444 Deor.
694 2409 789 2453 vn,

113 2477 167 2499 20.
183 2464 227 2499 In
238 2464 458 2509 Proserpinae
469 2463 636 2498 comitatu
646 2463 791 2496 suerunt

113 2517 221 2552 etiam
245 2515 440 2551 secundum
470 2515 628 2562 Apollon.
658 2515 789 2562 Hygin.

115 2571 181 2607 sab.
205 2572 262 2615 141
280 2584 289 2613 ς
308 2569 491 2604 Claudian.
507 2570 587 2613 111,
606 2570 670 2613 254
683 2581 691 2602 :
703 2581 791 2614 pos—-

116 2631 231 2660 tremo
246 2623 322 2658 loco
334 2649 344 2666 ,
362 2623 491 2667 rapt'dis
505 2623 708 2656 Acheloides
724 2623 792 2655 alis

119 2677 264 2711 Sublata
291 2676 401 2711 Siculi
424 2676 514 2709 latus
540 2676 694 2711 obsedere
719 2675 792 2708 Pe-

119 2731 257 2765 Ion'etc.

303 2797 400 2841 III.

1468 1236 1533 1269 560

899 1361 973 1395 552.
993 1360 1098 1393 Unde.
1119 1357 1223 1404 Apud
1235 1357 1421 1405 Hyginum
1434 1383 1444 1400 ,
1468 1357 1533 1392 Si-

854 1426 957 1448 renes
976 1412 1117 1448 Cereris
1134 1412 1313 1446 voluntate
1327 1418 1512 1446 mutantur
1523 1438 1532 1450 ,

855 1466 950 1513 quod
969 1465 1189 1512 Proserpinae
1203 1464 1367 1500 auxilium
1384 1477 1457 1499 non
1470 1471 1535 1499 tu·-

854 1519 977 1554 lerant.
988 1537 1033 1545 —-
1048 1520 1197 1562 'W‘rgitqt‘s
1207 1524 1268 1551 ora
1277 1520 1413 1560 geratis.
1427 1516 1535 1562 Supe—

853 1571 985 1605 riorem
998 1575 1133 1615 partem
1141 1568 1316 1603 habebant
1326 1568 1517 1613 virgineam
1525 1595 1533 1611 ‚

853 1623 1059 1657 inferiorem
1099 1618 1334 1667 gallinaceam.
1372 1620 1534 1666 Fulgent.

853 1673 976 1724 Myth.
997 1675 1032 1710 Π
1050 1701 1059 1719 ,
1090 1689 1140 1710 11.

900 1729 974 1763 555.
998 1729 1039 1761 Ia
1062 1738 1197 1761 numero
1216 1728 1347 1767 mata,
1369 1725 1534 1759 immixtae

854 1793 1007 1815 nurnero
1020 1795 1029 1822 ;
1047 1780 1116 1815 vid.
1128 1780 1366 1814 Burmannus.
1374 1779 1535 1813 —Hein·

853 1833 923 1867 sius
934 1832 1085 1866 malebat
1094 1834 1253 1866 immitte
1262 1843 1397 1865 numero
1412 1844 1422 1864 ,·
1439 1843 1537 1865 mera

856 1891 908 1919 est
929 1884 1003 1919 haec
1024 1883 1163 1918 Heinsii
1187 1882 1388 1917 emendatio
1402 1909 1411 1926 ,
1438 1894 1535 1927 aeque

856 1950 894 1972 ac
911 1949 990 1983 quae
1012 1936 1170 1983 proxima
1192 1936 1299 1971 venit.
1316 1937 1381 1970 Ed.
1392 1954 1436 1963 --
1451 1936 1538 1971 Pro-

855 1994 946 2025 tinus
971 1994 1006 2025 1'12
1026 1994 1186 2031 vestram,
1215 1989 1372 2024 mutabat
1399 1989 1437 2023 in
1469 2002 1536 2023 non

854 2048 966 2079 minus
980 2049 1019 2079 ul
1026 2049 1180 2078 vestram.
1192 2062 1236 2069 —
1245 2044 1299 2077 >Ut
1308 2046 1470 2077 sentirent
1477 2055 1537 2076 cu-

854 2110 926 2132 ram
936 2125 945 2139 ‚
962 2104 1002 2132 ut
1014 2097 1262 2143 Proserpinam
1275 2096 1379 2131 etiam
1389 2109 1452 2141 per
1466 2109 1536 2130 ma-

854 2150 904 2184 ria
916 2162 1072 2195 quaerere
1082 2149 1357 2195 possetis—Ale
1365 2148 1534 2193 frequen-

854 2208 910 2238 ter
924 2216 1005 2238 cum
1030 2203 1174 2238 navium
1199 2206 1299 2237 remis
1319 2214 1533 2247 comparan—

855 2263 922 2291 tur.
940 2259 1127 2302 Remigium
1142 2260 1272 2293 alarum
1288 2263 1339 2291 est
1356 2255 1447 2301 apud
1463 2254 1537 2289 Lu-

854 2309 1022 2353 cretium,
1040 2310 1115 2353 Vl,
1141 2309 1226 2356 7433
1246 2315 1282 2343 et
1301 2308 1392 2354 apud
1413 2307 1533 2353 Virgil.

855 2363 1046 2408 aliquoties.
1061 2363 1182 2409 Eurip.
1199 2362 1310 2409 Iphig.
1323 2363 1430 2396 Taur.
1447 2362 1511 2408 289
1523 2387 1533 2406 ,

855 2418 1100 2466 xrspolgc'pt'wn.
1118 2416 1308 2462 Reciproca
1321 2421 1372 2450 est
1386 2441 1394 2457 ,
1408 2414 1534 2448 obser-

855 2476 958 2503 vante
976 2468 1119 2512 Sex-vio,
1136 2468 1178 2503 ad
1195 2468 1278 2502 AEn.
1298 2468 1338 2510 l„
1361 2468 1442 2510 224,
1461 2466 1533 2500 na·-

856 2522 951 2556 vium
975 2529 1011 2557 et
1033 2522 1149 2557 avium
1172 2520 1386 2566 metaphora.
1412 2512 1534 2565 Itaque

856 2576 944 2610 remi
968 2575 1117 2610 vicissim
1144 2575 1252 2608 Hom.
1281 2571 1352 2608 Od.
1375 2579 1425 2615 A,
1450 2574 1532 2616 124,

857 2633 1026 2660 vocantur
1037 2643 1088 2662 ,νε
1078 2627 1137 2675 εμέ.
1148 2644 1193 2651 -
1203 2626 1330 2659 Facffis
1345 2622 1461 2667 Deus,
1475 2623 1534 2668 qui

857 2679 952 2714 facile
967 2686 1001 2713 et
1018 2679 1167 2725 benigne
1186 2678 1404 2723 obtemperat
1421 2676 1534 2722 preci-

857 2731 932 2766 bus.
949 2750 991 2756 --
1014 2733 1050 2766 V
1043 2736 1149 2766 eslros
1166 2733 1297 2765 subitis.
1318 2728 1438 2764 Codex
1461 2728 1535 2762 Re-

1255 2796 1311 2839 ἰδ
