1832 3100
317 240 400 284 116

675 242 727 285 P.
773 242 1017 289 OVIDII
1059 245 1362 293 NASONIS

304 332 506 381 Fletibus
523 344 654 395 auget
676 353 839 400 aquas;
861 347 1097 403 natamque
1121 338 1390 397 miserrimus
1412 342 1464 390 Io

303 412 469 473 Luget,
493 422 545 459 ut
567 411 769 461 amissam
791 432 801 460 z
820 413 984 472 nescit,
1009 414 1155 463 vitane
1178 415 1368 476 fruatur,

1659 434 1724 472 585

302 488 377 536 An
401 487 459 535 sit
481 488 600 555 apud
622 508 798 548 manes3
825 490 903 538 sed
928 509 1059 557 quam
1079 511 1171 540 non
1194 493 1362 543 invenit
1385 514 1592 563 usquam,

301 566 411 613 Esse
435 577 563 631 putat
585 585 805 632 nusquam
818 579 878 624 ‚at
900 587 990 633 que
1013 568 1160 617 animo
1183 571 1335 637 pejora
1355 585 1540 622 veretur.

301 641 484 691 Viderat
507 662 532 691 a
557 644 703 710 patrio
727 644 984 694 redeuntem
1006 647 1185 713 Jupiter
1203 649 1253 696 Io
1437 659 1440 662 ’

299 717 501 768 Flumine
522 741 532 768 ε
560 732 627 778 et,
658 744 681 764 «
710 723 752 771 Ο
776 722 901 786 virgo
924 725 1035 772 Jove
1059 725 1216 788 digna,
1242 738 1409 793 tuoque
1431 727 1612 777 beatum

303 818 326 839 »
350 797 511 845 Nescio
535 817 664 865 quem
687 799 856 848 factura
878 812 977 848 toro
992 839 1004 859 ,
1030 814 1153 867 pete,
1181 804 1373 863 dixerat,
1396 805 1575 855 umbras

1657 821 1722 867 590

302 895 325 916 »
352 874 562 924 Altorum
584 895 843 934 nemorum3
870 889 914 925 et
937 896 1166 927 nemorum
1181 893 1501 931 monstraverat
1517 883 1719 936 umbras:

303 975 326 995 >›
352 953 473 1001 Dum
496 954 630 1012 calet,
657 967 702 1003 et
723 956 869 1003 medio
894 955 973 1003 Sol
996 969 1064 1005 est
1085 957 1326 1008 altissimus
1351 960 1471 1010 orbe.
1712 949 1715 954 .

302 1056 326 1077 »
354 1035 494 1098 Quod
519 1036 557 1084 si
579 1035 672 1084 sola
696 1037 824 1085 times
848 1036 1037 1086 latebras
1059 1038 1221 1088 intrare
1245 1040 1455 1099 ferarum,

252 1124 259 1127 ’
302 1138 325 1158 »
351 1117 542 1166 Praeside
572 1130 666 1166 tuta
690 1119 788 1166 Deo
810 1137 1041 1167 nemorum
1066 1133 1229 1169 secreta
1247 1122 1421 1171 subibis
1441 1143 1451 1172 :

301 1221 323 1241 >›
351 1201 444 1248 Nec
470 1199 523 1248 de
547 1200 679 1266 plebe
701 1201 820 1258 Deo,
848 1201 925 1249 sed
949 1202 1027 1268 qui
1050 1201 1237 1251 caelestia
1259 1223 1417 1267 magna

295 1345 350 1373 ter
362 1338 522 1373 amissam
534 1337 639 1372 filiam
657 1351 692 1373 se
706 1338 802 1373 domi
815 1340 977 1375 contine-

295 1391 355 1425 bat
368 1405 377 1433 ;
398 1398 437 1425 ut
450 1399 485 1425 et
495 1391 609 1425 moesti
621 1399 656 1426 et
666 1392 824 1438 lugentes
839 1393 953 1428 solent
965 1420 975 1438 ,

297 1444 473 1490 publicum
486 1444 644 1480 vitantes.
658 1447 697 1480 Io
705 1446 915 1481 accusativus
926 1453 978 1482 est

297 1510 427 1543 graecus
444 1497 485 1531 ab
503 1497 543 1531 Io
557 1523 566 1540 ,
591 1497 659 1532 Ius.
676 1499 741 1532 Ed.

339 1549 414 1592 584.
430 1550 582 1582 Fletibus
595 1554 698 1593 auget
709 1561 818 1593 aquas
828 1575 836 1589 ‚
859 1550 974 1594 jocose

297 1599 431 1634 dictum
441 1599 552 1634 videri
565 1600 680 1645 possit.
697 1599 768 1634 Sed
787 1608 976 1635 occurrunt

294 1652 374 1686 alibi
386 1652 510 1686 similia
522 1664 530 1687 :
541 1652 576 1686 in
587 1652 708 1700 clypeo
722 1652 837 1687 Turni
847 1665 975 1687 amnem

285 1705 476 1749 fundebat‚·
494 1704 584 1738 insra
599 1704 653 1738 XI
664 1730 673 1747 ,
690 1705 730 1749 47
744 1730 753 1747 ,
761 1706 906 1748 flumina
921 1707 975 1739 Ia-

295 1759 409 1791 crimis
419 1760 700 1798 increscuntsuts,
714 1756 863 1790 Homer.
882 1756 920 1791 Il.
939 1763 972 1800 1,

300 1811 340 1853 14
361 1822 369 1843 :
390 1811 563 1858 δακρυχέων
581 1811 656 1844 ὥστε
672 1811 762 1857 κρήνη
783 1810 975 1858 μελάνυδρος.

296 1861 489 1906 Sequentia
500 1862 619 1896 Nescit
619 1886 669 1895 .....
687 1865 817 1894 veretur
829 1861 975 1905 castiga-

297 1915 364 1948 tior
376 1914 522 1959 scriptor
535 1913 625 1946 sorte
642 1912 854 1948 resecuisset.

340 1967 413 2001 585.
435 1967 561 2000 Nescit.
579 1964 703 1999 Heins.
714 1977 796 1999 cum
810 1977 883 1999 uno
898 1966 974 2001 Me-

295 2017 359 2052 dic.
377 2016 568 2062 legendum
583 2023 683 2062 putat
695 2029 756 2051 nec
767 2021 843 2051 scit.

340 2071 412 2106 588.
436 2073 574 2105 Viderat
587 2084 609 2104 a
619 2074 742 2114 palrio.
767 2070 972 2105 Secundum

295 2121 412 2157 Valer.
430 2122 521 2156 Flac.
531 2146 540 2165 ,
559 2121 699 2166 Jupiter
709 2135 795 2165 ,τα-με
803 2124 976 2156 descendit

292 2177 344 2209 ad
356 2178 450 2218 ignes
466 2174 544 2213 Ius,
577 2186 770 2218 eorumque
796 2175 972 2208 sui-torum

294 2226 429 2268 con-scia
442 2233 542 2260 antra
557 2225 715 2261 habebat.
733 2226 842 2260 Aliter
854 2240 972 2263 rursus

291 2285 329 2314 et
342 2278 513 2323 copiosius
526 2291 603 2312 rem
614 2284 733 2311 narrat
745 2277 896 2325 AEschyl.
907 2280 970 2314 652

289 2343 365 2376 sqq.
378 2357 387 2374 ‚
406 2331 506 2365 initio
525 2331 615 2365 sacto
636 2343 655 2364 a
678 2329 756 2365 visis
780 2332 971 2367 nocturnis.

292 2382 423 2419 Noster
437 2382 517 2416 Jovi
536 2382 658 2416 tribuit
674 2383 869 2416 orationem
886 2383 973 2417 insi—

292 2434 425 2469 diosam
439 2461 448 2478 ,
466 2435 564 2479 cujus
582 2441 697 2468 tamen
713 2434 870 2468 fraudem
888 2447 971 2469 sen—

291 2488 334 2522 sit
346 2487 529 2534 Nympha,
546 2494 580 2521 et
590 2488 708 2522 insunt
720 2487 880 2533 quaedam
894 2501 970 2522 am-

291 2539 393 2584 bigue
415 2540 514 2574 dicta.
532 2558 575 2566 —-
591 2541 640 2573 Io.
658 2540 744 2574 Haec
758 2540 858 2574 lectio
874 2540 970 2574 vide-

290 2598 349 2628 tur
371 2605 513 2635 recens,
533 2604 616 2626 nam
638 2592 748 2626 nostri
766 2590 879 2627 Codd.
899 2592 969 2626 ha·-

290 2643 377 2678 bent
395 2647 498 2678 illam.
513 2644 578 2678 Ed.

336 2698 408 2743 59¹·
421 2698 575 2730 Alloram
585 2708 757 2730 nemorum.
770 2696 891 2730 Heins.
906 2695 969 2730 dis-

289 2748 438 2798 plicebat
469 2752 613 2783 altorum
628 2777 637 2790 ,
673 2750 753 2795 quia
783 2752 968 2784 altissimus

1655 1221 1722 1267 595

1042 1341 1198 1386 proxime
1225 1355 1295 1387 seq.
1325 1342 1446 1388 Itaque
1473 1342 1640 1378 suadebat
1666 1345 1722 1379 vel

1042 1395 1112 1427 Eia
1120 1396 1234 1428 horum
1245 1421 1253 1434 ‚
1277 1393 1330 1428 vel
1346 1396 1521 1429 densorum
1529 1421 1538 1435 ‚
1551 1401 1610 1430 aut
1622 1398 1720 1431 solo—

1041 1458 1110 1479 rum
1127 1458 1302 1481 nemorum.
1326 1445 1397 1480 Sed
1414 1447 1610 1481 Burmann.
1626 1454 1720 1482 recte

1041 1502 1163 1531 tuetur
1182 1500 1326 1532 altorum
1337 1524 1346 1538 ,
1385 1498 1466 1543 quia
1493 1499 1618 1544 passim
1642 1502 1721 1534 alla·

1040 1551 1132 1582 silvoe
1143 1556 1344 1583 occurrunt.
1357 1568 1400 1575 —
1415 1550 1485 1584 Hic
1499 1564 1619 1586 versus
1630 1551 1718 1586 mire

1040 1601 1278 1645 corrumpitur
1288 1601 1324 1635 in
1335 1601 1463 1636 nostris
1473 1602 1551 1638 RR.
1560 1604 1613 1638 Ita
1622 1604 1719 1638 enim

1039 1651 1166 1697 legitur
1190 1658 1284 1688 :aut
1305 1655 1420 1687 horum
1442 1667 1631 1697 nemorum,
1660 1662 1723 1690 aut

1038 1707 1152 1739 horum
1167 1710 1202 1739 et
1213 1711 1456 1742 monstraverat
1465 1711 1607 1744 umbras.
1633 1709 1718 1754 Quo

1039 1771 1145 1792 sensu
1161 1759 1288 1793 nescio.
1310 1761 1377 1794 Ed.

1085 1811 1159 1853 592.
1173 1811 1380 1846 Altzlrsimus.
1396 1812 1479 1847 Non
1492 1811 1640 1847 omnino
1651 1826 1718 1848 re—

1039 1860 1196 1906 spuenda
1215 1862 1354 1898 videtur
1367 1865 1568 1909 conjectura
1593 1865 1717 1900 Burm.

1039 1913 1102 1946 Sol
1120 1918 1175 1947 est
1197 1918 1394 1956 acerrimus,
1422 1916 1717 1952 vehementissimi

1038 1964 1160 1999 caloris
1172 1991 1181 2009 ,
1200 1972 1240 2000 ut
1257 1967 1382 2001 Horat.
1399 1968 1436 2011 I,
1453 1967 1525 2003 Sat.
1542 1969 1595 2003 Vl
1607 1995 1617 2012 ,
1634 1973 1694 2004 125
1706 1997 1715 2011 ,

1038 2021 1095 2053 sol
1108 2022 1239 2061 acrior,
1271 2027 1306 2056 et
1329 2021 1420 2066 apud
1448 2021 1645 2058 Archiloch.
1666 2024 1719 2059 sol

1040 2073 1117 2116 ὅξύς.
1146 2073 1199 2107 Ita
1214 2074 1311 2108 enim
1328 2088 1430 2110 eausa
1445 2075 1605 2111 redditur
1617 2103 1627 2121 ,
1654 2090 1718 2112 cnr

1038 2137 1228 2160 nemorum
1243 2127 1367 2161 umbra
1381 2128 1534 2173 petenda
1544 2130 1597 2164 sit.
1613 2129 1660 2164 Et
1673 2130 1715 2164 ab

1038 2184 1122 2212 aestu
1147 2178 1226 2213 solis
1249 2180 1454 2224 frequenter
1480 2188 1592 2226 poetae
1615 2181 1714 2216 desi—

1038 2236 1147 2274 gnant
1157 2231 1352 2266 meridiem.
1365 2232 1539 2278 Virgil.G.
1551 2233 1605 2268 IV
1614 2259 1623 2277 ,
1636 2235 1712 2277 401:

1037 2282 1170 2315 Illedt'os
1187 2296 1284 2327 quum
1302 2284 1364 2317 Sol
1381 2287 1575 2318 accenderit
1590 2288 1691 2318 aestus
1702 2312 1710 2325 ,

1037 2339 1073 2367 et
1089 2346 1176 2368 vers.
1193 2335 1258 2378 426
1272 2347 1279 2368 :
1296 2337 1437 2370 medium
1450 2336 1513 2369 Sol
1522 2338 1639 2379 igneus
1651 2348 1713 2370 ον-

1036 2389 1107 2420 bem
1134 2389 1314 2422 Hauserat.

1082 2440 1156 2485 593.
1174 2438 1504 2482 Latebrasserarum.
1518 2439 1639 2486 Sylvas
1650 2465 1659 2483 ‚
1676 2439 1713 2474 in

1037 2490 1160 2534 quibus
1177 2490 1396 2524 occultantur
1410 2492 1503 2525 ferae.
1521 2492 1588 2526 Ed.

1080 2542 1154 2589 595.
1179 2544 1250 2576 Nec
1263 2545 1305 2577 de
1321 2546 1419 2587 plebe
1434 2545 1517 2578 Deo.
1540 2543 1596 2577 De
1615 2545 1714 2587 plebe

1035 2592 1197 2627 Deorum
1213 2593 1345 2628 dictum
1364 2594 1406 2628 ad
1433 2595 1502 2640 173.
1536 2594 1582 2629 Se
1606 2606 1711 2629 com-

1035 2644 1192 2689 mendat,
1200 2653 1347 2691 utsupra
1356 2646 1634 2692 Apollo—Sed...
1642 2649 1710 2681 sed.

1036 2698 1123 2732 Haec
1139 2698 1314 2743 anaphora
1327 2699 1375 2732 sic
1386 2698 1491 2732 etiam
1502 2699 1548 2740 V,
1566 2711 1577 2731 1
1586 2711 1602 2743 7
1614 2710 1686 2742 sqq.
1700 2724 1708 2740 ‚

1036 2751 1099 2795 507
1109 2763 1182 2796 sqq.
1191 2769 1233 2777 —
1242 2752 1371 2795 ,Magna
1378 2762 1506 2792 manus,
1519 2756 1554 2786 et
1563 2749 1710 2784 omnino
