1832 3100
321 219 405 275 402

685 227 736 269 P.
778 228 1010 275 OVIDII
1048 232 1351 281 NASONIS

317 313 382 361 Ne
408 325 551 363 tamen
572 315 644 364 ille
668 319 816 377 canor,
840 320 1090 372 mulcendas
1112 337 1239 375 natus
1262 328 1316 376 ad
1340 314 1489 390 aures,

316 391 544 459 Tantaque
568 394 647 443 dos
672 396 761 445 oris
785 397 941 460 linguae
964 400 1217 466 deperderet
1240 424 1368 453 usum
1384 444 1395 465 ,

281 529 288 533 -
315 470 515 533 Virginei
539 471 715 531 vultus,
742 486 785 522 et
805 495 891 523 vox
914 476 1102 524 humana
1122 481 1339 529 remansit.

385 573 408 593 »
435 551 496 598 At
515 550 684 598 medius
707 551 938 618 fratrisque
962 553 1029 601 sui
1050 567 1298 623 moestaeque
1322 562 1512 622 sororis,

313 628 490 694 Jupiter
511 646 562 675 ex
585 640 709 693 aequo
733 627 978 677 volventem
1002 631 1156 680 dividit
1179 653 1353 684 annum.

1652 657 1715 693 565

311 708 439 754 Nunc
460 706 579 762 Dea,
604 723 838 766 regnorum
856 725 1017 755 numen
1043 727 1271 760 commune
1296 713 1508 775 duorum,

313 784 423 831 Cum
448 793 582 829 matre
607 793 672 829 est
697 782 902 841 totidem,
928 784 1111 833 totidem
1136 807 1240 835 cum
1257 791 1443 855 conjuge
1466 813 1646 869 menses

309 859 507 907 Vertitur
528 857 746 923 extemplo
769 859 924 918 facies,
950 874 994 909 et
1014 864 1193 923 mentis,
1216 878 1259 914 et
1282 867 1398 916 oris·
1389 907 1400 926 ,

307 939 446 993 Nam,
468 934 600 982 modo
625 953 721 1000 quae
742 948 919 1001 poterat
938 939 1032 986 Diti
1053 959 1228 1007 quoque
1251 957 1406 994 moesta
1429 947 1594 1008 videri,
1630 995 1635 998 .

297 1015 424 1061 *Laeta
450 1013 551 1060 Deae
574 1012 694 1060 frons
719 1024 812 1071 est;
838 1026 889 1061 ut
912 1015 1016 1072 Sol,
1044 1018 1120 1083 qui
1145 1031 1285 1068 tectus
1308 1024 1483 1088 aquosis

1578 1032 1599 1087 s
1638 1025 1704 1088 570

306 1089 510 1137 Nubibus
532 1101 631 1137 ante
650 1089 759 1147 fuit,
785 1091 910 1140 victis
935 1093 1014 1141 ubi
1036 1096 1234 1145 nubibus
1260 1099 1359 1147 exit.

372 1189 395 1209 »
423 1166 574 1229 Exigit
593 1166 704 1216 alma
726 1168 875 1239 Ceres‚
896 1181 997 1218 nata
1021 1191 1171 1221 secura
1193 1187 1366 1242 recepta
1382 1213 1393 1234 ‚

305 1273 377 1318 gius
393 1272 422 1306 B
437 1299 445 1314 ‚
466 1274 593 1312 subito,
623 1272 715 1317 quod
740 1273 822 1307 serri
840 1281 974 1319 potest;

304 1331 337 1358 at
349 1323 486 1358 Codicis
498 1323 528 1357 A
540 1323 640 1357 lectio
649 1331 699 1358 est
713 1331 836 1358 notatu
849 1325 972 1371 digna;

301 1377 426 1412 scilicet
441 1390 448 1411 2
465 1380 500 1410 in
510 1381 604 1410 arlus
621 1379 763 1411 Vidzlrlis·
777 1383 905 1413 veslros
919 1392 976 1413 su-

302 1431 392 1462 bizas
404 1430 586 1472 flavescere
600 1441 732 1471 pennas
749 1441 759 1462 ,·
782 1441 854 1464 non
884 1429 975 1464 male

301 1487 392 1514 certe
406 1506 415 1522 ,
440 1479 500 1514 sed
526 1486 643 1513 tamen
667 1479 783 1514 minus
803 1481 973 1521 concinne

301 1538 337 1565 et
352 1531 528 1576 eleganter
547 1544 652 1575 quam
670 1532 816 1576 vulgata.
833 1534 898 1567 Ed.

346 1582 418 1616 551.
438 1584 546 1616 Natus
561 1584 618 1615 ad.
637 1582 726 1616 Vide
744 1582 787 1616 ad
803 1585 839 1618 11
856 1610 865 1627 ‚
885 1585 947 1618 223
960 1611 970 1628 ,

300 1640 399 1670 nulus
423 1637 473 1669 ad
490 1647 590 1668 sacra
607 1636 796 1677 Cilhoeron‚·
823 1643 858 1670 et
882 1636 971 1670 infra

301 1688 626 1734 591.—-Deperderet.
642 1685 761 1720 Codex
776 1687 904 1732 Regius
916 1688 945 1722 B
961 1714 970 1731 ,

300 1753 340 1774 ne
346 1742 497 1785 perderet
507 1752 517 1772 .-
533 1738 605 1774 haec
621 1739 781 1784 repetitio
791 1765 800 1783 ,
811 1752 852 1773 ne
863 1745 971 1774 tamen

298 1795 357 1826 ille
386 1804 567 1825 canor.....
580 1816 603 1824 ..
629 1803 671 1824 ne
689 1793 855 1833 perderet,
890 1799 970 1826 ante

298 1856 412 1877 unum
426 1843 572 1876 verbum
588 1841 739 1876 insolens
756 1848 807 1876 est
817 1868 826 1884 ,
838 1842 971 1877 etiamsi

306 1893 511 1938 quibusdam
523 1905 597 1927 non
617 1893 761 1938 ingrata.
773 1894 840 1926 Ed.

344 1944 416 1988 564.
428 1946 560 1978 Medius
562 1944 687 1988 smlrtir
697 1948 731 1977 e!
739 1946 861 1977 sororis
867 1954 880 1985 ,·
895 1956 970 1978 me-

299 1995 375 2030 dius
391 1996 483 2031 inter
496 1997 639 2030 fratrem
654 2002 690 2029 et
704 2007 860 2029 sororem
875 2021 884 2038 ‚
902 1995 969 2030 hoe

298 2055 348 2082 est
360 2074 369 2091 ,
387 2048 523 2092 utrique
536 2060 632 2092 aeque
647 2048 772 2081 favens.
783 2047 906 2081 Horat.
917 2047 966 2090 II,

301 2098 370 2132 Od.
385 2110 448 2132 XIX
462 2125 471 2142 ,
492 2099 551 2142 28,
567 2101 670 2133 Pacis
685 2101 810 2132 medius
827 2103 861 2132 el
869 2101 964 2140 belli,

297 2145 334 2184 id
358 2158 426 2194 est,
455 2152 592 2195 utrique
624 2164 721 2195 aeque
752 2151 908 2186 idoneus.
924 2169 968 2177 -—

305 2204 491 2237 Volvenlem
508 2229 515 2243 ‚
549 2203 675 2237 scilicet
693 2229 703 2246 ,
730 2216 765 2237 se
783 2229 792 2247 ,
821 2204 966 2238 verbum

298 2262 418 2301 aptum
431 2255 472 2289 de
486 2255 632 2290 decursu
643 2256 723 2289 anni
735 2282 744 2297 ‚
761 2256 818 2300 qui
829 2269 966 2301 semper

298 2308 335 2342 in
347 2307 467 2341 orbem
483 2306 583 2341 redit.
599 2307 745 2341 Homer.
758 2311 820 2346 ’ἔτος
834 2312 966 2357 περιπλά-

296 2375 443 2405 μενον.-
455 2360 512 2393 Ex
525 2372 615 2403 oequo
625 2385 633 2399 ,
659 2359 695 2392 in
713 2371 826 2403 aequas
841 2367 964 2404 partes.

295 2430 339 2437 —-
354 2412 434 2445 Cum
449 2415 575 2452 Μαίνῃ·
598 2417 636 2444 ut
656 2423 718 2455 per
733 2423 788 2444 sex
804 2423 938 2445 menses
952 2437 961 2454 ,

296 2462 418 2506 quibus
431 2461 490 2496 Sol
501 2461 536 2495 in
552 2461 655 2506 signis
667 2468 717 2495 est
730 2461 942 2496 Australibus
951 2489 960 2506 ‚

294 2513 386 2558 apud
413 2514 578 2547 maritum
609 2513 652 2547 sit
663 2539 672 2556 ,
694 2513 782 2546 infra
809 2520 936 2547 terram
950 2529 959 2556 ;

293 2578 350 2599 sex
360 2565 453 2606 alios,
464 2565 585 2609 quibus
591 2564 668 2598 visit
677 2564 832 2598 Borealia
841 2578 959 2610 regna,

294 2623 474 2660 emergant
486 2642 495 2658 ‚
514 2622 744 2649 maturescant
758 2641 766 2658 ,
785 2615 821 2649 in
835 2615 960 2650 horrea

295 2666 523 2711 deportentur
534 2668 658 2712 fruges.
671 2667 735 2701 Vel
748 2667 851 2708 etiam
866 2667 959 2712 quod

291 2716 410 2760 Luna,
428 2731 503 2762 quae
520 2718 642 2752 eadem
659 2724 710 2752 est
726 2731 801 2763 quae
814 2719 958 2752 Proser-

1040 1277 1121 1322 pina
1137 1286 1171 1313 et
1186 1278 1324 1324 Diana,
1345 1294 1385 1315 ex
1401 1294 1501 1327 aequo
1519 1289 1707 1344 utrumque

1037 1328 1341 1376 hemisphaerium,
1359 1334 1517 1378 superius
1531 1342 1634 1380 atque
1651 1337 1709 1371 in-

1040 1380 1147 1415 serius
1160 1381 1315 1418 illustret.
1330 1385 1397 1418 Ed.

1083 1433 1155 1468 568.
1167 1435 1286 1468 Facies
1298 1439 1426 1476 menas,
1443 1435 1578 1472 affectio
1589 1439 1707 1473 animi.

1038 1501 1082 1508 —
1097 1486 1178 1518 Diti
1201 1498 1334 1530 quoque.
1368 1487 1455 1532 Eius
1484 1486 1580 1523 enim
1608 1495 1711 1534 caput

1037 1540 1248 1571 moestis-sima
1269 1539 1371 1571 nubes
1400 1538 1549 1582 Asperat
1572 1544 1608 1574 ct
1629 1542 1708 1575 diroe

1036 1589 1121 1630 ngret
1140 1591 1349 1623 inclemenlia
1363 1591 1510 1636 forma„
1528 1592 1707 1628 claudian.

1038 1636 1078 1678 I,
1103 1638 1154 1671 81.
1177 1640 1218 1673 In
1237 1639 1271 1673 h.
1292 1641 1438 1675 Homer.
1462 1643 1544 1686 445,
1567 1643 1707 1688 Jupiter

1035 1699 1099 1731 per
1126 1688 1263 1722 Rheam
1295 1690 1418 1725 Cereri
1445 1693 1550 1727 offert
1577 1693 1705 1728 condi—

1036 1738 1168 1773 tionem
1185 1739 1294 1783 hane,
1313 1748 1351 1776 ut
1363 1741 1431 1776 filia
1443 1744 1582 1778 tertiam
1595 1745 1704 1790 cujus

1037 1801 1103 1833 que
1120 1791 1201 1824 anni
1222 1798 1358 1836 partem
1373 1805 1454 1827 cum
1471 1794 1620 1829 Plutone
1636 1796 1702 1844 sit

1036 1839 1120 1875 duas
1153 1842 1299 1886 reliquas
1331 1856 1412 1878 cum
1441 1844 1514 1889 ipsa
1542 1845 1580 1880 in
1609 1847 1702 1882 caelo.

1038 1891 1252 1928 Conditione
1273 1907 1312 1928 ea
1328 1903 1464 1941 accepta
1477 1922 1487 1940 ‚
1502 1898 1590 1943 agris
1602 1899 1703 1934 uber-

1033 1950 1140 1978 tatem
1166 1945 1290 1980 reddit.
1307 1946 1365 1981 Sic
1384 1955 1419 1982 et
1444 1948 1603 1994 Apollod.
1619 1950 1702 1985 Fal».

1032 1996 1114 2031 inde
1132 2004 1244 2031 ortam
1256 2005 1354 2043 putat
1370 1999 1484 2034 Schol.
1501 2001 1645 2037 Hesiod.
1658 2003 1702 2037 ad

1034 2048 1101 2083 Th.
1118 2051 1183 2095 914
1196 2076 1205 2093 ,
1233 2051 1312 2095 quia
1327 2051 1467 2097 frugum
1484 2053 1618 2088 semina
1632 2054 1702 2088 ali-

1032 2107 1117 2145 quot
1133 2113 1268 2136 menses
1281 2103 1343 2136 sub
1359 2109 1451 2138 terra
1462 2103 1608 2149 lateant,
1625 2105 1702 2140 reii—

1032 2165 1142 2196 quum
1165 2159 1301 2199 tempus
1331 2166 1434 2199 supra
1460 2161 1602 2190 terram*
1616 2169 1698 2192 cer—-

1030 2212 1172 2241 uantur.

1073 2257 1231 2302 572-641.
1244 2259 1418 2304 Agoheus.
1434 2258 1520 2293 dum
1531 2261 1699 2299 Arethusa

1029 2307 1191 2354 Nympha
1215 2309 1252 2343 in
1279 2310 1354 2355 ejus
1378 2309 1524 2345 flumine
1551 2311 1694 2354 lavatur,

1029 2371 1147 2393 amore
1171 2360 1245 2404 ejus
1270 2360 1414 2395 ardescit
1436 2362 1694 2406 fugientemque

1027 2411 1265 2455 persequitur-5
1296 2418 1332 2445 et
1351 2411 1410 2445 ubi
1428 2411 1484 2446 illa
1501 2412 1538 2446 in
1558 2412 1695 2448 sontem

1027 2468 1182 2495 mutatur
1194 2487 1204 2505 ,
1224 2469 1258 2496 et
1276 2462 1346 2507 ipse
1363 2463 1398 2496 in
1415 2464 1570 2508 proprias
1586 2463 1694 2499 undas

1025 2514 1182 2553 vertitur,
1209 2520 1248 2547 ut
1265 2526 1300 2547 se
1327 2513 1359 2547 ei
1384 2514 1535 2548 misceat.
1562 2512 1694 2549 Confer

1025 2564 1171 2599 Pausan.
1187 2565 1233 2608 V,
1250 2578 1284 2609 p.
1299 2564 1363 2612 389
1375 2578 1448 2610 sqq.
1460 2565 1564 2610 quiet
1578 2564 1688 2614 addit,

1023 2615 1146 2650 sabulae
1162 2615 1244 2650 inde
1267 2616 1381 2651 locum
1401 2617 1540 2660 datum,
1559 2616 1638 2661 quia
1652 2617 1690 2650 in
1710 2614 1712 2617 ’

1023 2665 1235 2701 Arethusam
1259 2668 1394 2702 sontem
1428 2669 1584 2702 illabatur
1618 2666 1689 2701 Al*

1022 2718 1154 2764 pheus;
1179 2719 1222 2754 de
1254 2733 1322 2765 quo
1343 2732 1460 2754 errore
1486 2719 1617 2753 dictum
1642 2719 1684 2753 ad
