<?xml version="1.0" encoding="UTF-8"?>
<!DOCTYPE html PUBLIC "-//W3C//DTD XHTML 1.0 Transitional//EN"
    "http://www.w3.org/TR/xhtml1/DTD/xhtml1-transitional.dtd">
<html xmlns="http://www.w3.org/1999/xhtml" xml:lang="en" lang="en">
 <head>
  <title>
</title>
<meta http-equiv="Content-Type" content="text/html;charset=utf-8" />
  <meta name='ocr-system' content='tesseract 3.04.00' />
  <meta name='ocr-capabilities' content='ocr_page ocr_carea ocr_par ocr_line ocrx_word'/>
</head>
<body>
  <div class='ocr_page' id='page_1' title='image "./quaeextantomniao03oviduoft_0474.png"; bbox 0 0 1832 3100; ppageno 0'>
   <div class='ocr_carea' id='block_1_1' title="bbox 319 251 405 309">
    <p class='ocr_par' dir='ltr' id='par_1_1' title="bbox 319 251 405 309">
     <span class='ocr_line' id='line_1_1' title="bbox 319 251 405 309; baseline 0.012 -1"><span class='ocrx_word' id='word_1_1' title='bbox 319 251 405 309; x_wconf 76' lang='lat'>442</span> 
     </span>
    </p>
   </div>
   <div class='ocr_carea' id='block_1_2' title="bbox 691 255 1354 301">
    <p class='ocr_par' dir='ltr' id='par_1_2' title="bbox 691 255 1354 301">
     <span class='ocr_line' id='line_1_2' title="bbox 691 255 1354 301; baseline 0.005 -3"><span class='ocrx_word' id='word_1_2' title='bbox 691 256 742 299; x_wconf 93' lang='lat' dir='ltr'>P.</span> <span class='ocrx_word' id='word_1_3' title='bbox 786 255 1023 301; x_wconf 88' lang='lat' dir='ltr'><strong>OVIDII</strong></span> <span class='ocrx_word' id='word_1_4' title='bbox 1058 255 1354 301; x_wconf 76' lang='lat' dir='ltr'><strong>NASOMS</strong></span> 
     </span>
    </p>
   </div>
   <div class='ocr_carea' id='block_1_3' title="bbox 314 347 1565 416">
    <p class='ocr_par' dir='ltr' id='par_1_3' title="bbox 314 347 1565 416">
     <span class='ocr_line' id='line_1_3' title="bbox 314 347 1565 416; baseline 0.004 -21"><span class='ocrx_word' id='word_1_5' title='bbox 314 347 517 406; x_wconf 83' lang='lat' dir='ltr'>Femina,</span> <span class='ocrx_word' id='word_1_6' title='bbox 543 348 694 415; x_wconf 86' lang='lat' dir='ltr'>virque</span> <span class='ocrx_word' id='word_1_7' title='bbox 713 349 896 407; x_wconf 81' lang='lat' dir='ltr'>timent3</span> <span class='ocrx_word' id='word_1_8' title='bbox 923 349 1132 416; x_wconf 89' lang='lat' dir='ltr'>cultuque</span> <span class='ocrx_word' id='word_1_9' title='bbox 1149 349 1391 416; x_wconf 89' lang='lat' dir='ltr'>impensius</span> <span class='ocrx_word' id='word_1_10' title='bbox 1414 351 1565 401; x_wconf 82' lang='lat' dir='ltr'>omnes</span> 
     </span>
    </p>
   </div>
   <div class='ocr_carea' id='block_1_4' title="bbox 317 426 1453 493">
    <p class='ocr_par' dir='ltr' id='par_1_4' title="bbox 317 426 1453 493">
     <span class='ocr_line' id='line_1_4' title="bbox 317 426 1453 493; baseline 0.004 -21"><span class='ocrx_word' id='word_1_11' title='bbox 317 426 482 487; x_wconf 86' lang='lat' dir='ltr'>Magna</span> <span class='ocrx_word' id='word_1_12' title='bbox 506 426 792 493; x_wconf 84' lang='lat' dir='ltr'>gemelliparae</span> <span class='ocrx_word' id='word_1_13' title='bbox 817 437 1077 475; x_wconf 87' lang='lat' dir='ltr'>venerantur</span> <span class='ocrx_word' id='word_1_14' title='bbox 1098 428 1279 475; x_wconf 88' lang='lat' dir='ltr'>numina</span> <span class='ocrx_word' id='word_1_15' title='bbox 1299 427 1421 476; x_wconf 87' lang='lat' dir='ltr'>Divae</span> <span class='ocrx_word' id='word_1_16' title='bbox 1442 449 1453 476; x_wconf 87' lang='lat'>:</span> 
     </span>
    </p>
   </div>
   <div class='ocr_carea' id='block_1_5' title="bbox 1662 435 1729 478">
    <p class='ocr_par' dir='ltr' id='par_1_5' title="bbox 1662 435 1729 478">
     <span class='ocr_line' id='line_1_5' title="bbox 1662 435 1729 478; baseline -0.03 0"><span class='ocrx_word' id='word_1_17' title='bbox 1662 435 1729 478; x_wconf 68' lang='lat'>315</span> 
     </span>
    </p>
   </div>
   <div class='ocr_carea' id='block_1_6' title="bbox 311 502 1535 801">
    <p class='ocr_par' dir='ltr' id='par_1_6' title="bbox 318 502 1420 570">
     <span class='ocr_line' id='line_1_6' title="bbox 318 502 1420 570; baseline 0.004 -21"><span class='ocrx_word' id='word_1_18' title='bbox 318 503 464 568; x_wconf 91' lang='lat' dir='ltr'>thue</span> <span class='ocrx_word' id='word_1_19' title='bbox 486 502 560 560; x_wconf 87' lang='lat' dir='ltr'>fit,</span> <span class='ocrx_word' id='word_1_20' title='bbox 587 523 610 551; x_wconf 90' lang='lat' dir='ltr'>a</span> <span class='ocrx_word' id='word_1_21' title='bbox 636 504 752 552; x_wconf 87' lang='lat' dir='ltr'>sacto</span> <span class='ocrx_word' id='word_1_22' title='bbox 775 505 984 570; x_wconf 88' lang='lat' dir='ltr'>propiore</span> <span class='ocrx_word' id='word_1_23' title='bbox 1006 504 1161 570; x_wconf 77' lang='lat' dir='ltr'>&#39;priora</span> <span class='ocrx_word' id='word_1_24' title='bbox 1184 517 1420 553; x_wconf 84' lang='lat' dir='ltr'><strong>renarrant.</strong></span> 
     </span>
    </p>

    <p class='ocr_par' dir='ltr' id='par_1_7' title="bbox 311 579 1535 724">
     <span class='ocr_line' id='line_1_7' title="bbox 311 579 1535 647; baseline 0.004 -21"><span class='ocrx_word' id='word_1_25' title='bbox 311 579 350 626; x_wconf 89' lang='lat' dir='ltr'>E</span> <span class='ocrx_word' id='word_1_26' title='bbox 376 579 539 644; x_wconf 87' lang='lat' dir='ltr'>quibus</span> <span class='ocrx_word' id='word_1_27' title='bbox 561 600 676 630; x_wconf 89' lang='lat' dir='ltr'>unus</span> <span class='ocrx_word' id='word_1_28' title='bbox 701 583 762 629; x_wconf 89' lang='lat' dir='ltr'>ait</span> <span class='ocrx_word' id='word_1_29' title='bbox 788 603 800 630; x_wconf 34' lang='lat'>:⁸</span> <span class='ocrx_word' id='word_1_30' title='bbox 828 605 849 625; x_wconf 94' lang='lat'>«</span> <span class='ocrx_word' id='word_1_31' title='bbox 877 582 1018 647; x_wconf 80' lang='lat' dir='ltr'>Lyciae</span> <span class='ocrx_word' id='word_1_32' title='bbox 1040 599 1218 647; x_wconf 89' lang='lat' dir='ltr'>quoque</span> <span class='ocrx_word' id='word_1_33' title='bbox 1242 581 1397 630; x_wconf 79' lang='lat' dir='ltr'>fertilis</span> <span class='ocrx_word' id='word_1_34' title='bbox 1419 582 1535 646; x_wconf 80' lang='lat' dir='ltr'>agris</span> 
     </span>
     <span class='ocr_line' id='line_1_8' title="bbox 312 655 1398 724; baseline 0.005 -23"><span class='ocrx_word' id='word_1_35' title='bbox 312 655 443 706; x_wconf 89' lang='lat' dir='ltr'>Haud</span> <span class='ocrx_word' id='word_1_36' title='bbox 461 657 640 723; x_wconf 90' lang='lat' dir='ltr'>impune</span> <span class='ocrx_word' id='word_1_37' title='bbox 665 660 803 706; x_wconf 84' lang='lat' dir='ltr'>Deam</span> <span class='ocrx_word' id='word_1_38' title='bbox 828 670 992 706; x_wconf 86' lang='lat' dir='ltr'>veteres</span> <span class='ocrx_word' id='word_1_39' title='bbox 1017 677 1215 724; x_wconf 86' lang='lat' dir='ltr'>sprevere</span> <span class='ocrx_word' id='word_1_40' title='bbox 1239 658 1398 706; x_wconf 81' lang='lat' dir='ltr'>coloni.</span> 
     </span>
    </p>

    <p class='ocr_par' dir='ltr' id='par_1_8' title="bbox 312 732 1472 801">
     <span class='ocr_line' id='line_1_9' title="bbox 312 732 1472 801; baseline 0.004 -22"><span class='ocrx_word' id='word_1_41' title='bbox 312 732 402 780; x_wconf 89' lang='lat' dir='ltr'>Res</span> <span class='ocrx_word' id='word_1_42' title='bbox 428 733 613 783; x_wconf 88' lang='lat' dir='ltr'>obseura</span> <span class='ocrx_word' id='word_1_43' title='bbox 642 735 819 801; x_wconf 85' lang='lat' dir='ltr'>quidem</span> <span class='ocrx_word' id='word_1_44' title='bbox 841 747 907 783; x_wconf 87' lang='lat' dir='ltr'>est</span> <span class='ocrx_word' id='word_1_45' title='bbox 929 734 1207 798; x_wconf 82' lang='lat' dir='ltr'>ignobilitate</span> <span class='ocrx_word' id='word_1_46' title='bbox 1230 736 1423 784; x_wconf 89' lang='lat' dir='ltr'>virorum</span> <span class='ocrx_word' id='word_1_47' title='bbox 1439 754 1449 793; x_wconf 92' lang='lat'>;</span> <span class='ocrx_word' id='word_1_48' title='bbox 1468 753 1472 758; x_wconf 72' lang='grc'>·’</span> 
     </span>
    </p>
   </div>
   <div class='ocr_carea' id='block_1_7' title="bbox 315 809 1516 880">
    <p class='ocr_par' dir='ltr' id='par_1_9' title="bbox 315 809 1516 880">
     <span class='ocr_line' id='line_1_10' title="bbox 315 809 1516 880; baseline 0.004 -24"><span class='ocrx_word' id='word_1_49' title='bbox 315 809 431 858; x_wconf 87' lang='lat' dir='ltr'>Mira</span> <span class='ocrx_word' id='word_1_50' title='bbox 453 822 596 859; x_wconf 90' lang='lat' dir='ltr'>tamen</span> <span class='ocrx_word' id='word_1_51' title='bbox 618 831 627 859; x_wconf 90' lang='lat'>:</span> <span class='ocrx_word' id='word_1_52' title='bbox 648 812 736 859; x_wconf 83' lang='lat' dir='ltr'>vidi</span> <span class='ocrx_word' id='word_1_53' title='bbox 757 824 947 878; x_wconf 85' lang='lat' dir='ltr'>praesen&#39;s</span> <span class='ocrx_word' id='word_1_54' title='bbox 972 824 1262 879; x_wconf 81' lang='lat' dir='ltr'><strong>stagnumque</strong></span> <span class='ocrx_word' id='word_1_55' title='bbox 1282 813 1516 880; x_wconf 72' lang='lat' dir='ltr'>locumque</span> 
     </span>
    </p>
   </div>
   <div class='ocr_carea' id='block_1_8' title="bbox 1662 826 1728 860">
    <p class='ocr_par' dir='ltr' id='par_1_10' title="bbox 1662 826 1728 860">
     <span class='ocr_line' id='line_1_11' title="bbox 1662 826 1728 860; baseline -0.03 0"><span class='ocrx_word' id='word_1_56' title='bbox 1662 826 1728 860; x_wconf 70' lang='lat'>32«,</span> 
     </span>
    </p>
   </div>
   <div class='ocr_carea' id='block_1_9' title="bbox 308 885 1575 1188">
    <p class='ocr_par' dir='ltr' id='par_1_11' title="bbox 309 885 1424 1110">
     <span class='ocr_line' id='line_1_12' title="bbox 311 885 1424 954; baseline 0.005 -22"><span class='ocrx_word' id='word_1_57' title='bbox 311 885 524 949; x_wconf 84' lang='lat' dir='ltr'>Prodigio</span> <span class='ocrx_word' id='word_1_58' title='bbox 546 901 703 937; x_wconf 88' lang='lat' dir='ltr'>notum</span> <span class='ocrx_word' id='word_1_59' title='bbox 721 908 731 947; x_wconf 80' lang='lat'><em>3</em></span> <span class='ocrx_word' id='word_1_60' title='bbox 756 906 857 937; x_wconf 84' lang='lat' dir='ltr'>nam</span> <span class='ocrx_word' id='word_1_61' title='bbox 878 908 948 937; x_wconf 90' lang='lat' dir='ltr'>me</span> <span class='ocrx_word' id='word_1_62' title='bbox 968 889 1055 954; x_wconf 84' lang='lat' dir='ltr'>jam</span> <span class='ocrx_word' id='word_1_63' title='bbox 1078 890 1286 953; x_wconf 85' lang='lat' dir='ltr'>grandior</span> <span class='ocrx_word' id='word_1_64' title='bbox 1308 902 1397 938; x_wconf 84' lang='lat' dir='ltr'>aevo</span> <span class='ocrx_word' id='word_1_65' title='bbox 1412 927 1424 948; x_wconf 83' lang='lat'>,</span> 
     </span>
     <span class='ocr_line' id='line_1_13' title="bbox 309 963 1372 1030; baseline 0.005 -21"><span class='ocrx_word' id='word_1_66' title='bbox 309 963 634 1030; x_wconf 84' lang='lat' dir='ltr'>Impatiensque</span> <span class='ocrx_word' id='word_1_67' title='bbox 655 967 733 1014; x_wconf 80' lang='lat' dir='ltr'>viae</span> <span class='ocrx_word' id='word_1_68' title='bbox 760 967 933 1029; x_wconf 87' lang='lat' dir='ltr'>genitor</span> <span class='ocrx_word' id='word_1_69' title='bbox 957 966 1170 1015; x_wconf 82' lang='lat' dir='ltr'>deducere</span> <span class='ocrx_word' id='word_1_70' title='bbox 1194 966 1331 1014; x_wconf 81' lang='lat' dir='ltr'>lectos</span> <span class='ocrx_word' id='word_1_71' title='bbox 1352 974 1372 995; x_wconf 65' lang='lat'><em>⁸</em></span> 
     </span>
     <span class='ocr_line' id='line_1_14' title="bbox 310 1041 1370 1110; baseline 0.002 -22"><span class='ocrx_word' id='word_1_72' title='bbox 310 1041 509 1090; x_wconf 87' lang='lat' dir='ltr'>Jusserat</span> <span class='ocrx_word' id='word_1_73' title='bbox 533 1043 634 1092; x_wconf 78' lang='lat' dir='ltr'>inde</span> <span class='ocrx_word' id='word_1_74' title='bbox 658 1044 820 1103; x_wconf 87' lang='lat' dir='ltr'>boves;</span> <span class='ocrx_word' id='word_1_75' title='bbox 849 1045 1079 1110; x_wconf 82' lang='lat' dir='ltr'>gentisque</span> <span class='ocrx_word' id='word_1_76' title='bbox 1102 1042 1223 1091; x_wconf 88' lang='lat' dir='ltr'>illius</span> <span class='ocrx_word' id='word_1_77' title='bbox 1247 1043 1370 1092; x_wconf 82' lang='lat' dir='ltr'>eunti</span> 
     </span>
    </p>

    <p class='ocr_par' dir='ltr' id='par_1_12' title="bbox 308 1119 1575 1188">
     <span class='ocr_line' id='line_1_15' title="bbox 308 1119 1575 1188; baseline 0.002 -23"><span class='ocrx_word' id='word_1_78' title='bbox 308 1120 409 1184; x_wconf 89' lang='lat' dir='ltr'>Ipse</span> <span class='ocrx_word' id='word_1_79' title='bbox 435 1119 591 1169; x_wconf 91' lang='lat' dir='ltr'>ducem</span> <span class='ocrx_word' id='word_1_80' title='bbox 614 1122 793 1171; x_wconf 84' lang='lat' dir='ltr'>dederat</span> <span class='ocrx_word' id='word_1_81' title='bbox 814 1144 822 1170; x_wconf 92' lang='lat'>:</span> <span class='ocrx_word' id='word_1_82' title='bbox 849 1142 947 1171; x_wconf 89' lang='lat' dir='ltr'>cum</span> <span class='ocrx_word' id='word_1_83' title='bbox 963 1122 1062 1188; x_wconf 55' lang='lat' dir='ltr'>&#39;quo</span> <span class='ocrx_word' id='word_1_84' title='bbox 1090 1120 1193 1168; x_wconf 89' lang='lat' dir='ltr'>dum</span> <span class='ocrx_word' id='word_1_85' title='bbox 1219 1139 1380 1186; x_wconf 90' lang='lat' dir='ltr'>pascua</span> <span class='ocrx_word' id='word_1_86' title='bbox 1401 1119 1575 1178; x_wconf 57' lang='lat' dir='ltr'>lustr04</span> 
     </span>
    </p>
   </div>
   <div class='ocr_carea' id='block_1_10' title="bbox 308 1195 1316 1259">
    <p class='ocr_par' dir='ltr' id='par_1_13' title="bbox 308 1195 1316 1259">
     <span class='ocr_line' id='line_1_16' title="bbox 308 1195 1316 1259; baseline 0.001 -17"><span class='ocrx_word' id='word_1_87' title='bbox 308 1197 420 1244; x_wconf 78' lang='lat' dir='ltr'>Ecce</span> <span class='ocrx_word' id='word_1_88' title='bbox 445 1195 562 1245; x_wconf 87' lang='lat' dir='ltr'>lacus</span> <span class='ocrx_word' id='word_1_89' title='bbox 581 1199 750 1257; x_wconf 85' lang='lat' dir='ltr'>medio,</span> <span class='ocrx_word' id='word_1_90' title='bbox 776 1218 1000 1246; x_wconf 87' lang='lat' dir='ltr'>sacrorum</span> <span class='ocrx_word' id='word_1_91' title='bbox 1021 1197 1150 1259; x_wconf 88' lang='lat' dir='ltr'>nigra</span> <span class='ocrx_word' id='word_1_92' title='bbox 1171 1195 1316 1244; x_wconf 85' lang='lat' dir='ltr'>favilla</span> 
     </span>
    </p>
   </div>
   <div class='ocr_carea' id='block_1_11' title="bbox 1662 1209 1727 1244">
    <p class='ocr_par' dir='ltr' id='par_1_14' title="bbox 1662 1209 1727 1244">
     <span class='ocr_line' id='line_1_17' title="bbox 1662 1209 1727 1244; baseline -0.046 0"><span class='ocrx_word' id='word_1_93' title='bbox 1662 1209 1727 1244; x_wconf 79' lang='lat'>325</span> 
     </span>
    </p>
   </div>
   <div class='ocr_carea' id='block_1_12' title="bbox 308 1272 1439 1334">
    <p class='ocr_par' dir='ltr' id='par_1_15' title="bbox 308 1272 1439 1334">
     <span class='ocr_line' id='line_1_18' title="bbox 308 1272 1439 1334; baseline 0.001 -13"><span class='ocrx_word' id='word_1_94' title='bbox 308 1273 397 1322; x_wconf 86' lang='lat' dir='ltr'>Ara</span> <span class='ocrx_word' id='word_1_95' title='bbox 418 1286 542 1322; x_wconf 89' lang='lat' dir='ltr'>vetus</span> <span class='ocrx_word' id='word_1_96' title='bbox 559 1276 736 1334; x_wconf 80' lang='lat' dir='ltr'>stabat,</span> <span class='ocrx_word' id='word_1_97' title='bbox 762 1275 959 1325; x_wconf 84' lang='lat' dir='ltr'>tremulis</span> <span class='ocrx_word' id='word_1_98' title='bbox 982 1273 1251 1324; x_wconf 85' lang='lat' dir='ltr'>circumdata</span> <span class='ocrx_word' id='word_1_99' title='bbox 1274 1272 1439 1322; x_wconf 59' lang='lat' dir='ltr'>cannis</span> 
     </span>
    </p>
   </div>
   <div class='ocr_carea' id='block_1_13' title="bbox 302 1409 984 2807">
    <p class='ocr_par' dir='ltr' id='par_1_16' title="bbox 302 1409 984 2807">
     <span class='ocr_line' id='line_1_19' title="bbox 306 1409 984 1455; baseline 0.003 -13"><span class='ocrx_word' id='word_1_100' title='bbox 306 1427 348 1434; x_wconf 89' lang='lat'>-—</span> <span class='ocrx_word' id='word_1_101' title='bbox 358 1410 563 1453; x_wconf 76' lang='lat' dir='ltr'>Impenst’us;</span> <span class='ocrx_word' id='word_1_102' title='bbox 575 1409 823 1455; x_wconf 86' lang='lat' dir='ltr'>Neapolitanus</span> <span class='ocrx_word' id='word_1_103' title='bbox 837 1436 846 1453; x_wconf 87' lang='lat'>‚</span> <span class='ocrx_word' id='word_1_104' title='bbox 857 1416 892 1444; x_wconf 89' lang='lat' dir='ltr'>et</span> <span class='ocrx_word' id='word_1_105' title='bbox 901 1409 984 1444; x_wconf 88' lang='lat' dir='ltr'>Me-</span> 
     </span>
     <span class='ocr_line' id='line_1_20' title="bbox 307 1455 984 1507; baseline 0.001 -13"><span class='ocrx_word' id='word_1_106' title='bbox 307 1460 423 1495; x_wconf 80' lang='lat' dir='ltr'>diceus</span> <span class='ocrx_word' id='word_1_107' title='bbox 441 1461 561 1496; x_wconf 79' lang='lat' dir='ltr'>tertius</span> <span class='ocrx_word' id='word_1_108' title='bbox 576 1487 585 1504; x_wconf 86' lang='lat'>,</span> <span class='ocrx_word' id='word_1_109' title='bbox 602 1464 810 1506; x_wconf 53' lang='lat' dir='ltr'>propensius.</span> <span class='ocrx_word' id='word_1_110' title='bbox 823 1479 867 1487; x_wconf 88' lang='lat'><strong>—-—·</strong></span> <span class='ocrx_word' id='word_1_111' title='bbox 882 1455 984 1507; x_wconf 83' lang='lat' dir='ltr'>Regii</span> 
     </span>
     <span class='ocr_line' id='line_1_21' title="bbox 308 1512 979 1559; baseline 0.003 -15"><span class='ocrx_word' id='word_1_112' title='bbox 308 1512 416 1546; x_wconf 84' lang='lat' dir='ltr'>nostri</span> <span class='ocrx_word' id='word_1_113' title='bbox 427 1538 439 1559; x_wconf 21' lang='lat' dir='ltr'>,v</span> <span class='ocrx_word' id='word_1_114' title='bbox 460 1516 650 1556; x_wconf 79' lang='lat' dir='ltr'>impensius.</span> <span class='ocrx_word' id='word_1_115' title='bbox 670 1532 713 1538; x_wconf 92' lang='lat'>—</span> <span class='ocrx_word' id='word_1_116' title='bbox 730 1515 979 1557; x_wconf 68' lang='lat' dir='ltr'>Gemellzjoarae,</span> 
     </span>
     <span class='ocr_line' id='line_1_22' title="bbox 307 1562 982 1609; baseline 0.006 -14"><span class='ocrx_word' id='word_1_117' title='bbox 307 1562 449 1597; x_wconf 83' lang='lat' dir='ltr'>Latonae</span> <span class='ocrx_word' id='word_1_118' title='bbox 463 1589 472 1606; x_wconf 92' lang='lat'>,</span> <span class='ocrx_word' id='word_1_119' title='bbox 502 1576 578 1608; x_wconf 75' lang='lat' dir='ltr'>quas</span> <span class='ocrx_word' id='word_1_120' title='bbox 604 1565 767 1609; x_wconf 87' lang='lat' dir='ltr'>gemellos</span> <span class='ocrx_word' id='word_1_121' title='bbox 789 1578 862 1599; x_wconf 89' lang='lat' dir='ltr'>uno</span> <span class='ocrx_word' id='word_1_122' title='bbox 880 1572 982 1609; x_wconf 79' lang='lat' dir='ltr'>partu</span> 
     </span>
     <span class='ocr_line' id='line_1_23' title="bbox 304 1615 977 1663; baseline 0.001 -14"><span class='ocrx_word' id='word_1_123' title='bbox 304 1615 438 1658; x_wconf 59' lang='lat' dir='ltr'>edidit5</span> <span class='ocrx_word' id='word_1_124' title='bbox 461 1623 582 1661; x_wconf 84' lang='lat' dir='ltr'>aptum</span> <span class='ocrx_word' id='word_1_125' title='bbox 605 1618 747 1652; x_wconf 82' lang='lat' dir='ltr'>Latonae</span> <span class='ocrx_word' id='word_1_126' title='bbox 767 1617 948 1663; x_wconf 83' lang='lat' dir='ltr'>epitheton</span> <span class='ocrx_word' id='word_1_127' title='bbox 968 1643 977 1660; x_wconf 93' lang='lat'>,</span> 
     </span>
     <span class='ocr_line' id='line_1_24' title="bbox 305 1668 982 1714; baseline 0.003 -12"><span class='ocrx_word' id='word_1_128' title='bbox 305 1668 515 1713; x_wconf 83' lang='lat' dir='ltr'>quodetiam</span> <span class='ocrx_word' id='word_1_129' title='bbox 532 1670 659 1713; x_wconf 84' lang='lat' dir='ltr'>Fastis,</span> <span class='ocrx_word' id='word_1_130' title='bbox 678 1671 726 1713; x_wconf 88' lang='lat' dir='ltr'>V,</span> <span class='ocrx_word' id='word_1_131' title='bbox 745 1672 830 1714; x_wconf 79' lang='lat'>452;</span> <span class='ocrx_word' id='word_1_132' title='bbox 848 1669 909 1704; x_wconf 88' lang='lat' dir='ltr'>sed</span> <span class='ocrx_word' id='word_1_133' title='bbox 927 1670 982 1704; x_wconf 85' lang='lat' dir='ltr'>vix</span> 
     </span>
     <span class='ocr_line' id='line_1_25' title="bbox 305 1720 892 1765; baseline 0.003 -12"><span class='ocrx_word' id='word_1_134' title='bbox 305 1720 395 1765; x_wconf 85' lang='lat' dir='ltr'>apud</span> <span class='ocrx_word' id='word_1_135' title='bbox 414 1721 521 1755; x_wconf 76' lang='lat' dir='ltr'>ali‘um</span> <span class='ocrx_word' id='word_1_136' title='bbox 537 1728 717 1756; x_wconf 79' lang='lat' dir='ltr'>auctorem</span> <span class='ocrx_word' id='word_1_137' title='bbox 734 1722 892 1756; x_wconf 83' lang='lat' dir='ltr'>occurrit.</span> 
     </span>
     <span class='ocr_line' id='line_1_26' title="bbox 348 1773 980 1817; baseline 0.003 -12"><span class='ocrx_word' id='word_1_138' title='bbox 348 1773 424 1806; x_wconf 81' lang='lat'><strong>316.</strong></span> <span class='ocrx_word' id='word_1_139' title='bbox 441 1774 478 1806; x_wconf 91' lang='lat' dir='ltr'><em>A</em></span> <span class='ocrx_word' id='word_1_140' title='bbox 480 1773 582 1817; x_wconf 86' lang='lat' dir='ltr'><em>faclo</em></span> <span class='ocrx_word' id='word_1_141' title='bbox 587 1777 738 1816; x_wconf 76' lang='lat' dir='ltr'>propiore</span> <span class='ocrx_word' id='word_1_142' title='bbox 753 1779 816 1808; x_wconf 84' lang='lat' dir='ltr'>etc.</span> <span class='ocrx_word' id='word_1_143' title='bbox 842 1773 873 1807; x_wconf 89' lang='lat' dir='ltr'><strong>A</strong></span> <span class='ocrx_word' id='word_1_144' title='bbox 891 1774 980 1808; x_wconf 79' lang='lat' dir='ltr'>sacto</span> 
     </span>
     <span class='ocr_line' id='line_1_27' title="bbox 304 1825 979 1859; baseline 0 0"><span class='ocrx_word' id='word_1_145' title='bbox 304 1825 499 1859; x_wconf 81' lang='lat' dir='ltr'>recentiore</span> <span class='ocrx_word' id='word_1_146' title='bbox 517 1828 662 1859; x_wconf 85' lang='lat' dir='ltr'>sumunt</span> <span class='ocrx_word' id='word_1_147' title='bbox 679 1825 897 1859; x_wconf 84' lang='lat' dir='ltr'>occasionem</span> <span class='ocrx_word' id='word_1_148' title='bbox 920 1837 979 1859; x_wconf 89' lang='lat' dir='ltr'>re-</span> 
     </span>
     <span class='ocr_line' id='line_1_28' title="bbox 304 1876 982 1922; baseline -0.001 -11"><span class='ocrx_word' id='word_1_149' title='bbox 304 1876 446 1922; x_wconf 78' lang='lat' dir='ltr'>petendi</span> <span class='ocrx_word' id='word_1_150' title='bbox 468 1876 552 1920; x_wconf 84' lang='lat' dir='ltr'>alia,</span> <span class='ocrx_word' id='word_1_151' title='bbox 581 1890 690 1922; x_wconf 87' lang='lat' dir='ltr'>eaque</span> <span class='ocrx_word' id='word_1_152' title='bbox 718 1877 982 1922; x_wconf 85' lang='lat' dir='ltr'>antiquiora.—</span> 
     </span>
     <span class='ocr_line' id='line_1_29' title="bbox 305 1928 981 1974; baseline 0 -12"><span class='ocrx_word' id='word_1_153' title='bbox 305 1929 500 1963; x_wconf 69' lang='lat' dir='ltr'>Renamnt</span> <span class='ocrx_word' id='word_1_154' title='bbox 521 1929 535 1972; x_wconf 86' lang='lat'><strong>(</strong></span> <span class='ocrx_word' id='word_1_155' title='bbox 551 1929 598 1963; x_wconf 86' lang='lat' dir='ltr'>ita</span> <span class='ocrx_word' id='word_1_156' title='bbox 620 1928 655 1963; x_wconf 92' lang='lat' dir='ltr'>in</span> <span class='ocrx_word' id='word_1_157' title='bbox 674 1929 792 1974; x_wconf 85' lang='lat' dir='ltr'>Regiis</span> <span class='ocrx_word' id='word_1_158' title='bbox 820 1928 981 1970; x_wconf 84' lang='lat' dir='ltr'>nostris).</span> 
     </span>
     <span class='ocr_line' id='line_1_30' title="bbox 304 1979 983 2014; baseline 0.001 -2"><span class='ocrx_word' id='word_1_159' title='bbox 304 1979 533 2014; x_wconf 87' lang='lat' dir='ltr'>Burmannus</span> <span class='ocrx_word' id='word_1_160' title='bbox 548 1993 566 2014; x_wconf 91' lang='lat' dir='ltr'>e</span> <span class='ocrx_word' id='word_1_161' title='bbox 584 1980 689 2014; x_wconf 85' lang='lat' dir='ltr'>tertio</span> <span class='ocrx_word' id='word_1_162' title='bbox 706 1979 933 2014; x_wconf 84' lang='lat' dir='ltr'>Gronoviano</span> <span class='ocrx_word' id='word_1_163' title='bbox 947 1986 983 2013; x_wconf 88' lang='lat' dir='ltr'>et</span> 
     </span>
     <span class='ocr_line' id='line_1_31' title="bbox 302 2031 980 2077; baseline 0 -12"><span class='ocrx_word' id='word_1_164' title='bbox 302 2032 407 2066; x_wconf 83' lang='lat' dir='ltr'>Barb.</span> <span class='ocrx_word' id='word_1_165' title='bbox 421 2031 546 2077; x_wconf 86' lang='lat' dir='ltr'>prohat</span> <span class='ocrx_word' id='word_1_166' title='bbox 560 2037 759 2073; x_wconf 76' lang='lat' dir='ltr'>retractant,</span> <span class='ocrx_word' id='word_1_167' title='bbox 792 2032 886 2077; x_wconf 86' lang='lat' dir='ltr'>quod</span> <span class='ocrx_word' id='word_1_168' title='bbox 907 2042 980 2065; x_wconf 89' lang='lat' dir='ltr'>non</span> 
     </span>
     <span class='ocr_line' id='line_1_32' title="bbox 304 2084 981 2129; baseline 0 -11"><span class='ocrx_word' id='word_1_169' title='bbox 304 2084 411 2118; x_wconf 84' lang='lat' dir='ltr'>modo</span> <span class='ocrx_word' id='word_1_170' title='bbox 420 2084 640 2120; x_wconf 86' lang='lat' dir='ltr'>sermonibus</span> <span class='ocrx_word' id='word_1_171' title='bbox 651 2111 660 2129; x_wconf 94' lang='lat'>,</span> <span class='ocrx_word' id='word_1_172' title='bbox 672 2084 732 2119; x_wconf 88' lang='lat' dir='ltr'>sed</span> <span class='ocrx_word' id='word_1_173' title='bbox 745 2085 850 2119; x_wconf 85' lang='lat' dir='ltr'>etiam</span> <span class='ocrx_word' id='word_1_174' title='bbox 863 2084 981 2119; x_wconf 83' lang='lat' dir='ltr'>animo&#39;</span> 
     </span>
     <span class='ocr_line' id='line_1_33' title="bbox 302 2134 981 2181; baseline -0.001 -11"><span class='ocrx_word' id='word_1_175' title='bbox 302 2141 463 2180; x_wconf 81' lang='lat' dir='ltr'>&#39;repetere</span> <span class='ocrx_word' id='word_1_176' title='bbox 486 2135 667 2181; x_wconf 83' lang='lat' dir='ltr'>significet.</span> <span class='ocrx_word' id='word_1_177' title='bbox 697 2134 753 2170; x_wconf 86' lang='lat' dir='ltr'>De</span> <span class='ocrx_word' id='word_1_178' title='bbox 780 2136 847 2170; x_wconf 87' lang='lat' dir='ltr'>hoc</span> <span class='ocrx_word' id='word_1_179' title='bbox 873 2135 981 2170; x_wconf 71' lang='lat' dir='ltr'>verbo</span> 
     </span>
     <span class='ocr_line' id='line_1_34' title="bbox 304 2187 980 2232; baseline -0.001 -10"><span class='ocrx_word' id='word_1_180' title='bbox 304 2187 383 2222; x_wconf 81' lang='lat' dir='ltr'>alibi</span> <span class='ocrx_word' id='word_1_181' title='bbox 395 2187 537 2222; x_wconf 89' lang='lat' dir='ltr'>dictum.</span> <span class='ocrx_word' id='word_1_182' title='bbox 552 2188 593 2223; x_wconf 85' lang='lat' dir='ltr'>Id</span> <span class='ocrx_word' id='word_1_183' title='bbox 606 2196 708 2223; x_wconf 84' lang='lat' dir='ltr'>tueor</span> <span class='ocrx_word' id='word_1_184' title='bbox 721 2195 756 2223; x_wconf 89' lang='lat' dir='ltr'>et</span> <span class='ocrx_word' id='word_1_185' title='bbox 768 2200 863 2223; x_wconf 88' lang='lat' dir='ltr'>nunc</span> <span class='ocrx_word' id='word_1_186' title='bbox 876 2214 885 2231; x_wconf 89' lang='lat'><em>‚</em></span> <span class='ocrx_word' id='word_1_187' title='bbox 900 2187 980 2232; x_wconf 88' lang='lat' dir='ltr'>quia</span> 
     </span>
     <span class='ocr_line' id='line_1_35' title="bbox 303 2239 981 2285; baseline 0 -12"><span class='ocrx_word' id='word_1_188' title='bbox 303 2239 346 2274; x_wconf 92' lang='lat' dir='ltr'>de</span> <span class='ocrx_word' id='word_1_189' title='bbox 356 2240 576 2275; x_wconf 84' lang='lat' dir='ltr'>sermonibus</span> <span class='ocrx_word' id='word_1_190' title='bbox 592 2247 729 2274; x_wconf 83' lang='lat' dir='ltr'>tantum</span> <span class='ocrx_word' id='word_1_191' title='bbox 741 2240 862 2285; x_wconf 83' lang='lat' dir='ltr'>agitur.</span> <span class='ocrx_word' id='word_1_192' title='bbox 876 2239 981 2284; x_wconf 85' lang='lat' dir='ltr'>Quo-</span> 
     </span>
     <span class='ocr_line' id='line_1_36' title="bbox 304 2291 980 2328; baseline -0.001 0"><span class='ocrx_word' id='word_1_193' title='bbox 304 2294 401 2328; x_wconf 81' lang='lat' dir='ltr'>niam</span> <span class='ocrx_word' id='word_1_194' title='bbox 428 2300 546 2328; x_wconf 85' lang='lat' dir='ltr'>autem</span> <span class='ocrx_word' id='word_1_195' title='bbox 566 2306 621 2328; x_wconf 90' lang='lat' dir='ltr'>res</span> <span class='ocrx_word' id='word_1_196' title='bbox 646 2293 761 2327; x_wconf 90' lang='lat' dir='ltr'>omnis</span> <span class='ocrx_word' id='word_1_197' title='bbox 784 2293 821 2326; x_wconf 90' lang='lat' dir='ltr'>in</span> <span class='ocrx_word' id='word_1_198' title='bbox 846 2291 980 2327; x_wconf 82' lang='lat' dir='ltr'>Graecia</span> 
     </span>
     <span class='ocr_line' id='line_1_37' title="bbox 305 2345 977 2391; baseline -0.006 -11"><span class='ocrx_word' id='word_1_199' title='bbox 305 2345 438 2391; x_wconf 82' lang='lat' dir='ltr'>geritur</span> <span class='ocrx_word' id='word_1_200' title='bbox 447 2371 456 2389; x_wconf 91' lang='lat'>,</span> <span class='ocrx_word' id='word_1_201' title='bbox 471 2352 511 2379; x_wconf 89' lang='lat' dir='ltr'>ut</span> <span class='ocrx_word' id='word_1_202' title='bbox 523 2357 542 2379; x_wconf 91' lang='lat' dir='ltr'>e</span> <span class='ocrx_word' id='word_1_203' title='bbox 554 2354 639 2378; x_wconf 82' lang='lat' dir='ltr'>vers.</span> <span class='ocrx_word' id='word_1_204' title='bbox 652 2346 712 2387; x_wconf 74' lang='lat'>40¹</span> <span class='ocrx_word' id='word_1_205' title='bbox 729 2356 803 2388; x_wconf 87' lang='lat' dir='ltr'>sqq.</span> <span class='ocrx_word' id='word_1_206' title='bbox 814 2350 954 2388; x_wconf 80' lang='lat' dir='ltr'>apparet</span> <span class='ocrx_word' id='word_1_207' title='bbox 967 2368 977 2385; x_wconf 90' lang='lat'>,</span> 
     </span>
     <span class='ocr_line' id='line_1_38' title="bbox 303 2394 980 2442; baseline -0.006 -10"><span class='ocrx_word' id='word_1_208' title='bbox 303 2397 359 2432; x_wconf 87' lang='lat' dir='ltr'>ille</span> <span class='ocrx_word' id='word_1_209' title='bbox 379 2409 464 2432; x_wconf 82' lang='lat' dir='ltr'>unus</span> <span class='ocrx_word' id='word_1_210' title='bbox 482 2397 547 2432; x_wconf 80' lang='lat' dir='ltr'>suit</span> <span class='ocrx_word' id='word_1_211' title='bbox 562 2396 656 2430; x_wconf 79' lang='lat' dir='ltr'>haud</span> <span class='ocrx_word' id='word_1_212' title='bbox 680 2395 782 2430; x_wconf 89' lang='lat' dir='ltr'>dubie</span> <span class='ocrx_word' id='word_1_213' title='bbox 803 2408 843 2429; x_wconf 89' lang='lat' dir='ltr'>ex</span> <span class='ocrx_word' id='word_1_214' title='bbox 863 2394 980 2442; x_wconf 89' lang='lat' dir='ltr'>Lydiis</span> 
     </span>
     <span class='ocr_line' id='line_1_39' title="bbox 304 2445 980 2494; baseline -0.003 -11"><span class='ocrx_word' id='word_1_215' title='bbox 304 2450 343 2484; x_wconf 86' lang='lat' dir='ltr'>iis</span> <span class='ocrx_word' id='word_1_216' title='bbox 356 2476 365 2493; x_wconf 89' lang='lat'><strong><em>,</em></strong></span> <span class='ocrx_word' id='word_1_217' title='bbox 393 2450 452 2494; x_wconf 86' lang='lat' dir='ltr'>qui</span> <span class='ocrx_word' id='word_1_218' title='bbox 469 2449 608 2484; x_wconf 87' lang='lat' dir='ltr'>Nioben</span> <span class='ocrx_word' id='word_1_219' title='bbox 626 2448 663 2482; x_wconf 85' lang='lat' dir='ltr'>in.</span> <span class='ocrx_word' id='word_1_220' title='bbox 681 2447 851 2483; x_wconf 84' lang='lat' dir='ltr'>Graeciam</span> <span class='ocrx_word' id='word_1_221' title='bbox 869 2445 980 2482; x_wconf 48' lang='lat' dir='ltr'>conii*</span> 
     </span>
     <span class='ocr_line' id='line_1_40' title="bbox 304 2499 979 2543; baseline -0.004 -7"><span class='ocrx_word' id='word_1_222' title='bbox 304 2502 365 2536; x_wconf 81' lang='lat' dir='ltr'>tati</span> <span class='ocrx_word' id='word_1_223' title='bbox 381 2508 491 2536; x_wconf 86' lang='lat' dir='ltr'>erant.</span> <span class='ocrx_word' id='word_1_224' title='bbox 502 2502 600 2535; x_wconf 88' lang='lat' dir='ltr'>Bene</span> <span class='ocrx_word' id='word_1_225' title='bbox 617 2507 733 2534; x_wconf 83' lang='lat' dir='ltr'>autem</span> <span class='ocrx_word' id='word_1_226' title='bbox 742 2526 752 2543; x_wconf 90' lang='lat'>,</span> <span class='ocrx_word' id='word_1_227' title='bbox 764 2499 818 2534; x_wconf 85' lang='lat' dir='ltr'>vel</span> <span class='ocrx_word' id='word_1_228' title='bbox 832 2500 979 2534; x_wconf 81' lang='lat' dir='ltr'>varieta-</span> 
     </span>
     <span class='ocr_line' id='line_1_41' title="bbox 304 2550 979 2596; baseline -0.004 -9"><span class='ocrx_word' id='word_1_229' title='bbox 304 2553 346 2587; x_wconf 84' lang='lat' dir='ltr'>tis</span> <span class='ocrx_word' id='word_1_230' title='bbox 359 2562 459 2587; x_wconf 83' lang='lat' dir='ltr'>causa</span> <span class='ocrx_word' id='word_1_231' title='bbox 471 2580 480 2596; x_wconf 94' lang='lat'>,</span> <span class='ocrx_word' id='word_1_232' title='bbox 496 2558 699 2586; x_wconf 84' lang='lat' dir='ltr'>narrantem</span> <span class='ocrx_word' id='word_1_233' title='bbox 712 2551 862 2596; x_wconf 84' lang='lat' dir='ltr'>aliquem</span> <span class='ocrx_word' id='word_1_234' title='bbox 872 2550 979 2585; x_wconf 84' lang='lat' dir='ltr'>indu-</span> 
     </span>
     <span class='ocr_line' id='line_1_42' title="bbox 304 2603 979 2650; baseline -0.001 -13"><span class='ocrx_word' id='word_1_235' title='bbox 304 2605 350 2638; x_wconf 90' lang='lat' dir='ltr'>cit</span> <span class='ocrx_word' id='word_1_236' title='bbox 363 2630 372 2647; x_wconf 91' lang='lat'>,</span> <span class='ocrx_word' id='word_1_237' title='bbox 400 2604 458 2649; x_wconf 89' lang='lat' dir='ltr'>qui</span> <span class='ocrx_word' id='word_1_238' title='bbox 481 2604 707 2650; x_wconf 83' lang='lat' dir='ltr'>peregrinans</span> <span class='ocrx_word' id='word_1_239' title='bbox 728 2604 765 2638; x_wconf 90' lang='lat' dir='ltr'>in</span> <span class='ocrx_word' id='word_1_240' title='bbox 787 2604 858 2648; x_wconf 89' lang='lat' dir='ltr'>ipsa</span> <span class='ocrx_word' id='word_1_241' title='bbox 874 2603 979 2650; x_wconf 88' lang='lat' dir='ltr'>Lycia</span> 
     </span>
     <span class='ocr_line' id='line_1_43' title="bbox 303 2657 978 2703; baseline -0.003 -12"><span class='ocrx_word' id='word_1_242' title='bbox 303 2657 455 2691; x_wconf 78' lang='lat' dir='ltr'>fabulam</span> <span class='ocrx_word' id='word_1_243' title='bbox 470 2664 679 2703; x_wconf 87' lang='lat' dir='ltr'>cognoverat</span> <span class='ocrx_word' id='word_1_244' title='bbox 695 2683 704 2701; x_wconf 85' lang='lat'>,</span> <span class='ocrx_word' id='word_1_245' title='bbox 733 2657 881 2701; x_wconf 85' lang='lat' dir='ltr'>factique</span> <span class='ocrx_word' id='word_1_246' title='bbox 898 2663 978 2689; x_wconf 47' lang='lat' dir='ltr'>mo*</span> 
     </span>
     <span class='ocr_line' id='line_1_44' title="bbox 305 2709 976 2754; baseline -0.003 -10"><span class='ocrx_word' id='word_1_247' title='bbox 305 2716 519 2744; x_wconf 86' lang='lat' dir='ltr'>numentum</span> <span class='ocrx_word' id='word_1_248' title='bbox 550 2711 620 2754; x_wconf 86' lang='lat' dir='ltr'>ipse</span> <span class='ocrx_word' id='word_1_249' title='bbox 649 2709 792 2743; x_wconf 79' lang='lat' dir='ltr'>viderat.</span> <span class='ocrx_word' id='word_1_250' title='bbox 820 2709 936 2743; x_wconf 81' lang='lat' dir='ltr'>Etiam</span> <span class='ocrx_word' id='word_1_251' title='bbox 957 2721 976 2742; x_wconf 93' lang='lat' dir='ltr'>e</span> 
     </span>
     <span class='ocr_line' id='line_1_45' title="bbox 305 2758 975 2807; baseline -0.001 -12"><span class='ocrx_word' id='word_1_252' title='bbox 305 2758 457 2807; x_wconf 85' lang='lat' dir='ltr'>Phrygia</span> <span class='ocrx_word' id='word_1_253' title='bbox 483 2761 666 2795; x_wconf 89' lang='lat' dir='ltr'>commode</span> <span class='ocrx_word' id='word_1_254' title='bbox 686 2773 751 2795; x_wconf 91' lang='lat' dir='ltr'>nos</span> <span class='ocrx_word' id='word_1_255' title='bbox 779 2760 918 2795; x_wconf 84' lang='lat' dir='ltr'>deducit</span> <span class='ocrx_word' id='word_1_256' title='bbox 938 2761 975 2794; x_wconf 90' lang='lat' dir='ltr'>in</span> 
     </span>
    </p>
   </div>
   <div class='ocr_carea' id='block_1_14' title="bbox 1043 1400 1728 2804">
    <p class='ocr_par' dir='ltr' id='par_1_17' title="bbox 1045 1400 1728 1822">
     <span class='ocr_line' id='line_1_46' title="bbox 1046 1400 1721 1455; baseline -0.003 -13"><span class='ocrx_word' id='word_1_257' title='bbox 1046 1400 1199 1455; x_wconf 74' lang='lat' dir='ltr'>Lyci&#39;am.</span> <span class='ocrx_word' id='word_1_258' title='bbox 1225 1425 1269 1438; x_wconf 68' lang='grc' dir='ltr'>ο-</span> <span class='ocrx_word' id='word_1_259' title='bbox 1290 1408 1413 1454; x_wconf 70' lang='lat' dir='ltr'>Lycia.</span> <span class='ocrx_word' id='word_1_260' title='bbox 1438 1406 1568 1442; x_wconf 83' lang='lat' dir='ltr'>Noster</span> <span class='ocrx_word' id='word_1_261' title='bbox 1598 1404 1721 1440; x_wconf 86' lang='lat' dir='ltr'>Codex</span> 
     </span>
     <span class='ocr_line' id='line_1_47' title="bbox 1047 1458 1725 1509; baseline -0.006 -11"><span class='ocrx_word' id='word_1_262' title='bbox 1047 1463 1178 1509; x_wconf 83' lang='lat' dir='ltr'>Regius</span> <span class='ocrx_word' id='word_1_263' title='bbox 1204 1462 1260 1506; x_wconf 87' lang='lat' dir='ltr'>A,</span> <span class='ocrx_word' id='word_1_264' title='bbox 1288 1463 1421 1508; x_wconf 55' lang='grc' dir='ltr'>[βίω</span> <span class='ocrx_word' id='word_1_265' title='bbox 1447 1460 1508 1496; x_wconf 84' lang='lat' dir='ltr'>sed</span> <span class='ocrx_word' id='word_1_266' title='bbox 1526 1473 1546 1495; x_wconf 89' lang='lat' dir='ltr'>a</span> <span class='ocrx_word' id='word_1_267' title='bbox 1573 1458 1725 1496; x_wconf 84' lang='lat' dir='ltr'>secunda</span> 
     </span>
     <span class='ocr_line' id='line_1_48' title="bbox 1045 1510 1728 1561; baseline -0.003 -10"><span class='ocrx_word' id='word_1_268' title='bbox 1045 1529 1164 1551; x_wconf 84' lang='lat' dir='ltr'>manu.</span> <span class='ocrx_word' id='word_1_269' title='bbox 1183 1515 1309 1561; x_wconf 83' lang='lat' dir='ltr'>Quum</span> <span class='ocrx_word' id='word_1_270' title='bbox 1327 1516 1364 1549; x_wconf 91' lang='lat' dir='ltr'>in</span> <span class='ocrx_word' id='word_1_271' title='bbox 1387 1513 1451 1549; x_wconf 90' lang='lat' dir='ltr'>hac</span> <span class='ocrx_word' id='word_1_272' title='bbox 1467 1514 1595 1561; x_wconf 82' lang='lat' dir='ltr'>pagina</span> <span class='ocrx_word' id='word_1_273' title='bbox 1614 1510 1728 1549; x_wconf 86' lang='lat' dir='ltr'>Codi-</span> 
     </span>
     <span class='ocr_line' id='line_1_49' title="bbox 1046 1567 1726 1615; baseline -0.004 -11"><span class='ocrx_word' id='word_1_274' title='bbox 1046 1570 1093 1604; x_wconf 86' lang='lat' dir='ltr'>cis</span> <span class='ocrx_word' id='word_1_275' title='bbox 1106 1597 1115 1612; x_wconf 91' lang='lat'>,</span> <span class='ocrx_word' id='word_1_276' title='bbox 1134 1570 1301 1615; x_wconf 83' lang='lat' dir='ltr'>scriptura</span> <span class='ocrx_word' id='word_1_277' title='bbox 1318 1568 1405 1603; x_wconf 78' lang='lat' dir='ltr'>adeo</span> <span class='ocrx_word' id='word_1_278' title='bbox 1418 1567 1542 1613; x_wconf 79' lang='lat' dir='ltr'>pallida</span> <span class='ocrx_word' id='word_1_279' title='bbox 1559 1573 1646 1602; x_wconf 76' lang='lat' dir='ltr'>esset</span> <span class='ocrx_word' id='word_1_280' title='bbox 1660 1593 1669 1610; x_wconf 95' lang='lat'>‚</span> <span class='ocrx_word' id='word_1_281' title='bbox 1686 1573 1726 1601; x_wconf 79' lang='lat' dir='ltr'>ut</span> 
     </span>
     <span class='ocr_line' id='line_1_50' title="bbox 1046 1619 1723 1666; baseline -0.003 -12"><span class='ocrx_word' id='word_1_282' title='bbox 1046 1622 1100 1654; x_wconf 81' lang='lat' dir='ltr'>vix</span> <span class='ocrx_word' id='word_1_283' title='bbox 1127 1622 1323 1666; x_wconf 87' lang='lat' dir='ltr'>legeretur,</span> <span class='ocrx_word' id='word_1_284' title='bbox 1349 1620 1466 1654; x_wconf 78' lang='lat' dir='ltr'>infelix</span> <span class='ocrx_word' id='word_1_285' title='bbox 1494 1626 1529 1654; x_wconf 84' lang='lat' dir='ltr'>et</span> <span class='ocrx_word' id='word_1_286' title='bbox 1557 1619 1698 1665; x_wconf 83' lang='lat' dir='ltr'>ignarus</span> <span class='ocrx_word' id='word_1_287' title='bbox 1715 1645 1723 1661; x_wconf 91' lang='lat'>‚</span> 
     </span>
     <span class='ocr_line' id='line_1_51' title="bbox 1048 1667 1728 1716; baseline -0.003 -11"><span class='ocrx_word' id='word_1_288' title='bbox 1048 1673 1165 1707; x_wconf 84' lang='lat' dir='ltr'>nescio</span> <span class='ocrx_word' id='word_1_289' title='bbox 1178 1673 1265 1716; x_wconf 82' lang='lat' dir='ltr'>quis,</span> <span class='ocrx_word' id='word_1_290' title='bbox 1283 1669 1492 1705; x_wconf 78' lang='lat' dir='ltr'>emendator</span> <span class='ocrx_word' id='word_1_291' title='bbox 1502 1669 1634 1705; x_wconf 64' lang='lat' dir='ltr'>calamo</span> <span class='ocrx_word' id='word_1_292' title='bbox 1644 1667 1728 1704; x_wconf 57' lang='lat' dir='ltr'>cha-</span> 
     </span>
     <span class='ocr_line' id='line_1_52' title="bbox 1046 1720 1724 1763; baseline -0.006 -5"><span class='ocrx_word' id='word_1_293' title='bbox 1046 1729 1195 1758; x_wconf 84' lang='lat' dir='ltr'>racteres</span> <span class='ocrx_word' id='word_1_294' title='bbox 1206 1723 1374 1762; x_wconf 83' lang='lat' dir='ltr'>recoluit;</span> <span class='ocrx_word' id='word_1_295' title='bbox 1393 1732 1466 1755; x_wconf 87' lang='lat' dir='ltr'>non</span> <span class='ocrx_word' id='word_1_296' title='bbox 1485 1721 1558 1756; x_wconf 87' lang='lat' dir='ltr'>sine</span> <span class='ocrx_word' id='word_1_297' title='bbox 1572 1720 1724 1763; x_wconf 85' lang='lat' dir='ltr'>mendo,</span> 
     </span>
     <span class='ocr_line' id='line_1_53' title="bbox 1047 1771 1726 1822; baseline -0.004 -13"><span class='ocrx_word' id='word_1_298' title='bbox 1047 1787 1129 1809; x_wconf 85' lang='lat' dir='ltr'>nam</span> <span class='ocrx_word' id='word_1_299' title='bbox 1142 1777 1251 1822; x_wconf 68' lang='lat' dir='ltr'>lybia</span> <span class='ocrx_word' id='word_1_300' title='bbox 1265 1774 1365 1820; x_wconf 78' lang='lat' dir='ltr'>longe</span> <span class='ocrx_word' id='word_1_301' title='bbox 1379 1785 1397 1807; x_wconf 84' lang='lat' dir='ltr'>a</span> <span class='ocrx_word' id='word_1_302' title='bbox 1411 1774 1519 1820; x_wconf 76' lang='lat' dir='ltr'>Lycia</span> <span class='ocrx_word' id='word_1_303' title='bbox 1533 1771 1646 1808; x_wconf 78' lang='lat' dir='ltr'>distat.</span> <span class='ocrx_word' id='word_1_304' title='bbox 1660 1773 1726 1807; x_wconf 86' lang='lat' dir='ltr'>Ed.</span> 
     </span>
    </p>

    <p class='ocr_par' dir='ltr' id='par_1_18' title="bbox 1043 1820 1728 2642">
     <span class='ocr_line' id='line_1_54' title="bbox 1092 1820 1722 1869; baseline -0.003 -9"><span class='ocrx_word' id='word_1_305' title='bbox 1092 1827 1167 1860; x_wconf 84' lang='lat'><strong>320.</strong></span> <span class='ocrx_word' id='word_1_306' title='bbox 1190 1827 1273 1859; x_wconf 69' lang='lat' dir='ltr'><em>Vidz</em></span> <span class='ocrx_word' id='word_1_307' title='bbox 1278 1836 1436 1869; x_wconf 72' lang='lat' dir='ltr'>presens.</span> <span class='ocrx_word' id='word_1_308' title='bbox 1455 1823 1589 1858; x_wconf 82' lang='lat' dir='ltr'>Confer</span> <span class='ocrx_word' id='word_1_309' title='bbox 1606 1820 1722 1866; x_wconf 83' lang='lat' dir='ltr'>VIII,</span> 
     </span>
     <span class='ocr_line' id='line_1_55' title="bbox 1047 1875 1727 1924; baseline -0.006 -10"><span class='ocrx_word' id='word_1_310' title='bbox 1047 1880 1121 1914; x_wconf 63' lang='grc' dir='ltr'>ὅπα.</span> <span class='ocrx_word' id='word_1_311' title='bbox 1151 1879 1250 1924; x_wconf 82' lang='lat' dir='ltr'>Saepe</span> <span class='ocrx_word' id='word_1_312' title='bbox 1266 1879 1395 1912; x_wconf 81' lang='lat' dir='ltr'>Noster</span> <span class='ocrx_word' id='word_1_313' title='bbox 1414 1876 1524 1912; x_wconf 84' lang='lat' dir='ltr'>locum</span> <span class='ocrx_word' id='word_1_314' title='bbox 1543 1875 1727 1921; x_wconf 77' lang='lat' dir='ltr'>coniungit</span> 
     </span>
     <span class='ocr_line' id='line_1_56' title="bbox 1047 1926 1728 1974; baseline -0.004 -10"><span class='ocrx_word' id='word_1_315' title='bbox 1047 1934 1128 1964; x_wconf 81' lang='lat' dir='ltr'>curn</span> <span class='ocrx_word' id='word_1_316' title='bbox 1144 1942 1216 1964; x_wconf 88' lang='lat' dir='ltr'>voc.</span> <span class='ocrx_word' id='word_1_317' title='bbox 1237 1929 1308 1969; x_wconf 83' lang='lat' dir='ltr'>rei,</span> <span class='ocrx_word' id='word_1_318' title='bbox 1338 1932 1416 1974; x_wconf 66' lang='lat' dir='ltr'>qnae&#39;</span> <span class='ocrx_word' id='word_1_319' title='bbox 1434 1934 1486 1963; x_wconf 79' lang='lat' dir='ltr'>est</span> <span class='ocrx_word' id='word_1_320' title='bbox 1503 1928 1540 1962; x_wconf 83' lang='lat' dir='ltr'>in</span> <span class='ocrx_word' id='word_1_321' title='bbox 1558 1926 1660 1972; x_wconf 89' lang='lat' dir='ltr'>loco,</span> <span class='ocrx_word' id='word_1_322' title='bbox 1685 1935 1728 1962; x_wconf 84' lang='lat' dir='ltr'>ut</span> 
     </span>
     <span class='ocr_line' id='line_1_57' title="bbox 1047 1953 1723 2026; baseline -0.005 -10"><span class='ocrx_word' id='word_1_323' title='bbox 1047 1980 1147 2017; x_wconf 79' lang='lat' dir='ltr'>docet</span> <span class='ocrx_word' id='word_1_324' title='bbox 1158 1982 1395 2016; x_wconf 74' lang='lat' dir='ltr'>Burmannus.</span> <span class='ocrx_word' id='word_1_325' title='bbox 1410 1980 1492 2016; x_wconf 76' lang='lat' dir='ltr'>Non</span> <span class='ocrx_word' id='word_1_326' title='bbox 1509 1979 1616 2026; x_wconf 70' lang='lat' dir='ltr'>igitur</span> <span class='ocrx_word' id='word_1_327' title='bbox 1628 1953 1723 2024; x_wconf 67' lang='lat' dir='ltr'>ciat,</span> 
     </span>
     <span class='ocr_line' id='line_1_58' title="bbox 1047 2029 1724 2077; baseline -0.005 -9"><span class='ocrx_word' id='word_1_328' title='bbox 1047 2046 1110 2069; x_wconf 77' lang='lat' dir='ltr'>cur</span> <span class='ocrx_word' id='word_1_329' title='bbox 1134 2034 1316 2068; x_wconf 79' lang='lat' dir='ltr'>Heinsius</span> <span class='ocrx_word' id='word_1_330' title='bbox 1332 2029 1390 2067; x_wconf 74' lang='lat' dir='ltr'>hic</span> <span class='ocrx_word' id='word_1_331' title='bbox 1411 2029 1583 2074; x_wconf 73' lang='lat' dir='ltr'>haereret,</span> <span class='ocrx_word' id='word_1_332' title='bbox 1609 2043 1724 2077; x_wconf 85' lang='lat' dir='ltr'>quan-</span> 
     </span>
     <span class='ocr_line' id='line_1_59' title="bbox 1047 2080 1726 2134; baseline -0.006 -12"><span class='ocrx_word' id='word_1_333' title='bbox 1047 2097 1153 2134; x_wconf 84' lang='lat' dir='ltr'>quam</span> <span class='ocrx_word' id='word_1_334' title='bbox 1164 2083 1326 2121; x_wconf 73' lang='lat' dir='ltr'>nonnum</span> <span class='ocrx_word' id='word_1_335' title='bbox 1339 2080 1643 2130; x_wconf 66' lang='lat' dir='ltr'>MSS.l&#39;ac¹1’1m5&gt;12·e²</span> <span class='ocrx_word' id='word_1_336' title='bbox 1639 2093 1726 2132; x_wconf 83' lang='lat' dir='ltr'>prae-</span> 
     </span>
     <span class='ocr_line' id='line_1_60' title="bbox 1044 2134 1724 2179; baseline -0.007 -5"><span class='ocrx_word' id='word_1_337' title='bbox 1044 2140 1174 2174; x_wconf 78' lang='lat' dir='ltr'>serunt.</span> <span class='ocrx_word' id='word_1_338' title='bbox 1196 2157 1239 2164; x_wconf 90' lang='lat'>—-</span> <span class='ocrx_word' id='word_1_339' title='bbox 1257 2138 1434 2179; x_wconf 47' lang='lat' dir='ltr'>Grandem*</span> <span class='ocrx_word' id='word_1_340' title='bbox 1451 2140 1529 2170; x_wconf 59' lang='grc' dir='ltr'>’σόα</span> <span class='ocrx_word' id='word_1_341' title='bbox 1556 2134 1724 2170; x_wconf 85' lang='lat' dir='ltr'>Heinsius</span> 
     </span>
     <span class='ocr_line' id='line_1_61' title="bbox 1046 2185 1725 2236; baseline -0.009 -9"><span class='ocrx_word' id='word_1_342' title='bbox 1046 2192 1144 2226; x_wconf 79' lang='lat' dir='ltr'>malit</span> <span class='ocrx_word' id='word_1_343' title='bbox 1154 2192 1313 2236; x_wconf 70' lang='lat' dir='ltr'>grandior</span> <span class='ocrx_word' id='word_1_344' title='bbox 1325 2188 1392 2224; x_wconf 58' lang='grc' dir='ltr'>ὥρι’.</span> <span class='ocrx_word' id='word_1_345' title='bbox 1409 2185 1529 2224; x_wconf 65' lang='lat' dir='ltr'>Nostri</span> <span class='ocrx_word' id='word_1_346' title='bbox 1545 2187 1645 2234; x_wconf 77' lang='lat' dir='ltr'>Regii</span> <span class='ocrx_word' id='word_1_347' title='bbox 1660 2187 1725 2222; x_wconf 87' lang='lat' dir='ltr'>ha-</span> 
     </span>
     <span class='ocr_line' id='line_1_62' title="bbox 1045 2240 1727 2286; baseline -0.007 -8"><span class='ocrx_word' id='word_1_348' title='bbox 1045 2243 1130 2278; x_wconf 80' lang='lat' dir='ltr'>ben&#39;t</span> <span class='ocrx_word' id='word_1_349' title='bbox 1140 2251 1208 2278; x_wconf 74' lang='lat' dir='ltr'>oev&#39;o</span> <span class='ocrx_word' id='word_1_350' title='bbox 1220 2254 1231 2286; x_wconf 85' lang='lat'>‚·</span> <span class='ocrx_word' id='word_1_351' title='bbox 1249 2243 1297 2276; x_wconf 88' lang='lat' dir='ltr'>ita</span> <span class='ocrx_word' id='word_1_352' title='bbox 1309 2268 1318 2285; x_wconf 91' lang='lat'>,</span> <span class='ocrx_word' id='word_1_353' title='bbox 1333 2241 1394 2275; x_wconf 63' lang='lat' dir='ltr'>libj</span> <span class='ocrx_word' id='word_1_354' title='bbox 1406 2240 1458 2276; x_wconf 82' lang='lat' dir='ltr'>IX</span> <span class='ocrx_word' id='word_1_355' title='bbox 1472 2267 1481 2284; x_wconf 89' lang='lat'>,</span> <span class='ocrx_word' id='word_1_356' title='bbox 1500 2240 1564 2284; x_wconf 78' lang='grc'>440</span> <span class='ocrx_word' id='word_1_357' title='bbox 1576 2265 1585 2283; x_wconf 92' lang='grc'><strong><em>,</em></strong></span> <span class='ocrx_word' id='word_1_358' title='bbox 1602 2242 1727 2283; x_wconf 74' lang='lat' dir='ltr'>iuteger</span> 
     </span>
     <span class='ocr_line' id='line_1_63' title="bbox 1046 2291 1726 2344; baseline -0.01 -13"><span class='ocrx_word' id='word_1_359' title='bbox 1046 2310 1123 2331; x_wconf 70' lang='lat' dir='ltr'>oevo.</span> <span class='ocrx_word' id='word_1_360' title='bbox 1142 2295 1207 2330; x_wconf 86' lang='lat' dir='ltr'>Ed.</span> <span class='ocrx_word' id='word_1_361' title='bbox 1227 2314 1270 2321; x_wconf 88' lang='lat'>—</span> <span class='ocrx_word' id='word_1_362' title='bbox 1284 2292 1466 2344; x_wconf 54' lang='lat' dir='ltr'>Imfiailsz&#39;ns</span> <span class='ocrx_word' id='word_1_363' title='bbox 1473 2295 1553 2331; x_wconf 80' lang='lat' dir='ltr'><em>vl‘oe‚</em></span> <span class='ocrx_word' id='word_1_364' title='bbox 1575 2291 1634 2337; x_wconf 88' lang='lat' dir='ltr'>qui</span> <span class='ocrx_word' id='word_1_365' title='bbox 1646 2303 1726 2325; x_wconf 88' lang='lat' dir='ltr'>mo-</span> 
     </span>
     <span class='ocr_line' id='line_1_64' title="bbox 1045 2345 1724 2394; baseline -0.007 -10"><span class='ocrx_word' id='word_1_366' title='bbox 1045 2349 1157 2384; x_wconf 69' lang='lat' dir='ltr'>testias</span> <span class='ocrx_word' id='word_1_367' title='bbox 1171 2347 1353 2394; x_wconf 87' lang='lat' dir='ltr'>longinqui</span> <span class='ocrx_word' id='word_1_368' title='bbox 1376 2345 1509 2386; x_wconf 82' lang='lat' dir='ltr'>itineris</span> <span class='ocrx_word' id='word_1_369' title='bbox 1532 2346 1623 2380; x_wconf 82' lang='lat' dir='ltr'>serre</span> <span class='ocrx_word' id='word_1_370' title='bbox 1648 2350 1724 2379; x_wconf 84' lang='lat' dir='ltr'>n&#39;on</span> 
     </span>
     <span class='ocr_line' id='line_1_65' title="bbox 1045 2396 1723 2446; baseline -0.009 -10"><span class='ocrx_word' id='word_1_371' title='bbox 1045 2406 1170 2446; x_wconf 80' lang='lat' dir='ltr'>potest.</span> <span class='ocrx_word' id='word_1_372' title='bbox 1183 2399 1470 2435; x_wconf 82' lang='lat' dir='ltr'>Glareanus&#39;eum</span> <span class='ocrx_word' id='word_1_373' title='bbox 1479 2397 1611 2431; x_wconf 87' lang='lat' dir='ltr'>lanium</span> <span class='ocrx_word' id='word_1_374' title='bbox 1620 2396 1723 2431; x_wconf 77' lang='lat' dir='ltr'>fuisse</span> 
     </span>
     <span class='ocr_line' id='line_1_66' title="bbox 1044 2447 1723 2497; baseline -0.007 -10"><span class='ocrx_word' id='word_1_375' title='bbox 1044 2457 1152 2497; x_wconf 76' lang='lat' dir='ltr'>putat.</span> <span class='ocrx_word' id='word_1_376' title='bbox 1170 2452 1286 2486; x_wconf 78' lang='lat' dir='ltr'>Inim&#39;o</span> <span class='ocrx_word' id='word_1_377' title='bbox 1303 2449 1386 2484; x_wconf 79' lang='lat' dir='ltr'>olim</span> <span class='ocrx_word' id='word_1_378' title='bbox 1403 2461 1529 2495; x_wconf 85' lang='lat' dir='ltr'>magna</span> <span class='ocrx_word' id='word_1_379' title='bbox 1540 2461 1618 2495; x_wconf 83' lang='lat' dir='ltr'>pars</span> <span class='ocrx_word' id='word_1_380' title='bbox 1635 2447 1723 2482; x_wconf 79' lang='lat' dir='ltr'>divi-</span> 
     </span>
     <span class='ocr_line' id='line_1_67' title="bbox 1043 2499 1723 2538; baseline -0.007 0"><span class='ocrx_word' id='word_1_381' title='bbox 1043 2505 1172 2538; x_wconf 82' lang='lat' dir='ltr'>tiarum</span> <span class='ocrx_word' id='word_1_382' title='bbox 1199 2503 1236 2536; x_wconf 91' lang='lat' dir='ltr'>in</span> <span class='ocrx_word' id='word_1_383' title='bbox 1261 2501 1428 2536; x_wconf 85' lang='lat' dir='ltr'>armentis</span> <span class='ocrx_word' id='word_1_384' title='bbox 1444 2499 1664 2535; x_wconf 80' lang='lat' dir='ltr'>cernebatur.</span> <span class='ocrx_word' id='word_1_385' title='bbox 1679 2517 1723 2526; x_wconf 90' lang='lat'>·--</span> 
     </span>
     <span class='ocr_line' id='line_1_68' title="bbox 1046 2550 1721 2599; baseline -0.007 -10"><span class='ocrx_word' id='word_1_386' title='bbox 1046 2557 1228 2598; x_wconf 77' lang='lat' dir='ltr'>Gentlsque</span> <span class='ocrx_word' id='word_1_387' title='bbox 1251 2556 1354 2588; x_wconf 62' lang='lat' dir='ltr'>illzius.</span> <span class='ocrx_word' id='word_1_388' title='bbox 1386 2554 1526 2599; x_wconf 79' lang='lat' dir='ltr'>Lycium</span> <span class='ocrx_word' id='word_1_389' title='bbox 1550 2551 1636 2586; x_wconf 90' lang='lat' dir='ltr'>mihi</span> <span class='ocrx_word' id='word_1_390' title='bbox 1657 2550 1721 2584; x_wconf 75' lang='lat' dir='ltr'>iti-</span> 
     </span>
     <span class='ocr_line' id='line_1_69' title="bbox 1045 2605 1509 2642; baseline -0.011 0"><span class='ocrx_word' id='word_1_391' title='bbox 1045 2607 1139 2642; x_wconf 87' lang='lat' dir='ltr'>neris</span> <span class='ocrx_word' id='word_1_392' title='bbox 1166 2606 1291 2640; x_wconf 82' lang='lat' dir='ltr'>ducem</span> <span class='ocrx_word' id='word_1_393' title='bbox 1315 2605 1420 2640; x_wconf 85' lang='lat' dir='ltr'>addit.</span> <span class='ocrx_word' id='word_1_394' title='bbox 1444 2605 1509 2639; x_wconf 83' lang='lat' dir='ltr'>Ed.</span> 
     </span>
    </p>

    <p class='ocr_par' dir='ltr' id='par_1_19' title="bbox 1043 2653 1720 2804">
     <span class='ocr_line' id='line_1_70' title="bbox 1087 2653 1715 2705; baseline -0.008 -13"><span class='ocrx_word' id='word_1_395' title='bbox 1087 2658 1160 2692; x_wconf 81' lang='lat'><strong>326.</strong></span> <span class='ocrx_word' id='word_1_396' title='bbox 1190 2659 1347 2705; x_wconf 57' lang='lat' dir='ltr'>Tcemuloe</span> <span class='ocrx_word' id='word_1_397' title='bbox 1359 2684 1366 2697; x_wconf 90' lang='lat'><em>‚</em></span> <span class='ocrx_word' id='word_1_398' title='bbox 1400 2669 1483 2702; x_wconf 88' lang='lat' dir='ltr'>quas</span> <span class='ocrx_word' id='word_1_399' title='bbox 1510 2655 1578 2689; x_wconf 88' lang='lat' dir='ltr'>hnc</span> <span class='ocrx_word' id='word_1_400' title='bbox 1594 2653 1715 2688; x_wconf 84' lang='lat' dir='ltr'>illucve</span> 
     </span>
     <span class='ocr_line' id='line_1_71' title="bbox 1044 2706 1720 2754; baseline -0.007 -12"><span class='ocrx_word' id='word_1_401' title='bbox 1044 2708 1174 2754; x_wconf 81' lang='lat' dir='ltr'>agitant</span> <span class='ocrx_word' id='word_1_402' title='bbox 1186 2708 1302 2752; x_wconf 85' lang='lat' dir='ltr'>venti,</span> <span class='ocrx_word' id='word_1_403' title='bbox 1328 2714 1368 2741; x_wconf 90' lang='lat' dir='ltr'>ut</span> <span class='ocrx_word' id='word_1_404' title='bbox 1383 2706 1439 2749; x_wconf 86' lang='lat' dir='ltr'>II,</span> <span class='ocrx_word' id='word_1_405' title='bbox 1466 2707 1550 2752; x_wconf 86' lang='lat'><strong><em>875,</em></strong></span> <span class='ocrx_word' id='word_1_406' title='bbox 1577 2706 1720 2738; x_wconf 78' lang='lat' dir='ltr'>tremulae</span> 
     </span>
     <span class='ocr_line' id='line_1_72' title="bbox 1043 2762 1499 2804; baseline -0.007 -11"><span class='ocrx_word' id='word_1_407' title='bbox 1043 2764 1223 2795; x_wconf 72' lang='lat' dir='ltr'>sinuantur</span> <span class='ocrx_word' id='word_1_408' title='bbox 1225 2762 1368 2804; x_wconf 75' lang='lat' dir='ltr'>fiamine</span> <span class='ocrx_word' id='word_1_409' title='bbox 1384 2762 1499 2792; x_wconf 73' lang='lat' dir='ltr'>vestes.</span> 
     </span>
    </p>
   </div>
  </div>
 </body>
</html>
