1832 3100
315 247 401 291 506

687 250 736 322 P.=
777 250 1008 295 OVIDII
1043 250 1341 297 NASONIS

313 339 495 404 Adjacet
515 341 586 389 his
608 341 798 392 Pleuron
821 363 831 402 ;
856 344 902 392 in
927 364 1012 411 qua
1034 345 1356 411 trepidantibus
1378 345 1457 393 alis

315 418 483 483 Ophias
507 418 664 481 effugit
683 433 887 470 natorum
910 421 1088 470 vulnera
1113 423 1294 471 Combe.

314 494 422 542 Inde
449 494 665 545 Calaureae
686 498 896 546 Letoidos
924 499 1112 564 adspicit
1132 518 1231 547 arva
1246 536 1257 556 ‚

314 573 366 618 In
389 571 608 622 volucrem
628 576 740 623 versi
761 595 860 624 cum
882 576 1066 640 conjuge
1090 577 1263 624 conscia
1286 576 1415 637 regis.

1651 591 1716 627 385

317 649 503 698 Dextera
530 651 704 718 Cyllene
725 666 816 711 est3
841 655 888 700 in
911 672 996 718 qua
1019 672 1117 701 cum
1140 664 1275 701 matre
1299 653 1578 720 Menephron

319 726 648 778 Concubiturus
672 742 787 788 erat,
813 749 1020 778 saevarum
1042 748 1164 778 more
1186 729 1388 777 ferarum.

318 802 539 868 Cephison
563 805 719 871 procul
742 806 845 854 hinc
867 806 1095 855 deflentem
1117 806 1205 855 fata
1227 806 1404 873 nepotis
1419 843 1431 863 ‚

318 881 515 947 Respicit
539 883 585 929 in
608 883 817 932 tumidam
842 885 1018 933 Phoceu
1043 885 1097 933 ab
1122 884 1330 950 Apolli-ne
1351 884 1464 932 versi
1485 904 1495 941 ;

319 957 579 1024 Eumelique
602 960 779 1008 domum
802 960 994 1023 lugentis
1017 961 1062 1008 in
1086 979 1180 1009 aere
1204 973 1362 1009 natam.

317 1035 511 1083 Tandem
535 1035 720 1103 vipereis
740 1038 950 1104 Ephyren
975 1038 1179 1087 Pirenida
1201 1038 1359 1104 pennis

322 1111 519 1174 Contigit
538 1132 548 1160 τ
567 1113 639 1161 hic
663 1133 752 1162 aevo
775 1126 939 1163 veteres
959 1115 1158 1164 mortalia
1178 1116 1321 1182 primo

322 1186 521 1253 Corpora
543 1189 777 1252 vulgarunt
799 1190 1067 1256 pluvialibus
1092 1192 1207 1240 edita
1230 1191 1390 1253 fungis.

320 1263 406 1312 Sed
428 1278 664 1333 postquam
689 1264 867 1317 Colchis
890 1270 996 1318 arsit
1021 1289 1135 1318 nova
1154 1281 1295 1335 nupta
1314 1268 1514 1326 venenis,

362 1398 443 1441 382..
470 1400 620 1434 Pleuron.
656 1400 817 1448 Micyllus
851 1403 992 1448 corrigit

320 1453 480 1486 Brauron.
499 1453 598 1499 Regii
615 1455 745 1498 nostri,
763 1457 923 1496 Pleuron,
937 1456 991 1490 vel

320 1504 480 1538 Pheuron.
492 1504 629 1540 AEtoliae
639 1519 716 1550 pars
734 1507 817 1541 olim
836 1521 854 1541 a
871 1515 990 1542 monte

325 1554 433 1588 Curio
447 1555 609 1591 Curetica
623 1565 657 1591 et
676 1557 862 1593 Pleuronia
879 1560 967 1594 dicta
981 1574 990 1601 ;

321 1608 461 1641 Pleuron
473 1607 568 1641 enirn
583 1608 625 1641 ad
643 1617 799 1643 montem
814 1609 963 1643 Curium
982 1624 990 1645 z

320 1657 389 1691 vid.
407 1658 555 1693 Palmer.
579 1659 715 1694 Graecas
734 1660 968 1705 Antiquitates
980 1688 989 1704 ‚

325 1710 389 1751 lV,
410 1710 458 1743 16.
479 1711 549 1745 Sed
565 1711 718 1746 Pleuron
736 1713 881 1747 minime
898 1714 993 1758 adja-

321 1768 375 1796 cet
398 1762 526 1809 Hyries
545 1763 643 1797 lacui.
664 1764 888 1799 Burmannus
910 1778 993 1811 ergo

321 1813 430 1848 credit
439 1839 449 1856 ,
467 1822 604 1859 poetam
618 1816 652 1850 in
670 1828 829 1850 errorem·
840 1817 972 1862 lapsum
982 1843 991 1861 ,

323 1864 402 1909 quia
414 1878 504 1900 nova
514 1866 666 1901 Pleuron
678 1867 719 1902 ad
732 1875 891 1903 montem
904 1869 995 1903 Ara-

324 1918 493 1964 cynthum
503 1920 609 1955 suerit
616 1921 696 1962 sita·
712 1921 810 1956 illum
819 1934 902 1957 vero
909 1923 995 1957 mul-

325 1978 376 2006 tos
401 1972 438 2006 in
461 1973 595 2008 Boeotia
621 1974 785 2009 statuisse.
808 1993 851 2002 -·
875 1978 997 2011 Combe

326 2021 530 2059 Curetum
522 2038 558 2059 in
574 2025 702 2061 AEtolia
726 2033 839 2061 mater
856 2053 865 2070 ,
893 2034 995 2095 gente

330 2077 519 2119 Ophiensis.

367 2128 441 2171 384.
465 2129 644 2171 Letoidos,
669 2142 732 2174 pro
751 2132 930 2171 Lutoidos,
956 2144 996 2165 ex

327 2191 437 2224 graeco
454 2183 611 2220 Αητέιδος.
637 2181 789 2226 Apollini
816 2195 909 2217 sacra
932 2183 998 2217 fuit

330 2231 490 2265 Cdauria
501 2257 511 2274 ,
534 2238 651 2276 postea
669 2232 813 2278 Delphis
830 2247 998 2268 commu-

328 2288 397 2316 tata
413 2283 578 2327 Neptuno
595 2295 604 2317 ι
618 2282 696 2317 vide
707 2283 851 2318 Stanlei.
862 2285 904 2319 ad
918 2285 1000 2318 AEs-

327 2334 468 2382 chylum
482 2361 492 2379 ,
519 2335 623 2370 Eum.
649 2336 703 2370 30.
717 2355 761 2362 —
775 2338 976 2381 Menephron
987 2363 997 2378 ,

330 2386 457 2430 Arcas,
482 2400 561 2421 cum
582 2387 701 2421 Bliade
717 2393 836 2427 malre,
869 2397 902 2423 et
919 2402 1000 2423 cum

333 2438 478 2486 Cyllene
503 2434 580 2474 filia'
594 2440 790 2474 concubuit.
815 2441 998 2488 Hyginus,

331 2491 443 2525 sabula
462 2492 534 2525 253.

372 2545 446 2579 388.
466 2546 602 2589 Cephisi
614 2544 683 2578 filia
694 2571 703 2587 ‚
722 2544 865 2578 nomine
881 2542 1002 2578 Praxi—

331 2597 409 2631 thea
421 2624 428 2636 ,
445 2604 553 2642 nupta
569 2597 633 2630 suit
647 2595 865 2638 Erechtheo,
884 2608 923 2629 ex
935 2607 1002 2639 qua

332 2648 386 2681 ille
407 2655 485 2682 octo
501 2648 625 2682 liberos
641 2647 789 2692 suscepit
803 2673 812 2690 ‚
839 2660 857 2680 e
880 2646 1003 2691 quibus

331 2712 420 2733 unus
429 2699 681 2744 intelligendus.
692 2717 736 2724 --
746 2701 905 2741 Respicit,
924 2697 1003 2742 quIa

333 2751 388 2785 illa
411 2750 482 2785 loca
502 2750 572 2795 jam
594 2757 670 2795 post
688 2756 823 2795 tergum
847 2749 1002 2784 hahebat.

1056 1402 1150 1437 'Male
1159 1402 1264 1448 igitur
1275 1401 1440 1437 Heinsius
1450 1399 1602 1446 corrigit,
1615 1401 1725 1444 despi-

1054 1457 1111 1489 cil.
1119 1473 1162 1480 -—-
1168 1455 1304 1488 Eumeli
1311 1456 1452 1488 domum.
1458 1451 1619 1499 Micyllus
1628 1450 1727 1486 intel-

1054 1506 1128 1551 ligit
1147 1506 1285 1549 Patras,
1310 1505 1448 1540 Achaiae
1464 1504 1608 1547 urbem,
1628 1503 1726 1548 cujus

1056 1557 1187 1601 primus
1201 1571 1260 1591 rex
1277 1556 1453 1591 Eumelus.

1099 1610 1173 1655 391.
1183 1611 1315 1655 Ephyre
1325 1608 1505 1652 antiquum
1517 1618 1648 1643 nomen
1660 1604 1726 1641 Co-

1056 1660 1162 1693 rinthi
1173 1685 1182 1701 ‚
1195 1659 1252 1693 ubi
1264 1661 1381 1692 Pirene
1390 1660 1477 1692 sons.
1490 1658 1597 1693 Prisci
1607 1657 1728 1692 incolat

1057 1725 1075 1746 e
1091 1712 1204 1755 fungis
1219 1712 1285 1745 orti
1301 1711 1541 1745 credebantur.

1099 1763 1174 1810 394.
1190 1763 1311 1796 Medea
1329 1776 1425 1807 quum
1447 1775 1490 1796 ex
1511 1763 1640 1795 Jasone
1649 1761 1727 1805 jam

1044 1815 1144 1859 filios
1154 1815 1347 1848 Mermerum
1357 1818 1392 1846 et
1398 1814 1546 1847 Feretum
1555 1824 1729 1856 procreas-

1058 1871 1127 1906 set,
1151 1877 1338 1909 summaque
1359 1866 1537 1899 concordia
1561 1867 1722 1903 viverent,

1058 1911 1277 1963 objitiehalur
1286 1921 1331 1958 ei,
1343 1920 1504 1952 hominem
1518 1915 1727 1960 tonsor-lem,

1048 1971 1234 2016 formosum
1245 1983 1287 2005 ac
1301 1972 1443 2004 nobilem
1453 1997 1461 2010 ,
1482 1981 1615 2004 uxorem
1629 1970 1731 2010 adov-

1058 2035 1136 2057 nam
1161 2027 1259 2067 atque
1284 2024 1462 2067 veneficam
1488 2023 1617 2055 habene.
1641 2021 1731 2054 Huic

1064 2075 1186 2115 Creon,
1208 2075 1374 2108 Menacei
1383 2075 1498 2119 filliis,
1524 2085 1583 2106 rex
1605 2073 1730 2107 Con'n—

1060 2127 1164 2165 thius,
1174 2127 1288 2170 filiam
1300 2137 1395 2159 suam
1410 2128 1565 2159 minorem
1579 2125 1731 2158 Glaucen

1061 2180 1154 2212 dedit
1166 2190 1309 2212 uxorem.
1328 2177 1449 2211 Medea
1464 2189 1560 2222 quum
1575 2178 1673 2216 vidit,
1695 2187 1731 2210 se

1060 2243 1138 2274 ergo
1157 2231 1316 2263 Jusonem
1339 2231 1420 2263 bene
1444 2232 1613 2262 merentem
1637 2231 1734 2261 lanta

1062 2283 1260 2316 contumelia
1279 2293 1353 2314 esse
1375 2278 1554 2324 affictam,
1581 2291 1734 2313 coronam

1061 2347 1104 2368 ez
1114 2335 1246 2368 venenis·
1253 2333 1344 2377 fecit
1355 2345 1498 2372 auream,
1518 2343 1652 2376 eamque
1664 2344 1732 2365 mu-

1063 2390 1138 2420 neri
1147 2386 1258 2430 jussit
1264 2386 1362 2430 filios
1382 2395 1460 2418 suos
1481 2396 1625 2418 noverca
1644 2385 1734 2417 dare.

1067 2439 1199 2478 Creusa,
1217 2448 1346 2470 munere
1358 2440 1507 2478 accepto,
1525 2447 1598 2469 cum
1607 2436 1736 2468 Jasone

1064 2494 1098 2522 el
1109 2490 1245 2522 Creonte
1255 2489 1477 2532 conflagravit.
1489 2487 1609 2520 Meum
1617 2488 1735 2519 ubire·-

1061 2543 1152 2583 Ιςνίαιπ
1167 2541 1280 2573 ardere
1298 2541 1391 2578 vidit,
1417 2542 1515 2572 natos
1529 2549 1609 2572 suos
1626 2539 1732 2571 inter*-

1055 2592 1147 2636 secit
1158 2596 1192 2625 el
1199 2589 1350 2634 profugit
1366 2591 1530 2624 Corintho.
1552 2587 1712 2636 Hyginus
1724 2612 1734 2627 ,

1066 2644 1178 2678 sabula
1195 2646 1247 2677 25.
1272 2643 1375 2678 Cons.
1392 2641 1643 2688 Apollodorus,
1661 2638 1693 2672 d.
1713 2639 1732 2671 Ι.

1067 2697 1146 2730 Hoc
1160 2695 1429 2730 fundamentum
1446 2700 1496 2728 est
1513 2689 1685 2736 Euripidis
1699 2697 1733 2723 et

1068 2747 1209 2783 Seneca>
1216 2747 1407 2781 fabularum
1419 2772 1427 2787 ‚
1440 2739 1515 2789 q'uae
1528 2742 1664 2777 Medeae
1674 2754 1730 2775 πα
