1832 3100
319 232 408 276 266

683 234 734 278 P.
778 235 1021 279 OVIDII
1057 234 1364 279 NASONIS

317 326 541 375 Attulerat
562 328 744 386 famarm
765 348 1014 395 nomenque
1037 341 1128 377 erat
1148 328 1326 392 auguris
1351 329 1506 392 ingens
1524 349 1534 386 ;

316 408 495 474 Spernit
513 409 781 459 Echionides
805 422 949 459 tamen
970 411 1088 459 hunc
1105 448 1117 468 ,
1143 430 1195 459 ex
1214 410 1423 458 omnibus
1443 428 1559 458 unus

318 491 579 539 Contemtor
599 491 839 558 Superum,
865 491 1112 549 Pentheus;
1137 510 1417 558 praesagaque
1439 491 1555 539 ridet

314 571 464 619 Verba
483 572 624 630 senis3
647 574 938 640 tenebrasque
960 585 1004 621 et
1028 572 1194 621 cladem
1218 572 1328 620 lucis
1352 573 1532 621 ademtae

1664 584 1727 619 515

316 653 485 718 Objieit
505 674 513 701 :
534 653 608 702 ille
630 674 811 704 movens
835 654 1027 703 albentia
1052 666 1249 721 tempora
1272 653 1418 710 canis,

318 757 341 777 «
368 734 514 798 Quam
536 735 638 784 felix
662 756 799 795 esses,
824 737 862 785 si
886 748 935 785 tu
957 754 1135 803 quoque
1157 734 1336 784 luminis
1358 734 1492 800 hujus

311 865 464 902 Bacchis.
476 867 620 902 Habent
635 881 712 903 eam
732 867 891 914 Apollod.
908 868 986 912 111,

314 929 337 950 v
351 943 360 960 ,
381 932 398 951 2
413 932 422 959 ;
450 918 582 965 Hygin.
610 920 677 954 sab.
714 921 794 963 1843
823 919 985 955 Philostr.

310 969 407 1003 Icon.
420 970 447 1004 1.
465 970 615 1016 Attingit
626 971 732 1006 etiam
743 972 920 1007 Theocrit.
935 972 986 1006 Id.

310 1021 363 1054 26.
381 1021 437 1055 Cs.
456 1029 491 1056 et
506 1022 629 1057 Senec.
649 1023 733 1059 OEd.
758 1025 932 1068 404-508,
951 1031 987 1059 et

308 1073 458 1107 similem
469 1074 533 1108 loc.
550 1074 641 1120 apud
653 1075 774 1121 Virgil.
793 1075 876 1110 AEn.
888 1076 962 1111 VII
974 1102 984 1119 ,

308 1124 372 1158 385
383 1138 456 1170 sqq.
467 1125 551 1161 Sine
560 1126 666 1161 dubio
673 1127 866 1170 Pentheus,
875 1140 986 1172 quum

307 1178 466 1214 furorem
487 1180 696 1216 Bacchicum
707 1207 716 1224 ,
741 1181 800 1226 qui
817 1188 905 1216 totas
921 1181 986 1215 in·-

309 1230 451 1265 terdum
467 1232 620 1267 civitates
645 1233 853 1276 invadebat,
877 1245 986 1267 coer—

307 1293 386 1316 cere
416 1283 539 1324 vellet,
566 1296 585 1318 a
604 1284 747 1319 Bacchis
771 1285 900 1319 occisus
924 1291 985 1319 est.

307 1334 532 1370 Ferociorem
567 1343 686 1371 autem
718 1350 800 1371 eum
838 1336 987 1372 Ovidius

309 1386 487 1432 descripsit
500 1415 509 1432 ,
525 1401 630 1433 quam
642 1388 835 1434 Euripides.
846 1388 987 1423 Nullam

308 1446 427 1473 autem
450 1441 795 1476 transformationem
816 1441 891 1476 haec
917 1441 985 1476 sab.

306 1489 432 1533 habet;
456 1491 572 1537 itaque
597 1493 743 1535 Noster,
767 1505 813 1526 ne
838 1492 986 1527 instituti

306 1543 497 1578 immemor
510 1545 707 1588 videretur,
734 1545 817 1579 inde
838 1545 879 1579 ad
902 1558 984 1579 ver--

305 1608 385 1630 sum
403 1598 467 1641 574
478 1622 487 1639 ,
505 1597 690 1631 commode
705 1596 854 1631 intexuit
871 1596 983 1631 aliam.

305 1665 349 1671 —
359 1648 445 1687 Bes,
462 1648 666 1682 vaticinium
676 1647 719 1682 de
735 1648 896 1682 Narcisso
906 1648 983 1681 im-

304 1698 438 1743 pletum
451 1712 459 1740 ;
473 1703 609 1744 cognita
617 1727 626 1739 ‚
652 1712 761 1745 quum
773 1706 861 1735 esset
870 1699 984 1733 divul-

305 1759 392 1797 gata.
407 1771 451 1778 —
473 1755 570 1795 Vati,
595 1753 758 1795 Tiresiae;
778 1753 869 1787 redit
886 1753 983 1786 enim

305 1818 361 1849 ee,
374 1819 443 1851 quo
451 1806 641 1842 deflexerat
651 1807 983 1842 carmem—Achai-

302 1860 387 1899 das,
410 1871 544 1903 graecas.
570 1859 678 1905 Apud
695 1859 842 1893 Homer.
859 1871 982 1892 omnes

303 1910 417 1945 Graeci
426 1904 450 1949 A'
457 1912 777 1955 >cancul—Achaidas
782 1913 877 1946 urbes
891 1909 980 1944 Cod.

303 1963 434 2007 Regius
445 1963 488 2007 B,
501 1964 703 2004 Archadas;
717 1961 983 1996 male-Acbat'ca

302 2015 400 2059 regio
434 2022 486 2049 est
521 2014 666 2049 Graeciae
689 2040 699 2057 ,
737 2013 980 2059 Peloponneso

301 2067 533 2100 contermina.
550 2068 616 2101 Ed.
631 2085 676 2092 —
689 2066 847 2110 Auguris.
868 2064 981 2098 Aures

303 2118 378 2162 ejus
394 2118 441 2152 ita
461 2125 616 2163 purgatae
641 2124 764 2162 erant,
792 2123 832 2150 ut
857 2128 979 2150 omnes

302 2170 420 2211 avium
428 2183 529 2204 voces
539 2170 659 2204 auditu
667 2168 979 2215 perciperet.Apol-

301 2221 372 2256 lod.
387 2223 442 2256 III
454 2249 463 2266 ,
484 2233 544 2264 VI,
563 2235 592 2267 7.
610 2221 716 2266 Apud
734 2221 882 2266 Euripid
906 2221 940 2255 d.
956 2221 978 2256 l.

300 2275 362 2319 347
379 2300 387 2316 ‚
400 2273 498 2309 sedes
511 2273 632 2316 habet,
652 2274 711 2307 ubi
728 2278 979 2309 οἰωνοσκοπεῖ.-

299 2324 324 2359 J
327 2338 384 2359 am
396 2325 548 2359 breviter
563 2332 663 2359 notat
676 2337 792 2359 mores
807 2324 976 2368 Penthei,

300 2377 361 2422 qui
376 2377 420 2412 ad
437 2377 528 2412 hanc
543 2389 621 2411 rem
637 2376 872 2422 pertinebant,
891 2377 978 2410 Con-

299 2431 578 2474 temtorSuperum
588 2442 598 2464 ,’
607 2443 650 2464 ex
657 2432 818 2470 omnibus,
829 2441 870 2462 ex
879 2429 977 2462 omni

298 2481 429 2516 familia
448 2481 587 2516 Cadmi.
604 2480 734 2516 Caeteri
751 2480 976 2515 veneraban—

300 2542 359 2568 tur
374 2534 552 2570 Bacchum
564 2548 573 2570 :
584 2534 652 2569 vid.
663 2547 752 2569 vers.
769 2534 895 2578 564-
910 2534 976 2567 Te-

298 2589 414 2627 nebrae,
433 2594 473 2621 ut
487 2591 599 2631 σκότος,
614 2587 658 2622 de
669 2587 830 2623 caecitate.
840 2604 885 2613 ·—
895 2588 977 2621 Cla-

299 2641 372 2672 dem
384 2666 392 2679 ‚
411 2638 582 2673 damnum
595 2665 605 2682 ,
632 2639 726 2684 quod
743 2652 859 2685 passus
879 2645 953 2673 erat
964 2664 974 2682 ,

298 2691 375 2725 luce
400 2691 547 2726 ademta.
576 2692 690 2726 Aliter
716 2692 887 2727 Tiresiam
911 2691 975 2726 in-

298 2750 417 2788 crepat
431 2743 523 2788 apud
542 2743 698 2789 Euripid.
715 2745 778 2779 255
792 2756 866 2789 sqq.

1097 869 1116 902 5
1124 867 1171 902 16.
1181 868 1329 902 Mon-ns.
1341 866 1463 900 Motus
1472 872 1507 901 et
1519 864 1659 911 agitatio
1671 876 1730 899 ca-

1052 919 1131 965 pitis
1153 919 1293 964 signum
1318 917 1577 963 indignationis.
1607 916 1731 951 Movet

1052 980 1170 1007 autem
1187 971 1337 1006 Tiresias
1350 976 1511 1015 tempora,
1529 976 1565 1004 et
1585 968 1728 1014 quidem

1051 1024 1180 1059 senilia.
1208 1022 1280 1058 Sed
1295 1022 1331 1056 id
1354 1022 1514 1068 graphice
1535 1021 1699 1066 expressit
1716 1046 1726 1063 ,

1050 1078 1198 1110 albentia
1212 1078 1324 1115 canis,
1343 1082 1502 1120 tempora
1514 1086 1610 1109 cana.
1626 1078 1731 1108 Πολιοί

1050 1133 1199 1176 κρόταφοι.
1211 1129 1338 1164 Anacr.
1353 1128 1425 1164 Od.
1436 1129 1480 1163 56
1494 1142 1503 1171 ;
1519 1135 1555 1163 et
1565 1128 1673 1162 Hom.
1688 1127 1727 1162 ΙΙ.

1050 1188 1093 1225 Θ,
1109 1184 1127 1216 5
1134 1184 1172 1217 18
1180 1208 1190 1224 ‚
1201 1193 1301 1216 senes
1308 1188 1407 1215 vocat
1417 1180 1659 1230 πολιοκροτάφους
1668 1182 1727 1224 γε’-

1049 1252 1163 1285 ροντοες.
1179 1235 1350 1283 Tiresiam
1363 1260 1372 1276 ,
1390 1234 1450 1278 qui
1463 1240 1612 1278 quatuor
1625 1244 1727 1277 gene·

1050 1286 1243 1322 rationibus
1269 1292 1367 1331 post,
1393 1283 1543 1319 Eteoclis
1563 1290 1599 1318 et
1617 1283 1725 1330 Poly-

1050 1338 1134 1373 uicis
1147 1345 1305 1383 tempore
1318 1363 1328 1380 ,
1347 1335 1460 1371 adhuc
1470 1336 1552 1370 vixit
1562 1361 1571 1375 ‚
1590 1335 1663 1380 jam
1672 1347 1707 1369 se
1716 1354 1726 1359 -

1049 1404 1135 1426 nem
1143 1391 1222 1426 facit
1230 1398 1388 1435 tempore
1397 1389 1544 1425 Penthei
1549 1395 1726 1434 ,sequutus

1051 1444 1271 1490 Euripidem,
1283 1443 1375 1489 apud
1385 1455 1492 1488 quem
1501 1441 1626 1477 Bacch.
1637 1454 1724 1476 vers.

1049 1498 1126 1541 258,
1138 1496 1317 1531 Pentheus
1328 1495 1359 1530 ei
1374 1494 1495 1530 tribuit
1506 1502 1600 1544 γῆρας
1609 1496 1708 1528 πολύν
1719 1506 1726 1526 :

1047 1547 1116 1581 vid.
1133 1549 1277 1582 Barnes.
1295 1546 1339 1581 ad
1352 1559 1440 1581 vers.
1464 1546 1535 1591 178.
1558 1545 1606 1580 Et
1619 1557 1723 1580 com-

1049 1598 1155 1633 mode
1171 1598 1205 1632 h.
1218 1598 1240 1632 l.
1257 1597 1444 1632 senectutis
1459 1595 1593 1630 mentio
1608 1595 1668 1636 fit;
1684 1608 1723 1628 ea

1047 1652 1143 1686 enim
1164 1657 1262 1685 tanto
1287 1650 1457 1694 majorem
1483 1648 1721 1682 auctoritatem

1045 1704 1136 1747 vati,
1154 1710 1320 1747 tantoque
1333 1703 1506 1746 majorem
1523 1699 1632 1734 fidem
1648 1699 1724 1744 ejus

1045 1754 1217 1799 responsis
1247 1753 1461 1788 conciliabat.
1496 1752 1571 1787 Nee
1600 1758 1722 1786 tamen

1046 1807 1194 1840 omnino
1204 1804 1401 1851 spernenda
1413 1811 1464 1838 est
1475 1803 1582 1838 altera
1595 1803 1698 1838 lectio
1712 1829 1721 1845 ,

1043 1860 1192 1891 albentia
1210 1862 1356 1900 tempora
1375 1858 1489 1896 vitute,
1509 1854 1659 1889 maxime
1677 1854 1721 1888 ob

1045 1909 1136 1943 XIII
1150 1935 1159 1948 ‚
1177 1908 1241 1951 643
1259 1920 1268 1942 ε
1286 1909 1378 1942 Hac
1402 1907 1514 1940 Anius
1530 1908 1636 1940 nivet}
1650 1909 1722 1939 cir-

1043 1962 1201 1994 cumdala
1219 1964 1366 2003 lempora
1389 1961 1485 1992 vituli·
1511 1959 1720 1992 Concutiens.

1046 2013 1144 2046 Vitta
1169 2011 1266 2046 enim
1290 2010 1366 2044 alba
1391 2009 1558 2055 insignire
1591 2008 1722 2044 solebat

1044 2073 1203 2111 tempora
1219 2075 1401 2109 augurum.
1425 2081 1470 2089 -—
1491 2064 1605 2097 Canis.
1626 2061 1720 2096 zin-

1043 2119 1183 2164 zerling.
1201 2118 1238 2152 in
1262 2116 1435 2152 Promuls.
1453 2117 1470 2151 Ι
1483 2142 1493 2160 ,
1510 2129 1583 2161 cap.
1599 2119 1637 2151 51
1652 2141 1662 2159 ,
1680 2128 1721 2149 ex

1044 2170 1153 2205 MSS.
1169 2168 1311 2214 corrigit
1335 2171 1431 2202 vittis·
1444 2194 1453 2207 ,
1484 2166 1579 2212 quod
1596 2166 1719 2201 Hein-

1042 2224 1111 2259 sius
1129 2223 1293 2268 exemplis
1310 2222 1465 2256 illustrat.

1086 2279 1124 2311 51
1132 2291 1160 2322 7.
1176 2277 1283 2319 Quam
1284 2276 1378 2319 filit
1386 2286 1486 2309 esses.
1498 2273 1545 2307 Et
1556 2271 1599 2306 ad
1609 2271 1718 2306 risum

1042 2337 1077 2364 et
1093 2329 1136 2363 ad
1153 2328 1286 2363 cladem
1304 2327 1486 2362 oculorum
1506 2324 1618 2360 verbis
1637 2336 1718 2369 gra-

1040 2380 1185 2416 vissimis
1200 2378 1387 2425 respondet
1403 2384 1508 2412 vates.
1522 2375 1627 2422 Apud
1643 2375 1720 2409 Eu-

1040 2433 1141 2478 ripid.
1169 2432 1233 2466 358
1246 2457 1255 2473 ,
1288 2443 1360 2464 non
1384 2437 1515 2480 μαντικῇ
1535 2454 1545 2471 ,
1571 2427 1632 2463 sed
1659 2435 1719 2466 τοῖς

1040 2486 1214 2534 πράγμασιν
1227 2482 1369 2516 edoctus
1383 2487 1526 2515 veretur
1536 2506 1546 2523 ,
1562 2492 1608 2514 ne
1625 2479 1719 2514 Pen-

1041 2535 1142 2569 theus
1160 2535 1292 2569 luctum
1311 2533 1439 2567 inserat
1458 2531 1586 2567 Cadmi
1600 2529 1716 2564 domo.

1041 2586 1112 2622 Sed
1131 2586 1235 2621 Ovid.
1254 2585 1309 2620 vel
1327 2597 1434 2619 nexus
1451 2596 1551 2619 causa
1567 2582 1639 2616 haec
1649 2593 1718 2614 no-

1039 2638 1141 2673 vavit.
1152 2657 1197 2664 —-
1208 2639 1363 2671 Bac-chia
1378 2648 1487 2670 sacra.
1508 2633 1627 2668 Codex
1643 2633 1717 2666 Re-

1040 2691 1115 2736 gius
1125 2690 1157 2724 A
1168 2691 1303 2724 Baebia
1313 2694 1347 2722 et
1358 2700 1461 2733 supra
1471 2689 1504 2722 τὲ
1515 2685 1580 2720 iah
1591 2683 1715 2718 eadem

1040 2754 1150 2776 manu
1159 2740 1308 2785 reposita
1322 2739 1387 2773 suit
1399 2738 1498 2772 litera
1511 2750 1546 2778 c,
1561 2734 1654 2769 unde
1665 2733 1714 2768 le·
