1832 3100
245 252 333 295 216

641 254 694 295 P.
727 253 962 299 OVIDII
997 253 1286 300 NASONIS

250 345 383 412 Cepit
404 345 703 404 Atlantiades,
730 340 867 396 dictas
888 367 912 397 a
935 335 1112 397 Pallade
1137 360 1273 398 terras

251 423 462 489 Linquit,
488 434 531 470 et
554 422 800 486 ingreditur
817 425 988 489 jactatis
1011 414 1170 474 aethera
1191 426 1362 492 pennis.

1594 442 1661 477 835

250 495 436 543 Sevocat
458 495 575 543 hunc
600 495 798 558 genitor3
822 515 901 545 nec
925 514 1097 545 causam
1120 496 1261 545 fassus
1283 497 1442 545 amoris
1460 534 1472 555 ‚

253 593 276 614 «
304 571 411 620 Fide
433 572 653 631 minister,
679 573 759 631 ait,
781 572 1030 637 jussorum,
1055 584 1180 631 nate,
1205 592 1400 622 meorum
1416 612 1427 630 ‚

252 671 277 692 n
302 649 421 698 Pelle
443 669 631 709 moram,
658 650 879 716 solitoque
901 649 1014 698 celer
1036 649 1235 698 delabere
1259 669 1418 708 cursu3

252 754 278 776 ν»
303 733 502 799 Quaeque
526 745 645 781 tuam
669 745 849 782 matrem
872 732 1001 781 tellus
1023 752 1048 781 a
1070 745 1193 799 parte
1217 733 1396 782 sinistra

251 835 277 857 >›
306 814 522 880 Suspicit,
546 814 762 876 indigenae
784 814 995 862 Sidonida
1016 814 1195 862 nomine
1219 814 1373 862 dicunt
1389 852 1401 872 ,

1595 827 1663 873 ⁸4..

252 917 278 939 2»
306 896 434 944 Hanc
455 907 579 962 pete3
607 896 813 962 quodque
836 895 991 962 procul
1014 908 1225 945 montano
1249 896 1443 959 gramine
1464 895 1588 962 pasci

251 998 278 1020 ³>
304 977 566 1025 Armentum
586 976 729 1039 regale
752 977 895 1034 vides,
923 977 977 1025 ad
1000 976 1132 1026 litora
1157 988 1288 1026 verte.
1316 999 1338 1019 »

251 1057 403 1116 Dixit;
426 1069 470 1106 et
491 1057 663 1124 expulsi
683 1058 940 1123 jamdudum
962 1070 1112 1108 monte
1131 1059 1305 1124 juvenci

250 1203 383 1246 busque
394 1201 604 1237 carminibus
614 1201 782 1237 Eumelus
794 1229 803 1246 ,
818 1202 929 1237 Stesi-

250 1253 376 1289 chorus
387 1253 484 1288 etalii
493 1254 718 1289 celebrarant.
732 1255 783 1289 Ex
792 1255 831 1289 iis
841 1282 850 1297 ‚
869 1255 930 1301 qui

249 1313 395 1348 restant,
406 1304 475 1339 vid.
486 1305 610 1341 Anacr.
620 1305 690 1341 Od.
701 1317 798 1340 xxxv
810 1321 819 1349 ;
836 1307 929 1342 Mos-

251 1357 353 1399 chus,
374 1357 424 1392 Id.
441 1358 497 1398 11,
514 1359 602 1393 Hor.
622 1358 699 1401 ΙΙΙ,
719 1357 903 1393 Od.xxv11
917 1385 926 1401 ,

252 1409 385 1450 25—28;
409 1408 559 1444 Achilles
578 1410 656 1444 Tat.
673 1409 748 1444 init.
767 1409 928 1455 Apollod.

252 1460 309 1495 III
320 1487 329 1504 ,
349 1472 362 1494 1
373 1485 382 1503 ,
407 1473 420 1495 1
436 1475 444 1500 ;
460 1461 591 1507 Hygin.
605 1462 671 1496 fab.
686 1464 746 1507 178
757 1476 765 1504 ;
776 1462 928 1507 Palaeph.

251 1526 324 1558 cap.
338 1512 632 1557 16;Eratosth.14;
645 1513 927 1557 Nosterinsr.V1,

258 1565 321 1607 104
337 1577 410 1609 sqq.
430 1571 465 1598 et
479 1564 512 1596 V
537 1564 625 1599 Fast.
641 1591 651 1608 ,
667 1565 742 1599 605.
768 1565 928 1609 Fulgent.

252 1615 369 1662 Myth.
397 1631 410 1650 1
427 1642 436 1659 ,
458 1622 576 1661 putat,
605 1616 783 1662 Europam
799 1630 819 1650 a
839 1617 927 1651 Jove

253 1674 389 1712 raptam
400 1680 470 1702 esse
483 1667 518 1701 in
529 1681 615 1702 nave
631 1694 640 1711 ,
659 1681 735 1713 quae
752 1668 842 1702 tauri
853 1669 927 1713 pic-

253 1717 371 1753 turam
390 1718 560 1754 habuerit.
576 1719 792 1764 Palaephatus
811 1727 929 1754 autem

254 1778 391 1813 narrat,
407 1770 579 1805 Gnosium
589 1771 776 1815 quemdam
788 1797 797 1815 ,
811 1772 930 1805 nomi-

253 1837 300 1858 ne
318 1824 498 1867 Taurum,
524 1837 543 1858 e
563 1824 660 1871 Tyro
681 1825 831 1869 rapuisse
854 1831 929 1858 tum

255 1875 335 1910 alias
352 1875 480 1921 puellas
491 1902 500 1919 ,
519 1882 595 1910 turn
612 1876 783 1920 virginem
799 1876 931 1921 regiam

257 1927 447 1972 Europam.
474 1946 518 1954 —-·
540 1927 685 1973 Agenor
707 1935 823 1962 autem
850 1927 933 1962 vixit

255 1979 377 2014 saecula
387 1979 522 2014 circiter
529 1979 727 2024 quindecim
737 1986 815 2014 ante
826 1992 932 2014 aeram

260 2031 507 2066 Christianam.
517 2051 560 2059 —-
569 2034 644 2066 Has
651 2035 717 2067 ubi.
727 2035 804 2067 Has
816 2032 933 2067 Hein-

257 2086 326 2120 sius
340 2086 468 2119 mutari
486 2086 620 2120 volebat
636 2086 672 2119 in
688 2099 781 2130 quas.

302 2138 376 2172 336.
391 2140 536 2172 Causam
539 2137 663 2180 fassus
673 2141 806 2172 amoris.
817 2139 931 2173 Fran-

258 2189 330 2223 cius
346 2189 495 2223 malebat
505 2188 766 2232 causamfassus
780 2203 932 2224 amorem.

258 2259 303 2268 -—
313 2242 424 2275 Causa
432 2244 555 2275 amoris
565 2267 572 2280 ,
587 2253 686 2274 amor
695 2266 704 2283 ,
716 2248 754 2274 ut
765 2242 818 2276 IV
829 2267 838 2284 ,
852 2245 932 2288 5193

259 2305 366 2335 causa
385 2295 506 2326 'veneni
522 2292 636 2337 ipsum
662 2305 849 2326 venenum.
875 2292 934 2327 Sic

260 2357 378 2379 carere
390 2357 570 2389 possumus
579 2345 779 2388 conjectura
787 2345 934 2379 Francii.

305 2398 381 2444 839.
414 2400 560 2442 Qua-que
584 2398 686 2431 7uam.
722 2397 791 2431 Hic
816 2410 934 2432 versus

260 2447 359 2482 valde
377 2449 509 2483 vexavit
527 2450 738 2494 Interpretes
749 2476 758 2493 ,
783 2462 934 2494 quorum

260 2500 422 2534 nonnulli
439 2514 479 2534 ex
496 2501 703 2546 astrologicis
718 2500 804 2535 adeo
819 2501 934 2535 ratio-

261 2553 364 2587 nibus
380 2567 460 2588 eum
479 2554 698 2600 interpretari
714 2555 828 2589 conati
842 2561 933 2589 sunt.

261 2621 306 2629 —-
321 2606 433 2638 Mater
448 2605 616 2639 Mercurii
630 2632 639 2648 ‚
660 2606 754 2639 Maia
771 2632 781 2649 ‚
808 2619 878 2639 una
895 2619 935 2640 ex

264 2654 461 2690 Pleiadibus
470 2683 479 2699 ,
491 2670 566 2701 quae
577 2657 690 2691 locum
700 2670 802 2691 suum
813 2664 936 2692 tenent

262 2708 299 2742 in
313 2709 423 2753 capite
442 2710 571 2753 Tauri,
597 2710 655 2755 qui
673 2710 800 2745 circulo
820 2710 935 2755 aequi-

262 2760 401 2797 noctiali
409 2760 876 2807 dividitur‚Phoenicibusque
884 2768 936 2797 est

993 1201 1219 1237 meridionale
1231 1200 1335 1237 sidus.
1344 1201 1565 1236 —S1‘dom‘da.
1577 1200 1665 1236 Nos·

993 1257 1036 1291 tri
1056 1255 1203 1291 Codices
1216 1281 1226 1299 ,
1249 1256 1404 1295 Sidonia,
1421 1254 1523 1289 male.
1541 1255 1607 1289 Ed.
1623 1272 1668 1280 —-
1715 1271 1719 1280 ·

994 1310 1155 1344 Sidonida
1166 1309 1208 1343 ab
1217 1309 1302 1343 urbe
1313 1308 1457 1354 capitali.
1473 1308 1529 1343 Ab
1540 1308 1667 1343 Anacr-

995 1361 1067 1396 od.
1083 1372 1180 1396 xxxv
1193 1386 1202 1404 ,
1228 1360 1248 1393 3
1262 1386 1271 1403 ,
1294 1360 1434 1406 Europa
1449 1366 1593 1394 vocatur
1607 1366 1667 1395 Σι-

996 1419 1078 1455 ὼνιή
1096 1420 1180 1458 γυνὴ.
1199 1431 1242 1440 --
1257 1414 1400 1448 &hisnu
1410 1425 1493 1457 pars
1506 1425 1603 1448 nunc
1617 1419 1668 1448 est

993 1465 1232 1500 meridionalis
1244 1491 1253 1508 ,
1276 1471 1311 1499 et
1339 1463 1563 1510 cogitandum
1589 1470 1642 1498 est
1657 1489 1667 1507 ,
1680 1509 1683 1512 ἱ

994 1520 1018 1554 J
1020 1531 1135 1561 ovem,
1147 1530 1255 1563 quum
1262 1518 1334 1553 haec
1342 1517 1522 1552 Mercurio
1528 1515 1668 1551 manda-

994 1575 1029 1603 ta
1045 1568 1143 1602 daret
1154 1594 1163 1610 ,
1183 1568 1314 1603 stetisse
1331 1568 1431 1602 vultu
1446 1566 1491 1601 ad
1505 1566 1670 1602 occiden-

994 1627 1067 1655 tem
1077 1631 1186 1653 versO.
1199 1619 1258 1653 Sic
1267 1619 1386 1652 omnia
1402 1619 1488 1652 mihi
1503 1618 1606 1664 plana
1620 1617 1670 1651 vi-

994 1670 1167 1705 debantur
1181 1682 1189 1703 z
1217 1669 1374 1714 judicent
1395 1676 1514 1703 tamen
1539 1669 1606 1702 alii.
1626 1687 1671 1694 --

995 1722 1147 1765 Spectare
1168 1727 1287 1755 autem
1304 1727 1406 1755 terrae
1423 1720 1588 1755 dicuntur
1605 1732 1671 1754 re—

996 1773 1136 1818 gionem
1153 1785 1231 1807 eam
1244 1798 1253 1816 ,
1282 1772 1318 1806 in
1339 1784 1445 1817 quam
1465 1777 1616 1817 vergunt
1635 1778 1672 1805 et

995 1824 1242 1859 extenduntur.
1255 1824 1312 1859 Sic
1326 1824 1398 1858 Liv.
1412 1823 1592 1866 XXXIII,
1615 1835 1670 1867 17:

995 1877 1195 1912 Acarnania
1209 1879 1340 1920 spectat
1358 1877 1461 1909 solem
1476 1876 1672 1909 occidenta-

994 1929 1069 1962 lem.
1080 1928 1207 1963 Noster
1222 1934 1339 1962 autem
1353 1939 1416 1972 pro
1429 1931 1579 1970 spectare
1587 1924 1671 1960 dixit

995 1984 1178 2023 suspicere,
1199 1979 1278 2024 quia
1294 1979 1406 2013 sidera
1421 1979 1459 2013 in
1480 1978 1550 2012 alto
1564 1983 1667 2020 sunt;

996 2043 1081 2064 nam
1094 2034 1258 2076 suspicere
1271 2037 1322 2065 est
1336 2041 1474 2065 sursum
1484 2056 1494 2073 ,
1509 2030 1547 2064 in
1562 2029 1671 2064 altum

996 2090 1160 2128 spectare.
1170 2082 1306 2117 Contra
1314 2081 1438 2116 Senec.
1451 2080 1572 2126 OEdip.
1583 2093 1671 2116 vers.

997 2135 1062 2180 476
1072 2145 1080 2166 :
1096 2137 1249 2179 Quasque
1258 2134 1341 2179 (gen
1347 2132 1414 2179 tes)
1425 2135 1597 2177 despectat
1604 2146 1672 2167 ver-

997 2190 1062 2221 tice
1071 2200 1197 2221 summo
1208 2187 1308 2220 Sidus
1318 2188 1512 2221 Arcadium.
1526 2185 1673 2220 Sensus:

997 2239 1098 2273 tellus
1109 2264 1118 2282 ,
1134 2250 1211 2283 quae
1222 2237 1421 2272 extenditur
1428 2249 1547 2272 versus
1557 2236 1674 2272 Pleia-

998 2290 1058 2325 das
1069 2317 1079 2333 ‚
1096 2303 1157 2325 seu
1173 2289 1367 2324 meridiem.
1378 2307 1422 2314 —
1443 2290 1549 2329 Verte,
1562 2287 1668 2332 abige.

999 2342 1121 2388 virgil.
1147 2340 1288 2376 AEneid.
1311 2341 1328 2375 I
1342 2366 1352 2385 ,
1376 2342 1439 2375 528
1467 2353 1475 2374 :
1503 2341 1555 2373 ad
1571 2341 1670 2373 litora

998 2401 1121 2430 vertere
1140 2397 1284 2439 proedas.

1041 2448 1115 2490 843.
1122 2448 1327 2481 ‚Iamdudum
1333 2471 1342 2485 ,
1356 2444 1524 2479 continuo
1533 2469 1543 2487 ,
1553 2450 1593 2478 ut
1600 2443 1652 2478 XI
1660 2470 1669 2484 ,

998 2499 1073 2541 482.
1086 2516 1131 2523 —-
1144 2499 1303 2541 Expulsi,
1323 2496 1442 2530 abacti.
1465 2494 1587 2530 Graece
1605 2496 1671 2539 ι’ζε-

997 2553 1124 2586 ludum.
1138 2550 1196 2585 Sic
1211 2549 1331 2596 virgil.
1345 2549 1416 2584 Ecl.
1433 2550 1450 2584 I
1461 2575 1472 2593 ,
1491 2563 1531 2585 22
1543 2574 1554 2593 ,
1567 2550 1672 2592 depel-

997 2606 1064 2637 lere
1074 2630 1082 2643 ‚
1104 2602 1183 2638 Cul.
1200 2605 1243 2647 44
1256 2629 1265 2646 ,
1287 2604 1477 2647 propellere.
1491 2620 1535 2628 —
1553 2602 1676 2644 Magni

997 2660 1099 2701 regit,
1130 2656 1300 2702 Agenoris
1322 2669 1330 2690 ε
1352 2667 1492 2700 magnus
1515 2654 1667 2698 Agenor,

999 2710 1132 2744 Seneca
1145 2735 1154 2753 ,
1175 2709 1294 2755 OEdip.
1310 2711 1370 2756 715
1381 2723 1390 2751 ;
1403 2709 1550 2743 Homer.
1567 2706 1608 2741 ll.
1625 2709 1667 2746 Ξ,

1000 2763 1061 2797 321
1076 2776 1085 2805 ;
1098 2769 1151 2806 et,
1165 2769 1205 2796 ut
1215 2775 1256 2796 ex
1270 2761 1385 2796 Schol.
1401 2759 1445 2795 ad
1460 2759 1562 2802 ltu,
1580 2759 1642 2805 397
1659 2783 1667 2801 ,
