1832 3100
419 229 1130 274 METAMORPHOSEON
1157 231 1300 274 LIB.
1346 231 1385 274 Ι.

1535 244 1610 273 101

184 323 636 391 Temporavcingebat
659 323 713 372 de
739 323 940 390 qualibet
963 323 1120 372 arbore
1143 324 1357 373 Phoebus.

251 402 354 451 Vll.
390 402 568 450 Primus
589 421 715 450 amor
738 402 899 451 Phoebi
924 401 1115 468 Daphne
1135 402 1324 460 Peneia;
1354 421 1488 468 quem
1507 420 1600 450 non

185 480 301 528 Fors
323 479 478 544 ignara
501 480 645 539 dedit,
671 479 748 529 sed
774 499 885 528 saeva
910 479 1149 546 Cupidinis
1172 479 1250 528 ira.

187 561 346 611 Delius
369 562 489 612 hunc
510 582 678 630 nuper,
703 562 818 611 victa
842 573 1044 629 serpente
1070 561 1317 628 superbus,

188 644 372 694 Viderat
393 644 585 694 adducto
607 645 855 694 flectentem
875 664 1042 693 cornua
1066 663 1203 696 nervo
1221 664 1231 692 :

1557 655 1626 701 45⁵

195 749 218 771 «
241 727 455 794 Quidque
480 727 586 787 tibi,
611 727 770 777 lascive
791 747 927 795 puer,
954 746 1054 776 cum
1074 726 1271 776 fortibus
1295 725 1465 774 armis?

233 870 401 916 452-567.
418 872 552 906 Primui·
565 884 662 906 amor
673 872 798 907 Pbaebi
809 877 874 906 etc.

190 921 320 968 Apollo
337 929 431 958 amat
446 921 637 969 Daphnem
650 950 659 967 ‚
680 923 876 971 nympham

188 975 478 1010 formosissimam
491 990 499 1018 ;
518 988 596 1021 quae
613 988 725 1021 quum
739 976 878 1022 sugeret

188 1026 353 1062 instantis
363 1027 440 1072 ejus
452 1027 630 1073 amplexus
641 1054 650 1071 ‚
668 1041 687 1062 a
703 1034 802 1073 patre
816 1038 876 1062 cu-

190 1078 247 1125 jus
273 1091 379 1125 opem
407 1079 617 1126 implorabat
631 1107 640 1124 ,
673 1081 710 1115 in
736 1080 877 1114 laurum

189 1143 358 1166 conversa
368 1139 432 1167 est.
451 1132 548 1167 Hinc
561 1133 701 1168 laurum
717 1145 816 1167 suam
830 1133 878 1167 se-

190 1183 239 1219 cit
266 1183 393 1230 Apollo
422 1184 587 1219 arborem
604 1211 614 1228 ,
652 1184 754 1230 eique
781 1183 878 1219 dedit

190 1248 328 1271 nomen
346 1238 456 1285 δάφνη.
482 1236 539 1272 Cs.
559 1237 691 1285 Hygin-
715 1238 782 1272 sab.
802 1238 877 1272 203.

192 1289 364 1325 Fabulam
374 1290 459 1326 inde
470 1298 591 1326 natam
601 1291 771 1337 putabant
783 1303 879 1326 non—

192 1342 298 1387 nulli,
317 1343 414 1390 quod
434 1343 563 1390 Apollo
578 1344 737 1380 docuerit
753 1344 878 1380 homi-

193 1409 258 1433 nes
280 1397 439 1443 plantare
455 1397 608 1434 laurum.
634 1398 726 1433 Vide
748 1398 878 1433 Euseb.

194 1449 384 1496 Praeparat.
402 1449 538 1496 Evang.
554 1452 590 1486 11
602 1476 612 1494 ,
634 1463 662 1486 1.
685 1451 808 1485 Potius
825 1450 880 1485 vi-

193 1501 299 1538 detur
325 1501 420 1537 lusus
449 1502 606 1548 poeticus
633 1515 718 1537 esse.
756 1503 878 1538 Poetae

191 1555 291 1590 enim
300 1580 311 1599 ‚
324 1568 435 1600 quum
446 1556 593 1591 nomina
604 1555 765 1601 quaedam
776 1556 878 1601 puel-

189 1605 231 1642 lis
243 1607 452 1655 :lymphisve
472 1621 555 1643 cum
575 1607 702 1654 plantis
717 1621 876 1643 commu-

191 1658 252 1693 nia
266 1666 402 1704 essent,
419 1659 518 1695 facile
540 1671 583 1694 eo
600 1659 727 1695 deduci
744 1667 877 1706 potue-

191 1719 295 1756 runt,
314 1720 354 1748 ut
369 1713 443 1748 illas
458 1713 496 1748 in
510 1712 572 1748 has
589 1720 741 1748 mutatas
755 1713 878 1759 finge-

192 1773 294 1810 rent,
312 1765 511 1812 Daphnen'
501 1779 539 1802 m
551 1765 692 1801 laurum
705 1765 856 1814 (δάφνην)
867 1792 878 1811 ,

194 1792 404 1867 Myriham
395 1833 432 1855 in
444 1819 629 1868 myrrham
639 1819 802 1855 arborem
813 1826 879 1854 etc.

194 1869 376 1906 Ridiculus
385 1884 470 1906 vero
477 1879 529 1906 est
538 1871 563 1905 J
565 1884 615 1906 ac
616 1869 809 1913 -a-Cruce‚
820 1870 881 1915 qui

193 1935 259 1969 per
266 1923 469 1969 Apollinem
481 1923 692 1970 Augustum,
696 1922 880 1969 perDaph.

196 1973 332 2010 Liviam
355 1975 540 2022 intelligit,
569 1988 647 2021 quae
670 2002 679 2019 ‚
712 1982 881 2019 tanquam

194 2026 334 2070 laurus,
368 2028 496 2070 sterilis
519 2027 637 2063 suerit.
664 2027 696 2062 A
721 2027 883 2061 Diodoro

198 2078 324 2124 Epaita
332 2079 423 2115 hanc
432 2080 500 2114 sab.
509 2086 693 2114 tractatam
702 2092 789 2123 esse,
803 2091 885 2113 nar-

197 2131 288 2166 ravit
298 2130 511 2166 Parthenius
520 2131 558 2165 in
568 2130 730 2174 Eroticis,
742 2143 815 2176 cap.
824 2142 882 2167 xv.

198 2182 331 2218 Noster
342 2209 352 2227 ,
371 2183 432 2228 qui
449 2183 556 2218 rebus
573 2183 752 2218 amatoriis
767 2183 885 2218 delec-

197 2235 339 2271 tabatur
347 2261 358 2279 ,
371 2234 429 2271 hic
442 2235 587 2271 indulsit
597 2235 740 2282 ingenio
750 2262 759 2280 ‚
772 2236 885 2271 multa

196 2288 541 2335 petulanterscripsit
551 2315 561 2332 ,
569 2288 669 2334 plura
677 2289 884 2325 etiamhaud

197 2340 303 2378 dubie
318 2339 392 2387 ipse
411 2340 558 2376 invenit.
577 2340 765 2376 Traditum
785 2354 886 2377 acce-

197 2401 310 2441 perat,
321 2393 525 2440 Apollinem
535 2401 713 2429 amantem
724 2407 799 2429 non
811 2407 886 2430 esse

197 2445 422 2480 reclamatum
432 2445 636 2494 aNympha.
650 2446 691 2482 ld
706 2445 886 2481 exornavit

198 2496 404 2532 inventione
419 2496 496 2540 illa,
516 2510 622 2543 quam
639 2499 815 2543 452—502‚
834 2499 886 2533 in-

199 2549 377 2593 venimus,
388 2562 456 2595 qua
466 2549 522 2585 hic
532 2551 674 2598 mythus
683 2551 886 2597 triplicivin-

199 2604 279 2640 culo
294 2604 468 2650 superiori
486 2603 694 2641 adnectitur.
708 2625 752 2634 -
772 2608 887 2651 Quem.

200 2656 349 2692 Obrecti
368 2655 490 2691 Codex
502 2670 610 2702 quam.
625 2675 671 2684 —
687 2660 798 2694 Amor
812 2659 887 2694 du-

201 2709 281 2755 plici
299 2722 423 2750 sensu3
449 2722 533 2744 nam
550 2717 586 2745 et
602 2717 755 2745 amatam
770 2711 888 2757 signi-

204 2760 283 2796 ficat
295 2787 305 2806 ‚
340 2768 375 2799 et
403 2774 561 2796 amorem
574 2788 586 2807 ‚
609 2775 716 2809 quem
747 2762 889 2809 Cupido

941 872 1050 913 dedu,
1078 869 1237 905 irritavit.
1260 887 1305 895 —
1321 871 1449 904 Peneia
1459 895 1467 909 ‚
1496 867 1632 911 Penei,

942 923 1133 959 Thessaliae
1144 922 1242 957 fluvii
1255 921 1316 968 (de
1331 934 1401 967 quo
1415 920 1458 955 ad
1471 933 1518 955 vs.
1531 920 1609 967 569)
1620 945 1630 962 ,

941 976 1023 1011 filia.
1047 975 1117 1010 Alii
1141 987 1227 1010 vero
1240 1001 1249 1018 ,
1275 981 1315 1009 ut
1340 973 1456 1009 Schol.
1480 973 1631 1007 Homer.

942 1027 985 1061 ad
1003 1027 1042 1062 Il.
1061 1032 1107 1071 A,
1131 1029 1188 1070 14,
1208 1026 1385 1072 Daphnen
1403 1025 1535 1060 faciunt
1552 1024 1638 1057 La—⁴

943 1079 1045 1114 donis
1063 1079 1171 1114 filiam
1186 1106 1195 1123 ,
1223 1079 1283 1124 qui
1303 1085 1355 1113 est
1371 1076 1531 1113 Arcadiae
1552 1076 1631 1110 ssu-

942 1132 1019 1167 vius
1036 1145 1043 1167 τ
1062 1131 1141 1166 vide
1161 1131 1203 1166 ad
1222 1145 1310 1167 vers.
1328 1143 1401 1176 701.
1414 1131 1544 1166 Noster
1559 1141 1631 1163 me·

943 1185 1030 1228 lius3
1050 1184 1177 1231 Apollo
1189 1184 1285 1220 enim
1299 1211 1309 1228 ,
1327 1183 1493 1232 Pythone
1509 1183 1631 1217 inter-

943 1238 1035 1273 secto
1045 1264 1054 1279 ‚
1084 1237 1121 1271 in
1150 1237 1288 1283 Tempe
1312 1236 1413 1272 latuit
1426 1262 1435 1280 ,
1464 1248 1527 1281 per
1553 1246 1631 1280 quae

943 1293 1074 1326 Peneus
1096 1290 1233 1325 labitur.

989 1343 1064 1387 453.
1079 1344 1162 1378 Fors
1178 1346 1318 1387 ignara,
1342 1354 1431 1377 caeca
1446 1368 1456 1386 ‚
1486 1341 1607 1387 ignota
1620 1367 1631 1384 ,

943 1397 999 1429 ein
1015 1397 1147 1429 blinder
1158 1395 1289 1439 Zusall.
1306 1393 1353 1429 Et
1359 1394 1440 1438 fors
1455 1395 1549 1427 dedit
1563 1393 1632 1426 sor-

944 1447 1040 1482 mula
1068 1447 1233 1482 solemnis
1259 1447 1302 1482 de
1334 1447 1376 1481 iis
1387 1474 1396 1491 ,
1423 1459 1502 1492 quae
1525 1459 1607 1481 casu
1620 1471 1630 1488 ,

943 1501 1033 1537 sorte
1047 1502 1189 1536 fortuna
1199 1527 1208 1545 ,
1220 1501 1402 1536 eveniunt:
1415 1499 1493 1534 vide
1506 1498 1632 1534 Heins.

943 1573 987 1581 -—-
1002 1555 1111 1595 Χῶνα,
1139 1561 1229 1605 πικρὴ
1240 1580 1249 1598 ,
1277 1554 1431 1588 refertur
1456 1552 1499 1587 ad
1526 1552 1630 1587 ulcis-

943 1606 1047 1641 cendi
1069 1606 1237 1642 studium.
1262 1624 1307 1632 --
1333 1607 1450 1640 Dedit.
1485 1605 1632 1640 Obrect.

947 1659 1143 1706 Cod.ser1't.
1158 1661 1266 1696 Male.

989 1715 1064 1758 454.
1083 1715 1248 1758 Superbus
1262 1713 1404 1760 proprie
1422 1712 1464 1747 de
1481 1711 1631 1747 victori-

945 1767 1010 1803 bus
1023 1781 1031 1802 :
1048 1767 1127 1802 vide
1141 1768 1260 1815 Heyn.
1271 1767 1312 1802 ad
1326 1767 1426 1812 Virg.
1438 1765 1581 1800 AEneid.
1594 1766 1611 1800 1
1622 1791 1632 1808 ,

947 1833 1001 1855 αι.
1021 1821 1131 1855 Hunc
1148 1820 1262 1866 ipsum
1282 1819 1506 1865 Apollinem,
1525 1818 1633 1852 victo-

947 1872 998 1906 ria
1006 1871 1071 1907 hac
1081 1872 1344 1917 superbientem
1356 1897 1365 1914 ,
1382 1869 1554 1916 Apollinis
1565 1870 1633 1903 Va-

948 1924 1052 1959 ticani
1062 1931 1176 1959 statua
1186 1925 1318 1958 referre
1331 1922 1486 1958 creditur
1496 1921 1634 1957 :Win-

948 1976 1130 2011 kelmanni
1148 1976 1241 2011 Hist.
1259 1975 1337 2011 Art.
1352 1989 1385 2021 p.
1402 1976 1493 2023 392⁴

992 2029 1067 2071 455.
1100 2027 1262 2062 Adducto
1266 2053 1326 2062 ......
1357 2039 1465 2061 nervo.
1496 2025 1633 2061 Arcum

948 2080 1169 2116 tendentem.
1192 2080 1266 2116 Sed
1280 2080 1355 2116 haec
1371 2087 1407 2115 et
1422 2080 1503 2115 talia
1518 2080 1634 2115 solent

948 2140 1061 2179 poetae
1070 2159 1080 2177 ,
1092 2133 1271 2168 tenuitatis
1280 2132 1430 2168 vitandae
1442 2145 1543 2168 causa
1553 2160 1562 2176 ,
1577 2146 1634 2167 or-

948 2194 1030 2222 nate
1056 2187 1194 2222 efferre.
1227 2187 1372 2221 Adduci
1396 2198 1481 2222 vero
1506 2186 1636 2221 dicitur

949 2253 1051 2276 arcus
1063 2267 1072 2284 ,
1097 2253 1209 2286 quum
1223 2239 1391 2275 tenditur.
1410 2239 1503 2284 Quae
1516 2240 1635 2285 sequi-

949 2299 1009 2327 tur
1017 2293 1141 2337 oratio,
1154 2299 1385 2337 attemperata
1399 2298 1451 2327 est
1463 2292 1636 2337 superbiae

948 2345 1111 2387 victoris3
1137 2344 1324 2390 magnifice
1342 2344 1386 2379 de
1402 2358 1438 2379 se
1455 2344 1610 2389 loquitur
1622 2370 1632 2388 ,

948 2397 1159 2433 contemtim
1177 2397 1220 2432 de
1238 2396 1375 2432 aemulo.

995 2452 1070 2495 456.
1097 2452 1214 2485 Fortia
1243 2464 1349 2485 arma.
1377 2449 1508 2484 Gravia
1519 2476 1528 2491 ,
1556 2462 1635 2495 quae

950 2514 1025 2537 non
1043 2502 1109 2537 nisi
1125 2515 1144 2536 a
1158 2502 1308 2536 sortibus
1321 2500 1403 2536 viris
1415 2507 1610 2536 tractantur
1623 2528 1634 2546 ‚

952 2562 992 2589 ut
1003 2568 1113 2590 arcus.
1125 2553 1197 2588 Sed
1209 2561 1243 2588 et
1258 2553 1398 2599 Cupido
1409 2559 1462 2589 est
1474 2560 1615 2595 τοςευτὴς
1624 2579 1634 2598 ,

952 2615 993 2643 ut
1006 2613 1150 2642 vocatur
1164 2619 1183 2641 a
1198 2605 1355 2642 Colutho
1370 2619 1459 2642 vers.
1476 2619 1528 2655 29.
1555 2606 1636 2641 Re-

952 2659 1061 2705 spexit
1071 2665 1190 2694 autem
1200 2658 1295 2694 hunc
1305 2666 1421 2694 totum
1431 2658 1494 2693 loc.
1509 2658 1636 2694 Senec.

954 2711 1099 2757 Hippol.
1113 2714 1176 2757 275
1189 2724 1262 2757 sqq.
1275 2713 1640 2755 :Istelasc1tsuspuer...

952 2765 1021 2798 tela
1036 2776 1137 2809 quam
1150 2767 1240 2799 cerlo
1252 2765 1445 2799 moderatur
1455 2776 1536 2799 amu
1552 2769 1619 2799 ete.
