1832 3100
363 249 1079 297 METAMORPHOSEON
1110 253 1244 297 LIB.
1279 253 1318 296 1.

1477 265 1553 294 121

117 345 283 396 Naides
307 345 541 408 ignorant,
567 344 748 408 ignorat
772 357 817 394 et
838 345 1149 412 Inachusjpse
1166 382 1178 403 ‚

119 425 234 488 Quae
255 422 315 471 sit
334 435 411 472 :.at
432 422 507 471 illa
534 435 705 490 patrem
729 422 952 490 sequitur,
979 422 1272 489 sequiturque
1295 440 1496 481 sorores,

117 502 179 550 Et
199 500 371 568 patitur
393 501 538 565 tangi,
565 520 699 569 seque
725 499 1048 550 admirantibus
1073 497 1219 547 offert.

117 580 363 647 Decerptas
379 579 535 629 senior
557 591 817 648 porrexerat
837 577 1030 627 Inachus
1051 576 1241 634 herbas;

1494 590 1562 636 645

118 656 202 706 Illa
221 676 381 706 manus
405 657 584 717 lambit,
610 658 857 725 patriisque
884 656 959 705 dat
980 655 1134 705 'oscula
1157 654 1345 723 palmis;

117 735 211 784 Nec
236 734 399 784 retinet
415 734 618 784 lacrimas
638 756 648 784 ε
676 747 746 794 et,
775 735 812 784 si
839 734 975 784 modo
999 735 1135 784 verba
1159 745 1429 801 sequantur,

117 817 231 866 Oret
255 836 413 884 opem;
439 836 874 888 nomenquersuum,
901 836 1117 884 casusque
1135 816 1362 883 loquatur.

114 899 267 949 Litera
287 919 372 967 pro
397 899 567 960 verbis,
595 920 729 968 quam
755 919 837 968 pes
861 901 909 948 in
930 899 1113 967 pulvere
1138 899 1294 959 duxit,

115 982 333 1050 Corporis
354 982 570 1031 indicium
593 983 754 1032 mutati
779 983 905 1032 triste
929 983 1116 1051 peregit.

1489 995 1560 1030 650

118 1087 142 1109 «
167 1067 247 1114 Me
268 1065 503 1115 miserum!
526 1089 548 1109 ι)
577 1065 792 1116 exclamat
806 1079 933 1133 pater
947 1066 1140 1116 Inachus
1155 1085 1165 1124 3
1182 1066 1320 1133 inque
1341 1065 1558 1129 gementis

116 1149 366 1208 Cornibus,
388 1161 433 1199 et
454 1149 591 1198 niveae
615 1149 815 1216 pendens
834 1150 1001 1198 cervice
1021 1150 1216 1215 juvencae
1230 1187 1242 1207 ‚

119 1254 142 1275 «
171 1233 248 1281 Me
267 1231 499 1281 miserum!
523 1232 798 1295 ingeminat:
822 1245 928 1281 tune
953 1252 1000 1282 es
1025 1232 1209 1300 quaesita
1229 1251 1310 1299 per
1334 1250 1507 1289 omnes,

122 1336 145 1357 »
168 1314 306 1372 Nata,
330 1313 443 1362 mihi
467 1315 644 1362 terras?
669 1326 718 1362 tu
742 1333 835 1362 non
854 1314 1032 1363 inventa
1054 1327 1231 1381 reperta

123 1419 146 1440 »
173 1398 344 1446 Luctus
367 1416 465 1446 eras
487 1396 657 1446 levior:
690 1397 848 1447 retices
863 1435 875 1457 ‚
899 1417 981 1446 nec
1004 1409 1160 1447 mutua
1179 1395 1347 1446 nostris

157 1533 235 1578 642.
265 1533 397 1571 Naides
418 1558 428 1575 ,
461 1545 600 1568 sorores
613 1558 623 1577 ,
655 1533 800 1579 reliquae

111 1584 234 1620 Inachi
261 1583 351 1620 filiae.

153 1637 230 1681 644.
271 1638 541 1672 Admiranlibus.
580 1637 801 1673 Admirantur

109 1689 230 1724 omnia
242 1715 253 1733 ,
270 1701 350 1735 quae
365 1689 527 1724 animum
542 1697 704 1725 nostrum
718 1704 799 1737 per-

108 1742 259 1778 cutiunt.

151 1794 228 1839 645.
240 1794 360 1829 Senior
366 1795 515 1829 Inachus
525 1808 535 1830 :
544 1794 624 1830 vide
634 1794 678 1830 ad
685 1796 795 1831 v.580.

151 1847 226 1894 647.
250 1847 447 1891 Sequuntur.
467 1845 583 1882 codd.
601 1848 646 1883 R.
668 1848 712 1883 A.
729 1861 796 1883 su-

100 1901 243 1943 persint.
267 1916 312 1924 -
337 1899 440 1944 Sequi
462 1899 644 1945 eleganter
668 1900 798 1935 dicitur

108 1963 187 1996 quae
202 1950 301 1986 facile
313 1950 446 1987 cedunt
459 1951 631 1987 voluntati
644 1952 797 1987 alterius.

106 2003 164 2039 De
179 2004 293 2039 verbis
311 1998 439 2050 legitur
457 2005 564 2040 etiam
578 2032 588 2050 ,
607 2006 698 2040 Met.
715 2006 768 2040 XI
783 2032 794 2049 ,

105 2057 148 2092 32
153 2071 170 2102 7
181 2066 190 2088 ἓ
199 2058 333 2101 Lingua
339 2062 433 2091 lace!
437 2069 449 2100 ,·
459 2070 522 2092 nec
526 2070 595 2091 vox
603 2062 796 2102 tentataque

105 2112 403 2154 verbascquunlur.
414 2109 538 2156 Virgil.
546 2109 688 2145 AEneid.
700 2110 772 2146 XII
783 2137 792 2155 ,

105 2174 145 2209 9¹
153 2175 172 2195 2
185 2170 194 2193 ε
212 2163 289 2196 Non
301 2173 437 2205 corpore
449 2166 540 2196 nola·
550 2161 731 2208 Sufficiunt
741 2166 796 2197 vi·-

104 2225 176 2254 res‚
213 2225 276 2247 nec
302 2226 372 2248 voa·
394 2218 457 2247 aut
476 2215 580 2247 verba
601 2219 792 2259 sequunlur.

104 2264 257 2308 Statius,
276 2264 390 2300 Theb.
408 2265 461 2300 XI
473 2291 483 2310 ‚
500 2266 566 2300 502
580 2278 587 2300 :
604 2268 678 2303 Nec
692 2269 794 2302 verba

103 2319 162 2351 diu
177 2321 310 2351 lentata
322 2321 514 2362 sequuntur.
543 2316 610 2351 Ed.

147 2370 223 2418 649.
242 2371 358 2405 Lite-ra
377 2377 442 2406 etc.
459 2370 594 2417 Regius
621 2371 767 2417 putabat
779 2398 789 2417 ,

102 2422 254 2469 figuram
271 2423 440 2470 intelligi,
465 2436 572 2470 quam
589 2425 698 2459 boum
715 2438 791 2460 un—

103 2475 183 2522 gula
193 2475 373 2522 exprimat.
386 2476 584 2522 Quomodo
594 2478 677 2513 inde
691 2485 791 2524 pater

102 2529 211 2564 filiam
223 2530 444 2575 agnovisset?
456 2531 574 2566 Immo
584 2545 699 2575 mens,
712 2545 790 2578 quae

100 2581 138 2616 in
158 2594 259 2617 vacca
278 2590 497 2618 remanserat
511 2610 521 2627 ‚
538 2583 686 2619 docebat
709 2598 789 2620 eam

99 2634 219 2670 literas
238 2635 253 2669 l
271 2642 307 2670 et
325 2634 360 2670 O
378 2635 467 2681 pede
485 2636 623 2673 ducere.

145 2688 221 2732 654.
239 2689 274 2721 T
268 2702 290 2723 u
299 2702 366 2723 non
375 2690 675 2736 invenimVulgata
682 2703 789 2736 quam

102 2740 229 2776 Heins.
252 2754 293 2776 ex
317 2742 462 2788 ingenio
488 2743 660 2788 mutavit,
688 2751 790 2778 erat:

108 2795 162 2831 Tu
172 2807 239 2830 non
254 2798 390 2831 envenla
402 2801 530 2840 reperta
543 2810 589 2833 es.
612 2815 656 2823 —
672 2796 788 2833 Codd.

1485 1409 1553 1446 655

865 1532 977 1568 nostri
987 1533 1177 1579 Vulgatam
1189 1532 1335 1576 habent,
1348 1538 1384 1566 et
1395 1543 1464 1577 qua
1477 1543 1556 1565 auc-

864 1586 1007 1621 toritate
1023 1587 1133 1621 frctus
1151 1586 1276 1620 Heius.
1293 1597 1372 1619 eam
1391 1590 1555 1618 mutave-

865 1640 912 1675 rit
934 1653 1008 1675 non
1027 1639 1112 1675 dicit
1138 1648 1271 1675 auctor.
1296 1658 1341 1666 --
1356 1639 1416 1674 Tu
1440 1650 1553 1684 quum

864 1692 1030 1727 nondum
1061 1692 1207 1727 inventa
1237 1705 1328 1727 esses
1343 1717 1353 1735 ‚
1384 1691 1555 1726 leviorem

864 1745 954 1780 mihi
970 1746 1104 1780 luctum
1120 1745 1261 1780 creabas
1272 1772 1282 1789 ,
1310 1757 1418 1790 quam
1434 1755 1530 1777 nunc
1543 1768 1553 1786 ,

864 1806 1051 1845 postquam
1093 1805 1233 1844 reperta
1266 1811 1313 1832 es.
1360 1797 1419 1832 Sic
1454 1802 1550 1830 recte

865 1851 990 1887 Heins.
1008 1852 1127 1886 locum
1147 1858 1183 1886 et
1199 1849 1402 1892 constituit,
1430 1855 1466 1883 et
1483 1861 1551 1882 ex-

863 1905 990 1951 posuit.
1014 1906 1110 1940 Ante
1125 1917 1209 1940 eum
1222 1904 1448 1950 nugabantur
1462 1903 1547 1950 Intt.

862 1958 900 1992 in
920 1957 1128 1992 definiendo
1145 1956 1346 1992 discrimine
1363 1955 1483 1990 verbb.
1495 1967 1550 1989 re-

856 2012 966 2052 perire
975 2016 1010 2043 et
1018 2013 1173 2044 invenire.
1187 2027 1233 2034 -—
1245 2008 1377 2054 Elegan
1382 2007 1450 2042 tior
1460 2005 1549 2041 mihi

860 2061 947 2095 olim
962 2060 1115 2096 suboluit
1130 2074 1253 2096 sensus
1266 2087 1276 2105 ‚
1296 2074 1337 2095 ex
1351 2060 1416 2095 illis
1433 2058 1549 2094 Cere-

859 2116 907 2151 ris
922 2116 1037 2151 verbis
1049 2142 1058 2160 ,
1077 2116 1135 2151 ubi
1150 2115 1361 2151 innotuisset
1378 2114 1426 2149 illi
1442 2113 1486 2149 de
1502 2113 1548 2148 fi-

860 2169 905 2204 lia
915 2183 934 2204 a
951 2170 1104 2205 Plutone
1116 2176 1214 2216 rapta
1225 2196 1234 2214 ,
1254 2165 1403 2204 Metam.
1415 2168 1472 2203 lib.
1486 2168 1521 2201 V
1534 2194 1544 2211 ,

861 2222 934 2256 518.
953 2233 961 2256 :
982 2223 1034 2255 Et
1046 2225 1187 2267 quoesila
1207 2223 1284 2262 diu,
1307 2223 1442 2255 landem
1464 2220 1552 2254 mihi

858 2278 943 2307 nala
959 2278 1089 2318 reperta
1108 2279 1182 2317 est‚·
1207 2275 1249 2308 Si
1258 2276 1399 2318 reperire
1416 2284 1521 2306 vocas
1533 2298 1542 2312 ‚

857 2329 1011 2361 amittere
1026 2330 1150 2361 certius
1166 2337 1176 2358 .·
1192 2330 1299 2361 uulsi
1307 2326 1398 2361 Scire
1408 2327 1542 2367 ubisit,

857 2383 998 2424 reperire
1013 2393 1135 2419 vocas,
1158 2382 1375 2425 quadrupla,
1384 2377 1545 2422 feremus.

861 2431 973 2477 Quasi
1000 2432 1091 2468 dicat
1119 2432 1270 2467 Inachus
1287 2442 1295 2464 :
1321 2433 1372 2466 Tu
1389 2434 1543 2471 inventa,

856 2498 924 2519 non
935 2498 972 2519 es
983 2488 1120 2520 inventa
1135 2490 1247 2519 tamen
1258 2495 1270 2526 ;
1289 2496 1388 2529 quam
1396 2485 1546 2528 puellam

856 2550 908 2574 me
932 2541 1137 2572 inventurum
1162 2538 1338 2580 sperabam
1367 2536 1548 2570 desidera-

856 2593 1013 2635 bamque‚
1046 2601 1125 2623 ecce
1140 2602 1281 2623 vaccam
1296 2591 1437 2623 Invenio.
1464 2588 1545 2622 Ita-

857 2653 925 2685 que
941 2644 995 2675 tui
1005 2642 1201 2675 desiderate
1216 2643 1327 2675 luctus
1343 2645 1418 2676 erat
1428 2642 1541 2680 levior,

855 2706 954 2738 quam
961 2691 1127 2736 ilasorma
1132 2697 1263 2727 mutata
1268 2695 1416 2728 invenlae.
1422 2691 1456 2737 Q
1463 2704 1544 2726 uam

856 2746 1098 2791 conjecturam
1120 2759 1238 2781 meam
1263 2753 1381 2792 postea
1404 2746 1447 2781 ab
1471 2745 1546 2781 aliis
1561 2782 1570 2787 ,

855 2798 1103 2835 confirmatam
1119 2800 1245 2847 reperi.
1263 2802 1331 2836 Ed.
