1832 3100
237 253 293 294 28
772 252 1119 298 PRAEFATIO

238 342 442 404 504-24,
477 343 698 411 Daphnen
735 346 977 409 fugientem
1011 360 1217 405 revocat,
1250 367 1417 416 suaque
1441 350 1664 400 connubia

237 428 537 486 commendat3
558 429 614 478 ab
628 449 763 497 eaque
778 430 911 494 longe
929 432 1195 498 discrepant,
1211 432 1390 498 quibus,
1402 435 1483 492 IX,
1506 433 1663 492 16—26,

235 513 460 562 Achelous
495 515 712 580 Dejanirae
753 516 933 582 nuptias
971 515 1123 564 ambit.
1162 518 1216 563 In
1248 517 1457 566 omnibus
1479 517 1551 566 his
1575 529 1663 566 tam

238 610 519 659 argumenta,
557 618 686 664 quam
728 598 869 647 forma
904 600 1154 648 orationum
1191 601 1392 666 personis
1426 600 1665 650 dicentium

236 679 409 741 egregie
433 692 731 747 attemperata.
780 682 902 731 Idem
925 681 1041 731 valet
1076 683 1128 731 de
1150 684 1404 751 solz'loquz'zssu
1442 683 1566 750 quod
1585 701 1666 750 ap-

234 761 435 827 parebit,
472 762 510 811 si
547 763 647 829 quis
670 783 709 811 v.
739 782 774 812 c.
801 784 924 831 quae,
950 767 1040 835 Ill,
1069 764 1272 832 262-72,
1304 767 1451 821 Juno,
1485 776 1549 823 et,
1577 765 1664 822 VI,

238 843 447 911 687-701
467 884 478 904 ,
502 848 668 896 Boreas
694 867 840 896 secum
865 847 1135 915 loquuntur,
1166 861 1210 897 et
1231 849 1465 916 separatim
1487 859 1532 897 et
1553 847 1669 913 inter

233 945 279 976 se
296 927 456 977 collata
473 929 827 979 consideraverit.
850 932 1123 980 Narrationes
1141 932 1377 982 nonnullas
1395 943 1550 981 auctor
1567 929 1665 986 aliis

234 1010 416 1069 tribuit,
443 1031 590 1079 eaeque
606 1026 784 1062 moratae
803 1015 909 1063 satis
928 1027 1058 1073 sunt3
1083 1016 1273 1083 ideoque
1290 1015 1432 1065 forma
1453 1012 1667 1063 dissident

237 1106 326 1143 tam
348 1115 372 1143 a
397 1114 442 1144 se
465 1096 670 1155 invicem,
697 1117 828 1164 quam
852 1099 908 1147 ab
934 1100 1178 1150 Ovidianis.
1203 1101 1332 1150 Alius
1355 1100 1478 1150 color
1501 1100 1556 1148 iis
1577 1112 1662 1155 est,

240 1199 363 1246 quae,
388 1182 482 1238 III,
509 1180 720 1248 582-691
741 1219 752 1239 ,
779 1182 978 1241 Acoetes;
1006 1183 1141 1242 alius,
1176 1173 1285 1252 uuae,
1311 1187 1375 1243 V,
1416 1183 1626 1252 577-641
1651 1221 1663 1241 ,

237 1263 462 1312 Arethusa
487 1264 540 1313 de
562 1284 633 1322 se3
674 1264 807 1323 alius,
835 1285 932 1332 quae
956 1267 1120 1316 AEacus
1135 1306 1146 1325 ‚
1170 1269 1283 1326 VII,
1323 1266 1536 1315 518-660
1553 1303 1566 1325 ,
1613 1266 1664 1315 de

234 1339 358 1413 peste
374 1358 418 1395 et
435 1348 770 1413 Myrmidonum
785 1368 968 1398 suorum
988 1350 1180 1413 origine;
1205 1350 1317 1400 alius
1336 1350 1548 1417 denique,
1569 1369 1667 1417 quae

241 1429 492 1495 Cephalus,
519 1432 605 1479 VII
622 1470 634 1490 ,
661 1430 874 1498 690-862
891 1470 902 1491 ,
939 1433 992 1481 de
1016 1434 1224 1486 Procride
1250 1454 1354 1492 sua,
1378 1435 1587 1484 referunt.
1613 1437 1667 1484 In

235 1514 379 1581 prima
402 1527 581 1563 nautam
596 1515 649 1564 de
668 1516 803 1564 rebus
820 1517 912 1564 suis
932 1517 1194 1579 garrientem
1215 1529 1260 1566 et
1281 1536 1410 1566 causa
1427 1537 1505 1567 sua
1525 1518 1669 1566 fiden-

235 1611 323 1647 tem
343 1599 492 1647 audire
509 1599 591 1648 tibi
607 1599 767 1649 videris
784 1620 793 1657 ;
814 1600 1004 1667 ideoque
1018 1613 1062 1650 et
1075 1601 1347 1664 ignoscimus
1365 1602 1662 1670 facilepoetae‚

239 1683 360 1749 quod
387 1683 584 1731 Penthea
607 1683 899 1731 furibundum
929 1684 1076 1747 longis
1113 1684 1201 1733 illis
1237 1685 1499 1748 ambagibus
1532 1705 1657 1753 aures

236 1767 507 1833 praebentem
543 1762 683 1814 finxit.
720 1767 872 1815 Altera
912 1768 1190 1835 simplicitate
1225 1781 1291 1817 est
1313 1769 1564 1836 conspicua.
1608 1770 1660 1817 In

237 1852 392 1900 ultima
416 1852 612 1901 adfectus
636 1851 897 1909 tenerrimus
920 1865 1169 1902 narrantem
1194 1853 1249 1901 ab
1273 1853 1401 1902 initio
1435 1873 1577 1920 usque
1611 1852 1666 1901 ad

235 1936 370 1984 finem
394 1936 595 1994 deducit,
630 1935 915 2002 studiumque
945 1935 1132 1984 venandi
1159 1935 1407 1985 interlucet.
1439 1936 1667 1985 Narratio-

239 2022 377 2070 nibus
402 2021 674 2087 interpositae
697 2032 802 2069 sunt
819 2019 1018 2068 locorum
1034 2057 1046 2077 ‚
1068 2019 1300 2068 hominum
1328 2039 1565 2086 rerumque
1594 2019 1667 2068 de·-

236 2105 492 2172 scrzjotiones,
522 2123 618 2170 quae
639 2104 950 2162 multitudine,
984 2104 1189 2154 varietate
1226 2116 1271 2153 et
1300 2105 1553 2171 praestantia
1586 2125 1663 2154 sua

237 2209 330 2238 non
353 2188 553 2251 exiguam
577 2186 723 2253 operis
745 2199 918 2252 partem
943 2187 1151 2236 efficiunt.
1188 2189 1485 2254 Quocumque
1509 2188 1663 2237 oculos

240 2272 562 2323 circumtuleris
577 2310 588 2330 ‚
611 2271 930 2338 descriptiones
955 2271 1037 2319 tibi
1063 2283 1297 2320 occurrent
1320 2271 1409 2320 sive
1430 2271 1664 2334 imagines,

244 2377 341 2425 quae
373 2369 416 2427 te
452 2356 678 2405 advertent
714 2367 759 2404 et
786 2355 1012 2404 tenebunt.
1047 2355 1330 2403 Phantasiam
1364 2367 1505 2421 poetae
1531 2355 1579 2403 in
1611 2356 1666 2403 iis

241 2441 402 2489 enitere
424 2440 512 2504 jam
535 2457 668 2505 supra
693 2438 871 2495 monui,
908 2438 985 2486 sed
1021 2451 1065 2486 et
1094 2438 1308 2503 judicium
1342 2438 1435 2503 ejus
1470 2439 1515 2486 in
1557 2438 1665 2487 deli-

242 2523 396 2585 gendis
420 2522 623 2588 partibus
641 2559 653 2580 ,
681 2540 731 2569 ex
773 2521 937 2587 quibus
968 2520 1180 2583 imagines
1217 2521 1501 2588 compositae,
1531 2532 1663 2587 atque

241 2605 329 2654 vim
362 2606 578 2671 poeticam
610 2604 734 2654 iniis
765 2604 1028 2657 exornandis
1057 2603 1259 2653 admirari
1298 2605 1413 2654 licet.
1459 2607 1509 2653 In
1541 2604 1660 2667 regia

244 2689 385 2746 Solis,
407 2690 477 2746 II,
509 2687 683 2746 25-30,
709 2708 799 2736 non
831 2707 987 2737 aurum
1020 2707 1174 2736 rursus
1205 2688 1339 2737 nobis
1369 2701 1414 2736 et
1442 2706 1660 2754 pyropum

245 2771 462 2831 ostendit,
484 2771 584 2831 sed,
605 2782 656 2819 ut
673 2790 907 2838 personas,
929 2771 1079 2830 Diem,
1104 2773 1326 2827 Mensem,
1348 2772 1528 2821 Annum
1543 2806 1554 2827 ‚
1581 2769 1661 2817 Se-
