1832 3100
289 215 375 270 [μδ

656 217 708 259 Ρ.
754 216 990 262 OVIDII
1033 216 1334 263 NASONIS

289 308 376 357 Sed
397 320 543 358 tamen
568 309 747 358 erubuit
765 347 776 368 ‚
803 311 1066 377 subitusque
1089 311 1413 361 invita‘notavit

290 389 383 436 Ora
403 387 567 447 rubor,
593 406 834 454 rursusque
858 389 1059 446 evanuit;
1085 401 1136 437 ut
1157 389 1272 438 solet
1293 410 1366 439 aer

286 464 543 531 Purpureus
567 465 687 524 fieri,
713 485 849 532 quum
871 466 1064 531 primum
1087 484 1243 515 aurora
1263 480 1488 527 movetur,

285 543 344 590 Et
366 541 496 591 breve
522 555 627 609 post
647 555 822 610 tempus
848 543 1102 591 candescere
1126 542 1233 592 solis
1254 545 1310 593 ab
1337 558 1450 594 ortu.

286 619 458 668 Perstat
477 618 525 666 in
549 619 726 686 incepto
741 657 753 677 ,
780 618 1039 685 stolidaeque
1063 620 1269 686 cu'pidiue
1291 620 1446 687 palmae

1659 638 1702 670 50

282 698 336 744 In
359 715 437 745 sua
459 696 548 745 fata
569 697 660 744 ruit
681 716 690 744 ε
715 715 858 762 neque
880 696 996 744 enim
1019 698 1129 757 Jove
1153 709 1257 745 nata
1277 710 1474 756 recusat,

282 776 375 823 Nec
396 785 548 822 monet
569 773 755 822 ulterius
772 810 783 830 ‚
805 791 886 821 nec
905 772 994 838 jam
1019 773 1255 822 certamina
1279 773 1440 823 differt.

348 851 480 900 Haud
503 848 652 908 mora,
679 850 930 898 consistunt
954 849 1135 899 diversis
1157 851 1362 917 partibus
1386 852 1524 901 ambae
1539 890 1551 912 ,

282 932 343 978 Et
365 927 515 993 gracili
536 927 731 991 geminas
752 927 992 976 intendunt
1013 928 1197 976 stamine
1223 928 1345 978 telas.

281 1007 387 1056 Tela
406 1007 514 1071 jugo
543 1006 688 1054 vincta
710 1016 799 1064 est3
824 1017 992 1053 stamen
1013 1006 1206 1054 secernit
1228 1006 1397 1055 arundo
1419 1026 1430 1055 ε
1659 1021 1701 1055 55

282 1084 497 1132 Inseritur
517 1083 711 1131 medium
735 1083 870 1131 radiis
894 1082 1126 1131 subtemen
1147 1083 1310 1141 acutis,

281 1161 420 1225 Quod
444 1160 570 1224 digiti
593 1160 859 1227 expediunt,
886 1172 1017 1226 atque
1043 1159 1159 1208 inter
1182 1160 1367 1209 stamina
1390 1159 1573 1209 ductum

279 1241 494 1288 Percusso
516 1238 682 1287 feriunt
705 1237 861 1286 insecti
882 1237 1055 1303 pectine
1080 1236 1244 1286 dentes.

279 1377 411 1422 adjecta
427 1389 552 1423 parum
569 1389 647 1412 eam
664 1376 821 1411 illustrat.
832 1376 957 1410 —No-

277 1433 362 1465 lavit
369 1431 475 1463 rubor.
486 1428 577 1463 Vide
589 1428 630 1462 ad
642 1429 708 1471 IV,
722 1428 797 1474 329.
814 1447 858 1459 -ε
870 1429 957 1462 Mo·-

280 1486 378 1522 vetur,
400 1481 523 1515 oritur.
532 1482 663 1515 Moveri
673 1480 839 1515 dicuntur
854 1479 957 1525 profi-

278 1532 444 1567 ciscentes
462 1558 471 1575 ,
490 1535 610 1567 ³sorle‘r.
635 1551 679 1558 ·—
698 1534 787 1566 Solis·
810 1534 855 1566 ab
875 1536 957 1566 ortu.

281 1583 387 1618 Multi
404 1583 511 1618 MSS.
527 1609 537 1626 ,
566 1585 650 1618 solis
673 1585 717 1617 ab
740 1587 830 1623 ictu,
863 1583 955 1627 quod

279 1635 390 1681 placet
419 1634 578 1669 Heinsio.
610 1635 705 1668 Ictus
729 1634 765 1667 in
790 1633 878 1667 libro
908 1633 955 1677 V,

281 1699 382 1721 versu
395 1686 460 1733 389
475 1700 483 1728 ς
500 1685 561 1720 sed
578 1698 675 1719 nunc
691 1684 733 1719 de
744 1691 825 1719 ortu
840 1698 957 1719 sermo

280 1745 341 1772 est.
360 1737 481 1772 Codex
501 1737 633 1782 Regius
649 1736 700 1779 A,
719 1739 812 1779 1'clu‚·
837 1735 967 1771 Codexx

280 1791 310 1824 B
325 1816 334 1834 ,
362 1793 434 1823 orlu
455 1799 465 1820 :
496 1788 554 1822 hic
583 1786 638 1821 Cl.
665 1789 785 1832 Gierig
808 1788 960 1833 praetulit

280 1846 354 1876 ortu
366 1868 375 1882 ‚
409 1840 490 1886 quia
505 1839 549 1874 de
567 1839 649 1875 Sole
667 1839 803 1874 oriente
820 1839 933 1885 agitur
949 1853 957 1881 ;

282 1893 343 1929 sed
357 1905 468 1938 quum
484 1891 639 1937 primum
657 1891 718 1927 Sol
731 1891 844 1926 oritur
857 1917 867 1934 ,
887 1891 960 1936 jam

283 1955 442 1993 tempore
456 1945 573 1981 aestivo
590 1948 678 1979 ictus
689 1943 756 1979 dat.
769 1944 864 1990 Ergo
880 1950 962 1978 tan-

284 2012 390 2044 quam
406 1997 553 2033 vividius
568 2000 637 2030 ictu
653 1997 744 2030 Solis
766 2008 935 2041 ponerem
949 2010 958 2038 ;

285 2064 367 2086 nam
375 2077 391 2094 .,
410 2049 653 2095 qualicumque
667 2048 754 2082 hora
765 2047 938 2082 candescit
949 2074 960 2092 ,

285 2110 320 2137 et
335 2102 534 2147 ‘praesertim
558 2113 669 2146 quum
692 2100 823 2145 primos
847 2099 962 2134 radios

285 2155 425 2199 emittit,
434 2158 502 2189 1'clu
510 2154 626 2190 oculos
632 2154 736 2188 scrire
747 2153 962 2188 videtur.Ed.

332 2209 384 2242 50,
405 2207 554 2241 Stolidoe.
573 2205 629 2239 Ad
647 2208 798 2248 palmam
823 2205 960 2249 retulit,

288 2259 382 2305 quod
415 2265 490 2293 erat
521 2257 563 2292 ad
595 2260 798 2301 cupidinem,
829 2265 888 2292 aut
918 2258 961 2291 ad

286 2312 397 2356 ipsam
408 2309 593 2344 mulierem
603 2308 839 2343 referendum.
847 2310 963 2344 —Nec

290 2375 363 2397 non
395 2362 512 2396 minus
545 2361 722 2406 eleganter
752 2361 960 2406 repetitum,

290 2427 394 2459 quam
413 2413 491 2447 alibi
508 2414 573 2446 sed
586 2426 596 2446 .·
614 2412 692 2445 vide
709 2411 751 2445 ad
772 2412 818 2456 V,
842 2426 890 2458 ¹7·

334 2466 384 2500 53.
406 2467 608 2499 Consae‘stunl.
628 2464 670 2498 In
688 2463 754 2497 hoc
772 2464 880 2498 verbo
890 2463 963 2498 hae-

287 2524 369 2552 rent
389 2518 606 2562 interpretes.
643 2516 808 2551 Heinsius
835 2523 933 2561 putat
951 2543 960 2560 ,

288 2575 347 2603 aut
362 2568 550 2614 legendum
567 2581 639 2602 csse
656 2571 878 2608 constituunt,
897 2567 963 2602 sci-

289 2621 390 2664 licet,
422 2621 528 2664 telas,
558 2628 617 2655 aut
639 2627 732 2655 certe
759 2620 806 2654 sic
822 2620 965 2665 capien-

290 2672 376 2706 dum
391 2673 484 2706 verb.
507 2676 696 2706 consistunt
711 2685 720 2706 :
737 2673 964 2707 Burmannus

287 2723 343 2758 hic
354 2731 487 2768 monet,
500 2728 678 2759 conszzrlere
690 2724 877 2759 convenire
881 2737 960 2767 par-

1023 1376 1114 1409 tibus
1130 1376 1270 1408 diversIs
1280 1400 1288 1413 ,
1313 1380 1348 1409 et
1358 1373 1423 1409 dici
1437 1373 1480 1408 de
1492 1374 1626 1410 duabus
1637 1375 1701 1409 ad—

1023 1425 1181 1460 versariis
1192 1452 1201 1468 ,
1219 1438 1296 1471 quae
1313 1425 1356 1460 ad
1373 1432 1550 1461 certamen
1562 1439 1597 1461 se
1609 1439 1700 1472 prae-

1023 1484 1162 1523 parent,
1171 1476 1276 1522 idque
1285 1490 1320 1512 se
1333 1476 1487 1512 docuisse
1500 1477 1544 1512 ad
1556 1478 1700 1513 Petron.

1028 1542 1078 1576 ¹9·
1102 1529 1179 1574 Ego
1203 1542 1288 1564 vero
1314 1529 1463 1564 arbitror
1478 1556 1488 1574 ,
1515 1530 1701 1576 respexisse

1024 1580 1195 1614 Nostrum
1205 1592 1342 1615 morem
1352 1579 1525 1616 Veterum
1536 1608 1545 1626 ‚
1557 1581 1616 1626 qui
1628 1594 1701 1616 non

1026 1631 1210 1674 sedentes,
1234 1631 1295 1665 sed
1311 1639 1442 1667 stantes
1466 1633 1638 1667 texebant.

1070 1685 1122 1726 54.
1146 1685 1196 1720 Et
1208 1685 1336 1727 gracili
1351 1686 1503 1727 geminas
1523 1691 1588 1718 etc.
1607 1683 1701 1718 Cum

1024 1734 1089 1768 hac
1106 1734 1259 1769 textoriae
1273 1733 1354 1768 artis
1365 1734 1598 1780 descriptione
1610 1736 1702 1769 cons.

1027 1785 1210 1820 Claudian.
1225 1787 1268 1821 R.
1283 1787 1323 1821 P.
1336 1787 1353 1821 1
1367 1812 1376 1830 ,
1396 1787 1460 1830 246
1477 1799 1603 1832 sqq.—
1619 1789 1702 1822 Tela

1025 1839 1118 1873 varie
1145 1839 1290 1881 dicitur3
1314 1851 1409 1873 nunc
1430 1839 1574 1885 intellig.
1590 1847 1701 1879 trama

1029 1890 1185 1925 staminis
1198 1915 1207 1933 ,
1229 1891 1336 1925 series
1358 1889 1484 1936 duplex
1510 1892 1700 1927 staminum

1026 1954 1088 1977 seu
1098 1941 1238 1976 filorum
1252 1942 1289 1979 in
1299 1942 1445 1988 longum
1457 1949 1678 1978 extensorum
1690 1970 1699 1987 ‚

1026 1996 1063 2028 la
1078 1998 1198 2036 imme,
1217 1996 1253 2028 la
1271 1995 1402 2028 chaine.
1427 1993 1521 2028 Alibi
1542 2007 1626 2029 vero
1646 1997 1701 2030 vel

1026 2053 1142 2081 totum
1158 2059 1244 2092 opus
1257 2073 1267 2091 ,
1291 2046 1385 2092 quod
1399 2047 1546 2092 texitur,
1566 2047 1616 2083 sic
1630 2061 1702 2083 vo·-

1027 2105 1138 2142 catur,
1155 2098 1208 2133 vel
1218 2099 1357 2143 jugum,
1374 2098 1515 2134 baculus
1532 2105 1701 2135 transver-

1026 2163 1084 2185 sus
1097 2176 1107 2194 ,
1126 2163 1195 2195 quo
1213 2151 1282 2184 tela
1293 2157 1434 2184 tenetur
1445 2175 1455 2194 ,
1471 2150 1508 2184 id
1524 2158 1576 2185 est
1587 2177 1596 2195 ,
1613 2151 1703 2186 l'en—

1026 2204 1242 2247 soupleau.—
1248 2203 1382 2236 Gracile
1391 2205 1520 2236 stamen
1527 2228 1538 2243 ,
1558 2209 1599 2238 ut
1607 2207 1703 2237 tenue

1027 2259 1194 2291 subtemen
1228 2256 1362 2291 Auson.
1405 2255 1529 2290 Mosel.
1559 2255 1634 2303 397.
1658 2274 1702 2282 --

1029 2309 1186 2349 Arunda,
1215 2315 1340 2353 pecten
1361 2320 1402 2342 ex
1417 2307 1609 2351 arundine,
1625 2307 1703 2342 dis-

1028 2359 1191 2394 criminat
1229 2358 1287 2392 fila
1301 2384 1311 2402 ‚
1343 2371 1389 2392 ne
1419 2357 1681 2392 confundantur
1692 2385 1701 2402 ‚

1027 2414 1060 2445 Ie
1069 2415 1199 2455 peigne.
1216 2428 1261 2436 -—
1277 2411 1429 2451 Badius,
1458 2409 1576 2455 gallice
1592 2412 1627 2443 Ia
1643 2423 1705 2443 na-

1027 2468 1121 2498 nette.
1140 2463 1226 2508 Ejus
1246 2474 1311 2507 ope
1328 2461 1392 2496 filis
1412 2461 1449 2496 in
1465 2468 1698 2496 transversum

1027 2515 1229 2550 immittitur
1252 2517 1420 2548 subtemen
1431 2540 1440 2555 ‚
1473 2516 1503 2548 le
1519 2517 1605 2548 tels-su
1616 2540 1625 2554 ,
1643 2521 1702 2548 ant

1026 2568 1193 2602 l'auchue.
1221 2585 1264 2593 --
1287 2568 1404 2610 Quod,
1431 2578 1560 2611 nempe
1576 2566 1701 2600 subte—

1027 2632 1110 2653 men
1125 2645 1134 2662 ,
1156 2618 1249 2664 quod
1265 2618 1469 2653 staminibus
1486 2617 1677 2651 immissum
1688 2642 1698 2660 ,

1026 2679 1067 2706 ut
1089 2684 1174 2716 opus
1199 2671 1347 2706 densum
1372 2670 1453 2713 fiat,
1477 2670 1600 2703 seritur
1610 2681 1700 2712 pec-

1026 2727 1094 2756 line
1105 2749 1113 2764 ‚
1135 2725 1172 2756 la
1186 2735 1264 2757 roue
1276 2724 1300 2755 ὰ
1315 2724 1422 2756 dents.
1431 2738 1476 2749 ν·-
1485 2721 1698 2755 Insectt'den-
