1832 3100
324 199 412 256 414

697 204 747 248 P.
780 204 1014 251 OVIDII
1045 206 1350 252 NASONIS

322 294 534 343 Audierat
553 313 563 343 ε
583 314 677 344 non
697 296 772 346 illa
792 297 912 358 loco,
935 317 1015 347 nec
1039 299 1206 362 origine
1229 301 1371 363 gentis

323 372 449 420 Clara
464 410 475 430 ‚
499 373 576 422 sed
597 385 686 423 arte
701 412 712 432 ‚
735 374 821 422 fuit
843 395 852 422 τ
876 387 1000 441 pater
1020 375 1123 423 huic
1146 375 1448 442 Colophonius
1469 376 1628 425 Idmon
1642 412 1654 435 ‚

319 449 534 498 Phocaico
554 451 732 500 bibulas
754 452 983 514 tinguebat
1003 451 1166 499 murice
1187 451 1333 501 lanas:

322 527 554 576 Occiderat
576 541 738 586 mater3
762 529 838 577 sed
860 540 904 577 et
924 528 1015 575 haec
1041 527 1093 575 de
1115 527 1267 593 plebe,
1292 548 1460 596 suoque
1681 555 1720 579 ιο

318 603 463 669 AEqua
485 605 579 652 viro
601 604 754 653 fuerat.
778 604 921 670 Lydas
946 615 1088 681 tamen
1110 602 1186 651 illa
1203 622 1282 669 per
1304 605 1435 654 urbes

317 728 465 774 cogitare
479 729 580 773 coepit
595 728 637 763 de
653 740 754 773 poena
765 728 806 761 ab
824 726 985 761 Arachne

315 780 494 816 sumenda.
515 780 586 815 Sed
613 779 746 813 dubitat
769 777 985 815 Schirachius

316 847 360 868 an
377 833 443 867 hoc
458 833 536 867 satis
552 832 726 877 poeticum
738 830 799 873 sit,
813 837 847 864 et
860 837 962 875 negat
973 856 983 873 ,

317 885 457 930 phrasin
474 887 620 917 animum
632 885 797 916 intendere
816 881 906 927 apud
924 882 986 916 ul—

315 937 389 971 lum
409 942 547 981 poetam
567 934 722 979 reperiri.
738 934 778 968 In
794 947 862 979 quo
874 934 984 980 lapsus

315 994 388 1028 θεῖς
405 998 556 1030 namque
581 985 651 1030 ipsa
673 985 794 1020 Lexica
814 985 984 1031 suppedi—

314 1047 391 1074 tant
415 1039 529 1073 locum
559 1037 723 1080 Horatii,
751 1037 859 1082 Epist.
876 1038 915 1080 Ι,
934 1048 982 1080 11,

314 1092 357 1126 35
383 1103 391 1125 :
415 1091 570 1124 Intendes
601 1091 745 1123 animum
774 1091 896 1123 studiis
915 1116 924 1129 ,
952 1094 987 1123 et

313 1145 409 1178 rebus
418 1143 574 1176 honestis.
586 1141 714 1175 Noster
726 1167 735 1184 ,
755 1141 808 1175 IV
826 1141 929 1175 Trist.
947 1151 961 1174 1
973 1167 983 1184 ,

314 1196 335 1238 4
348 1220 357 1237 ,
379 1206 468 1228 mens
482 1196 610 1226 intenta
626 1194 734 1227 malis.
752 1193 827 1237 Ipse
844 1204 926 1237 ergo
943 1205 983 1226 ex

313 1257 385 1278 uno
411 1243 538 1278 Codice
561 1243 699 1289 praesert
728 1245 893 1283 incendit,
918 1242 981 1277 ad-

314 1297 432 1342 ditque
448 1296 710 1342 explicationem
726 1296 815 1331 hanc
829 1309 837 1331 ε
858 1295 982 1330 irasci-

312 1357 370 1383 tur
386 1349 455 1383 sato
470 1348 528 1382 illo
544 1347 622 1382 laeto
638 1347 834 1392 Arachnes,
856 1360 924 1393 quo
938 1347 981 1381 si-

311 1401 345 1435 bi
359 1407 512 1445 aequatur
521 1406 604 1434 arte.
615 1401 826 1439 ——Moeont'ae‚
849 1400 980 1447 Lydiae;

310 1451 387 1485 vide
405 1450 447 1485 ad
461 1451 516 1494 II,
535 1453 609 1486 252.
625 1451 771 1497 Lydiam
793 1451 979 1486 Arachnen

311 1502 416 1535 etiam
428 1501 507 1536 facit
516 1501 656 1536 Servius
669 1528 678 1545 ,
694 1502 737 1535 ad
749 1501 981 1547 Virg.Georg.

313 1552 378 1595 IV,
404 1553 467 1595 246
490 1565 497 1586 :
516 1553 806 1600 seduThressam,
832 1565 977 1598 eamque

310 1603 483 1649 virginem
494 1603 624 1648 regiam
636 1629 645 1648 ,
661 1604 795 1638 Probus
810 1604 852 1638 ad
870 1617 977 1638 eum·-

313 1656 394 1691 dem
407 1656 532 1691 locum.

354 1721 382 1752 7.
398 1709 474 1742 Non
488 1710 550 1742 illa
565 1710 655 1748 Ioco,
671 1714 734 1742 etc.
747 1707 907 1742 Pluribus
923 1707 976 1741 ab·

308 1760 435 1803 jectam
450 1759 594 1794 lanificae
608 1760 780 1804 originem
796 1760 975 1802 describit,

309 1825 379 1857 quo
401 1812 508 1858 magis
528 1819 565 1847 et
585 1826 639 1848 ars
661 1814 755 1857 ejus,
783 1820 819 1847 et
838 1812 978 1847 audacia

310 1878 378 1910 qua
392 1878 428 1900 se
447 1866 511 1911 ipsi
526 1866 698 1902 Minervae
715 1867 873 1912 praefert,
898 1866 978 1900 illu-

309 1920 596 1955 cescat.—Locum
609 1934 674 1955 nec
687 1920 730 1955 de
741 1932 867 1966 genere
880 1932 975 1964 cape,

308 1971 402 2016 quod
428 1973 607 2007 Pontanus
630 1974 766 2008 volebat
796 1972 978 2018 (sequitur

306 2023 402 2057 enim
424 2027 515 2068 origo
534 2028 642 2068 gentis
653 2025 666 2068 )
678 2051 688 2070 ,
708 2038 774 2059 nec
788 2038 868 2059 cum
883 2025 977 2058 Bur-

307 2072 438 2111 manno
448 2104 456 2120 ‚
473 2077 516 2112 de
528 2078 706 2124 dignitate,
717 2078 777 2113 sed
790 2078 832 2113 de
846 2078 954 2124 patria
964 2104 974 2122 ,

306 2136 447 2174 propter
461 2143 600 2164 versum
618 2131 655 2164 13
670 2157 678 2173 ‚
698 2131 756 2176 qui
765 2130 844 2165 huic
856 2137 975 2165 nostro

307 2180 506 2225 respondet.
539 2181 591 2215 Ibi
614 2182 708 2216 enim
730 2196 838 2226 parua
860 2184 976 2216 domus

305 2232 348 2266 ad
371 2236 526 2276 originem
549 2237 675 2276 genlzlr,
713 2241 748 2268 et
765 2247 876 2277 parva
900 2236 977 2281 Hy—

299 2297 402 2328 paepoe
416 2283 459 2318 ad
475 2287 582 2319 locum
600 2285 786 2330 pertinent.

349 2337 380 2370 8.
399 2337 628 2379 Colophonius.
650 2336 836 2382 Colophon
858 2337 972 2372 nobile

306 2386 415 2420 Ioniae
441 2386 617 2431 oppidum.
643 2405 687 2412 —
717 2389 842 2425 Idmon.
870 2389 972 2422 Varie

304 2438 371 2473 hoc
385 2452 515 2473 nomen
531 2439 567 2473 in
580 2440 686 2475 MSS.
705 2448 898 2484 exaratum,
919 2443 974 2474 Is-

302 2504 394 2531 mon,
420 2493 571 2537 Hysrnon
581 2518 589 2531 ,
617 2494 771 2527 Elbrnon.
795 2493 973 2526 Burman-

302 2555 369 2576 nus
385 2543 533 2587 praetulit
544 2545 658 2578 Idmon
669 2571 678 2585 ,
701 2545 779 2589 quia
795 2544 829 2578 id
842 2556 972 2578 nomen

303 2601 338 2628 et
354 2595 408 2628 alii
420 2604 606 2640 gesserunt.
619 2596 765 2632 Gravius
777 2604 827 2632 est
835 2596 927 2642 quod
938 2604 973 2631 et

303 2645 500 2681 Lactantius
530 2648 577 2682 sic
607 2649 697 2694 legit.
735 2649 835 2694 Regii
862 2649 971 2683 nostri

301 2697 432 2733 habent
448 2700 552 2733 etiam
570 2702 696 2734 Idmon.
746 2730 751 2738 ,

1095 741 1126 775 9.
1149 715 1281 763 191quae
1307 714 1395 765 lanae
1426 729 1611 775 exquisite,
1638 742 1717 775 quae

1051 780 1193 825 bibunt,
1212 782 1390 817 attrahunt
1401 782 1551 826 colores,
1570 790 1718 828 utsupra

1036 826 1163 865 'bibula
1184 832 1301 867 Persei
1316 835 1449 868 talaria.
1464 852 1508 859 —
1524 835 1718 877 Tinguebat.

1051 882 1109 917 Sic
1125 882 1245 918 Codex
1262 885 1390 930 Regius
1405 885 1456 926 B;
1475 892 1510 920 at
1528 883 1648 920 Codex
1663 884 1696 919 A
1708 911 1717 925 ,
1752 887 1761 896 “

1049 937 1204 979 tingebat.
1229 936 1363 970 Eadem
1378 937 1524 971 varietas
1543 937 1580 971 in
1609 936 1720 972 Codi-

1048 987 1143 1021 cibus
1162 988 1347 1033 reperitur,
1370 989 1504 1034 quoties
1525 988 1598 1024 haec
1618 988 1718 1024 litera

1045 1051 1072 1081 g
1084 1044 1163 1072 ante
1179 1039 1332 1073 vocalem
1351 1039 1639 1085 qualemcumque
1658 1051 1718 1084 po-

1048 1088 1111 1122 sita
1135 1090 1302 1124 occurrit:
1322 1091 1378 1125 alii
1393 1091 1489 1126 enim
1503 1098 1579 1137 post
1591 1104 1617 1135 g
1630 1090 1717 1126 lite-

1048 1154 1124 1175 ram
1141 1156 1163 1176 u
1182 1142 1379 1188 adjungunt
1392 1169 1401 1186 ,
1427 1143 1481 1183 alii
1504 1155 1587 1177 vero
1600 1156 1626 1188 θ’
1641 1142 1716 1177 sine

1047 1196 1074 1226 u'
1086 1193 1250 1227 scribunt.
1268 1194 1363 1228 Istud
1374 1205 1478 1240 porro
1487 1193 1585 1228 fluxit
1601 1206 1619 1227 a
1633 1205 1717 1238 pro—

1047 1245 1236 1279 nunciandi
1274 1258 1372 1280 more
1407 1245 1498 1291 apud
1537 1245 1715 1288 Romanos

1046 1303 1225 1332 constante
1240 1311 1248 1339 3
1264 1297 1390 1332 scilicet
1404 1297 1501 1332 litera
1516 1311 1542 1341 g
1561 1303 1642 1332 ante
1658 1307 1715 1330 vo-

1045 1347 1153 1382 calem
1178 1348 1286 1394 posita
1303 1361 1484 1394 nunquam
1507 1355 1607 1383 sonat
1623 1359 1714 1382 nos-

1045 1406 1139 1434 trum
1157 1400 1198 1443 j,
1228 1400 1288 1435 sed
1318 1414 1452 1445 gamma
1481 1399 1684 1435 Graecorum
1703 1412 1711 1439 ;

1044 1453 1138 1488 unde
1157 1454 1255 1499 Itali,
1282 1454 1476 1498 Germani,
1505 1453 1628 1499 Angli,
1649 1459 1712 1486 etc.

1044 1506 1124 1541 huic
1137 1507 1332 1552 adjungunt
1346 1521 1368 1541 u
1379 1534 1387 1548 ,
1413 1506 1568 1552 quamvis
1582 1505 1619 1542 in
1634 1517 1716 1539 mo-

1043 1559 1221 1593 numentis
1244 1559 1415 1594 veteribus
1435 1571 1475 1593 ac
1493 1557 1591 1592 novis
1611 1569 1714 1591 nun-

1044 1614 1146 1652 quam
1159 1634 1168 1652 ,
1186 1610 1238 1643 vel
1251 1622 1330 1643 raro
1346 1609 1549 1654 admodum,
1562 1607 1713 1643 Romani

1041 1659 1191 1693 scribant
1207 1674 1251 1704 gu
1263 1688 1272 1702 ‚
1294 1661 1356 1695 sed
1374 1674 1437 1706 per
1458 1674 1481 1705 ς
1499 1659 1690 1705 simplicem
1701 1683 1711 1700 ,

1041 1713 1229 1754 lingebant,
1252 1714 1430 1756 urgebant,
1449 1718 1484 1746 et
1500 1711 1564 1745 alia
1583 1710 1712 1755 hujus-

1041 1762 1200 1806 cemodi,
1224 1763 1312 1798 sicut
1334 1770 1370 1798 et
1399 1762 1490 1798 Galli
1509 1763 1711 1797 scriberent.

1041 1815 1271 1849 Ed—Murex
1286 1828 1394 1860 genus
1407 1814 1564 1857 conchae,
1581 1814 1679 1858 cujus
1692 1826 1711 1848 e

1040 1877 1141 1899 succo
1160 1865 1305 1901 Veteres
1335 1879 1525 1912 purpuram
1547 1866 1711 1901 conficie—

1040 1917 1124 1952 bant
1135 1944 1146 1961 ,
1165 1926 1200 1954 et
1215 1931 1291 1964 quae
1302 1932 1412 1965 quum
1420 1920 1497 1954 alibi
1509 1946 1519 1963 ,
1532 1927 1607 1954 tum
1617 1918 1711 1963 iuxta

1040 1972 1227 2012 Phocaeam,
1243 1972 1368 2006 urbem
1379 1971 1487 2006 loniae
1495 1971 1532 2006 in
1543 1971 1623 2006 sinu
1637 1983 1711 2005 ma-

1040 2023 1086 2057 ris
1102 2023 1351 2058 Mediterranei
1367 2025 1492 2058 intimo
1507 2024 1608 2058 sitam
1619 2049 1629 2067 ‚
1646 2035 1711 2058 re—

1040 2075 1247 2120 periebatur.
1270 2076 1404 2119 Livius,
1422 2076 1620 2114 XXXVII,
1636 2075 1689 2109 31.

1085 2139 1134 2162 10.
1149 2129 1334 2162 Occiderat.
1346 2126 1520 2162 Gebhard.
1533 2127 1607 2169 111,
1621 2125 1711 2161 Cre-

1039 2181 1146 2226 pund.
1159 2193 1214 2217 vn
1226 2208 1235 2226 ,
1249 2195 1289 2216 ex
1300 2182 1407 2218 MSS.
1426 2182 1508 2227 legit
1521 2184 1703 2222 deciderat,

1039 2234 1119 2278 quia
1135 2234 1201 2269 hoc
1218 2235 1365 2269 verbum
1381 2234 1557 2280 eleganter
1575 2247 1639 2280 pro
1657 2248 1710 2269 oc-

1039 2289 1148 2320 cidere
1171 2287 1322 2331 ponitur.
1340 2287 1440 2332 Regii
1456 2287 1564 2321 nostri
1580 2287 1710 2322 habent

1040 2341 1217 2373 occiderat.

1087 2404 1135 2424 11.
1156 2392 1283 2434 AEqua‚
1318 2389 1454 2435 aequalis
1482 2389 1647 2435 dignitate
1674 2398 1710 2426 et

1040 2454 1176 2486 genere.
1184 2460 1228 2466 -—
1238 2443 1354 2487 Lydas
1367 2442 1514 2476 correxit
1522 2441 1709 2481 Constant..

1037 2492 1184 2527 Fanens.
1209 2493 1287 2537 quia
1305 2495 1433 2540 Lydius
1448 2494 1596 2539 primam
1607 2495 1708 2542 sylla-

1035 2545 1115 2578 bam
1125 2557 1263 2589 semper
1274 2545 1478 2590 productam
1490 2546 1610 2587 haben
1627 2546 1705 2591 plu-

1035 2596 1115 2630 rimi
1129 2605 1247 2631 tamen
1263 2597 1370 2632 MSS.
1388 2598 1502 2641 (inter
1524 2611 1608 2642 quos
1633 2598 1705 2632 Re-

1036 2649 1110 2694 gius
1126 2656 1245 2683 noster
1260 2650 1289 2683 B
1303 2648 1318 2694 )
1334 2649 1418 2684 dant
1437 2651 1575 2696 Lydius.
1590 2650 1705 2695 Lydus

1036 2701 1116 2736 alias
1132 2714 1205 2736 non
1228 2702 1343 2736 minus
1361 2709 1544 2747 usurpatur
1563 2702 1600 2736 in
1622 2715 1702 2736 ser-
