1832 3100
375 222 1064 270 METAMORPHOSEON
1097 225 1227 269 LIB.
1263 226 1352 269 VI.

1494 223 1582 284 469

162 317 387 383 Quattuor
406 315 480 364 ille
504 315 681 383 quidem
701 315 907 380 juvenes,
933 310 1205 382 totidemque
1230 328 1395 366 crearat

159 393 370 443 Femineae
392 391 524 442 sortis
544 413 553 440 ε
575 392 652 442 sed
675 404 769 442 erat
790 412 871 460 par
887 393 1029 441 forma
1051 393 1258 451 duarum,

1513 411 1580 444 680

158 472 200 519 E
219 470 383 537 quibus
405 469 604 519 AEolides
627 470 850 537 Cephalus
871 483 914 519 te
938 470 1123 536 conjuge
1144 470 1249 519 felix
1264 509 1276 530 ,

158 548 311 598 Procri
325 585 338 606 ,
361 548 447 597 fuit
465 568 474 597 ε
494 549 649 598 Boreae
669 550 835 598 Tereus
857 548 1140 616 Thracesque
1162 549 1407 607 nocebant;

158 625 419 694 Dilectaque
437 627 513 675 diu
531 627 673 676 caruit
693 629 817 676 Deus
842 627 1049 695 Orithyia
1063 665 1074 685 ,

158 703 279 752 Dum
303 717 457 769 rogat,
480 717 524 754 et
550 706 758 773 precibus
781 706 970 765 mavult,
994 725 1125 773 quam
1146 704 1318 754 viribus
1332 742 1344 763 ,
1369 704 1450 753 uti.

156 784 242 834 Ast
263 785 344 834 ubi
366 785 596 835 blanditiis
619 787 767 850 agitur
783 785 920 844 nihil,
948 784 1155 834 horridus
1179 784 1243 834 ira
1257 821 1268 841 ‚

1514 797 1582 834 685

158 862 271 927 Quae
294 863 427 913 solita
449 876 515 915 est
538 863 603 915 illi
617 901 629 922 ,
651 864 927 931 nimiumque
949 863 1212 921 domestica,
1235 875 1392 922 vento;

146 940 218 989 ·Et
240 941 397 990 merito
412 978 424 1000 ,
449 941 590 1000 dixit,
615 964 637 984 «
657 941 767 1008 quid
791 942 907 990 enim
929 959 1025 989 mea
1049 939 1135 989 tela
1156 939 1343 1007 reliqui,

162 1095 180 1112 »ι
199 1080 314 1116 monis
323 1079 414 1116 filius
423 1080 568 1125 Boreas,
580 1079 754 1128 Orithyiae
765 1093 840 1131 rap·

160 1148 179 1164 ι»
199 1140 275 1178 tor,
293 1139 333 1168 ut
352 1133 508 1180 Isagoras
522 1133 560 1168 in
577 1133 763 1179 Megaricis
774 1140 840 1167 tra-

161 1198 180 1215 »
199 1184 251 1220 dit
265 1198 274 1227 ;
295 1184 356 1220 sed
383 1193 496 1232 poetae
521 1198 598 1220 rem
627 1186 668 1220 ab
695 1184 839 1219 homine

161 1251 180 1268 »ν
198 1237 242 1272 ad
258 1245 406 1274 ventum
428 1238 654 1274 transferunt.
673 1238 839 1272 Hermias

161 1305 180 1322 »ι
199 1303 284 1326 vero
303 1290 506 1327 Platonicus
524 1290 714 1328 Erechthei
730 1290 839 1325 filiam

161 1356 180 1373 ³·
197 1342 384 1389 Aquilonis
392 1343 527 1390 impetu
536 1356 577 1379 ex
587 1343 656 1377 alto
666 1342 836 1387 dejectam

161 1408 180 1425 ’²
202 1395 343 1441 periisse
354 1395 480 1439 credit,
491 1402 526 1430 et
541 1394 624 1430 inde
639 1395 768 1429 sactum
779 1420 788 1437 ,
800 1399 839 1428 ut

160 1459 179 1476 »ι
198 1446 387 1482 hominum
403 1460 502 1483 more
520 1460 539 1482 a
553 1454 659 1482 vento
675 1453 773 1492 rapta
789 1445 838 1480 di-

161 1514 180 1531 »
199 1507 308 1536 catur.
326 1500 428 1536 Idem
444 1500 547 1536 docet
563 1500 738 1535 Acesilaus
749 1527 758 1544 ,
773 1513 838 1535 re·-

161 1567 180 1583 »
197 1553 331 1588 serente
345 1553 571 1600 Apollodoro,
583 1568 599 1583 υ
618 1552 721 1598 Apud
733 1552 838 1588 Palae-

159 1604 308 1651 phatum
319 1632 329 1651 ,
347 1618 420 1652 cap.
435 1607 478 1641 23
489 1631 500 1649 ,
517 1607 648 1642 Boreas
666 1606 721 1641 hic
737 1618 838 1640 voca-

158 1665 218 1693 tur
242 1659 318 1709 ἄνὴρ
336 1661 386 1695 οὗκ
412 1661 540 1704 ἄσημος.
567 1657 746 1693 Caeterum
764 1657 838 1693 haec

157 1712 280 1759 rapina
293 1725 451 1759 expressa
461 1712 580 1748 eratin
592 1725 669 1748 arca
681 1711 836 1760 Cypseli,

157 1763 218 1800 ubi
243 1765 374 1801 Boreas
402 1765 478 1800 loco
507 1764 638 1811 pedum
668 1765 836 1810 anguium

155 1817 284 1853 caudas
311 1817 469 1853 habebat.
511 1817 700 1853 Pausanias
730 1817 836 1851 Eliac.

157 1883 190 1916 p.
208 1871 336 1914 42†·—
347 1871 554 1904 Erechtheus
570 1869 730 1905 successit
747 1870 838 1903 Pan—

158 1921 257 1956 dioni
269 1922 286 1957 1
298 1947 308 1965 ,
322 1934 416 1956 anno
433 1922 515 1965 1423
530 1929 610 1956 ante
627 1934 683 1955 aer.
702 1920 788 1956 Chr.
805 1922 838 1957 Is

157 1972 289 2018 justitia
296 1985 369 2007 non
379 1973 510 2017 minus,
521 1986 624 2018 quam
634 1974 761 2007 virtute
770 1973 837 2008 bel-

158 2025 223 2060 lica
234 2051 244 2069 ,
257 2025 452 2060 excellebat.
468 2025 617 2060 Summa
631 2026 722 2072 regis
732 2025 814 2060 laus.

201 2076 277 2126 679.
290 2079 522 2121 Quattuorille
533 2078 712 2123 ...juvenen
724 2077 754 2112 E
762 2077 839 2112 filiis

162 2127 360 2176 Cecropsll
378 2129 540 2166 successit
556 2130 656 2176 patri.
677 2133 843 2173 Quattuor

158 2181 300 2228 plurimi
318 2189 527 2218 memorant.
553 2183 759 2226 Pausanias,
778 2182 814 2218 II
827 2209 836 2227 ,

159 2235 224 2275 25;
240 2233 398 2269 Eustath.
409 2234 452 2269 ad
466 2234 543 2269 ΙΙ.Β
555 2260 564 2278 ,
579 2247 611 2280 p.
629 2246 702 2281 29¹·
722 2233 838 2268 Etiam

160 2284 252 2332 apud
269 2286 527 2332 Apollodorum
542 2286 600 2321 ubi
617 2293 687 2321 tres
699 2293 837 2321 tantum

159 2345 420 2383 memorantur,
434 2339 595 2387 Heynius
604 2338 766 2374 excidisse
775 2351 837 2384 pu-

160 2398 210 2428 tat
225 2399 390 2438 quartum
403 2392 532 2428 OEnea.
541 2411 585 2418 —-
595 2393 716 2433 Abrh's,
729 2405 837 2428 sexus.

162 2443 205 2479 In
220 2443 354 2480 filiabus
369 2444 447 2480 duae
458 2445 521 2480 sibi
533 2445 679 2491 aequales
691 2444 838 2491 pulchri-

162 2495 303 2540 tudine,
314 2510 333 2532 e
351 2498 474 2548 quibus
487 2498 633 2533 Procrin
648 2497 745 2532 duxit
759 2497 838 2533 Ce—

163 2549 286 2596 phalus
297 2576 307 2594 ,
319 2549 470 2586 Deionei
485 2551 575 2587 filius
584 2578 594 2596 ,
606 2553 705 2588 AEoli
715 2565 837 2598 nepos,

162 2603 231 2639 vid.
254 2603 422 2639 Heinsius
433 2630 442 2648 ,
456 2603 497 2638 ad
510 2604 583 2640 Vll
593 2631 602 2649 ,
614 2605 678 2650 672
693 2619 701 2647 ;
727 2605 840 2639 Mun-

161 2657 234 2693 ker.
251 2656 294 2693 ad
310 2657 443 2705 Hygini
471 2657 622 2692 fabulam
638 2660 699 2702 14;
718 2670 838 2703 quan-

165 2723 270 2755 quam
291 2709 347 2745 alii
366 2722 449 2744 eum
465 2709 636 2745 Mercurii
652 2709 764 2744 filium
780 2711 838 2745 sa-

166 2764 262 2799 ciunt
275 2790 285 2808 ,
310 2763 404 2799 unde
431 2765 584 2812 Cyllenia
604 2766 718 2808 proles
728 2791 738 2808 ,
765 2763 839 2799 Art.

906 1071 1026 1106 Amat.
1050 1071 1106 1106 ΙΙΙ
1121 1097 1130 1115 ,
1153 1072 1226 1117 725.
1254 1069 1444 1118 Orithyian
1469 1071 1584 1117 rapuit

905 1126 1059 1168 Boreas,
1077 1124 1133 1161 cui
1159 1124 1292 1170 petenti
1316 1123 1425 1161 filiam
1441 1123 1583 1161 Erechr-

905 1178 1007 1213 theus
1023 1178 1105 1213 dare
1123 1178 1305 1222 noluerat,
1325 1178 1466 1213 territus
1482 1178 1585 1213 inau-

905 1231 978 1267 dita
999 1233 1097 1266 Terei
1112 1234 1262 1266 Threicii
1272 1231 1586 1266 crudelitate—Tc

903 1284 1164 1330 conjugeselh3
1175 1286 1296 1319 confer
1308 1284 1381 1320 VII
1396 1311 1405 1329 ,
1418 1284 1484 1332 696
1498 1297 1506 1319 ε
1519 1284 1586 1319 suit

905 1336 1013 1371 veluti
1038 1337 1189 1371 sormula
1206 1336 1381 1372 solemnis.
1395 1354 1439 1362 -—
1462 1337 1583 1370 Tereus

911 1391 1120 1435 Thracesque
1129 1393 1311 1432 nocebant5
1323 1389 1507 1425 crudelitas
1520 1389 1587 1424 Te-

905 1442 956 1476 rei
985 1456 1024 1477 ac
1048 1442 1228 1478 Thracum
1254 1443 1378 1478 Boreae
1390 1469 1399 1487 ‚
1417 1455 1463 1477 ne
1491 1442 1585 1478 Ori—

905 1495 1026 1544 thyian
1049 1496 1193 1532 duceret
1205 1523 1214 1540 ,
1227 1497 1386 1531 nocebat.
1402 1498 1586 1531 Ed.—-Ca-

904 1553 979 1583 rull.
997 1549 1170 1583 Menandi
1189 1548 1312 1583 Codex
1324 1575 1333 1592 ,
1351 1552 1466 1583 caluit.
1482 1549 1583 1595 Regii

904 1602 1033 1644 nostri,
1047 1605 1166 1637 caruil.
1175 1620 1219 1629 —-
1227 1604 1332 1636 Deus.
1344 1601 1474 1636 Boreas
1486 1602 1583 1636 enim

903 1652 1003 1688 Deus
1014 1653 1208 1688 habebatur
1216 1680 1225 1697 ,
1237 1654 1292 1689 cui
1304 1666 1400 1689 sacra
1411 1653 1584 1689 faciebant

903 1706 1304 1754 Megapolitani,'1*hurii
1318 1733 1328 1751 ,
1339 1707 1584 1742 Athenienses.

898 1761 1115 1805 Pausanias,
1142 1759 1270 1794 Arcad.
1296 1773 1327 1805 p.
1345 1760 1431 1804 6733
1453 1760 1581 1794 AElian.

904 1813 949 1846 V.
965 1813 1013 1846 H.
1040 1823 1115 1855 ΧΗ,
1143 1813 1206 1854 6ι;
1230 1811 1365 1846 Herod.
1383 1812 1457 1847 Vll
1471 1838 1480 1856 ,
1510 1812 1582 1858 189.

905 1865 1054 1912 Hymno
1066 1877 1149 1899 eum
1161 1865 1347 1901 celebravit
1358 1864 1540 1910 Orpheus:
1555 1866 1581 1900 is

904 1924 954 1952 est
969 1917 1003 1951 h.
1017 1932 1068 1965 79.
1090 1917 1324 1952 Athenienses
1339 1930 1423 1952 vero
1438 1918 1482 1952 ob
1499 1931 1582 1964 rap-

904 1977 977 2004 tam
1003 1969 1214 2016 Orithyian,
1234 1982 1316 2004 eum
1338 1969 1493 2004 adfinem
1515 1970 1579 2005 sibi

903 2029 1128 2057 censuerunt.
1145 2022 1324 2066 AElianus,
1339 2022 1371 2057 d.
1386 2022 1408 2057 l.
1419 2049 1428 2066 ,
1441 2023 1499 2058 ubi
1511 2023 1579 2057 vid.

904 2075 1064 2109 Perizon.

947 2128 1022 2162 685.
1046 2129 1212 2162 Horridus
1227 2131 1290 2163 ira.
1306 2128 1387 2164 Non
1402 2128 1493 2163 mala
1507 2129 1582 2163 Bo-

903 2192 971 2215 reae
987 2179 1121 2214 horridi
1137 2179 1340 2226 descriptio:
1357 2182 1427 2216 Hic
1440 2182 1535 2215 Deus
1549 2186 1585 2215 et
1639 2192 1643 2196 ·

903 2238 1009 2268 terras
1017 2237 1051 2267 ct
1063 2237 1171 2268 maria
1182 2236 1256 2267 alta
1273 2236 1389 2268 domat
1396 2247 1408 2277 ,-
1421 2234 1581 2279 Propert.

903 2285 960 2328 II,
980 2296 1048 2329 xx,
1069 2289 1132 2328 52;
1152 2286 1194 2321 cf.
1217 2285 1402 2320 Claudian.
1422 2286 1576 2332 Rapt.1,

902 2338 946 2385 69
962 2350 1036 2383 sqq.
1050 2341 1094 2363 -“-·
1109 2339 1324 2378 Domestica,
1353 2338 1416 2373 sibi
1440 2338 1580 2384 propria

903 2397 938 2425 et
953 2396 1118 2426 consueta
1132 2404 1140 2432 ;
1155 2403 1244 2425 nove
1261 2391 1308 2425 sic
1325 2390 1469 2424 dictum.
1485 2391 1580 2425 Bur-

902 2458 1053 2480 mannus
1065 2452 1183 2491 putat,
1196 2444 1365 2485 Ovidium
1382 2444 1433 2479 his
1446 2444 1581 2480 duabus

902 2499 1042 2534 vocibus
1054 2525 1063 2542 ,
1076 2501 1180 2533 solita
1191 2505 1226 2533 et
1242 2500 1442 2538 domestica,
1462 2498 1578 2544 expri—

902 2564 1000 2586 mere
1009 2551 1155 2586 voluisse
1165 2563 1263 2597 graec.
1274 2555 1393 2594 οἰκεῖος,
1402 2550 1500 2595 cujus
1508 2550 1578 2584 vim

903 2604 1098 2650 exposuerit
1111 2604 1243 2638 Victor.
1255 2602 1296 2638 ad
1310 2601 1384 2638 Cic.
1398 2604 1427 2647 1,
1442 2602 1514 2637 Att.
1531 2615 1579 2637 ιο.

946 2657 1020 2702 687.
1037 2658 1088 2690 Et
1096 2658 1210 2690 metito
1225 2655 1368 2702 abrupte
1385 2655 1527 2701 incipit,
1540 2661 1579 2688 ut

904 2709 955 2744 IX
968 2736 977 2753 ,
996 2709 1059 2753 584
1073 2735 1082 2752 ,
1100 2708 1158 2743 ubi
1175 2708 1241 2743 vid.
1258 2715 1353 2743 nota.
1373 2708 1425 2743 Ita
1441 2714 1476 2743 et
1488 2708 1579 2743 Pro-

903 2769 990 2809 pert.
1006 2763 1043 2807 I,
1060 2773 1139 2800 xvn
1153 2788 1162 2807 ,
1179 2762 1436 2798 1.-Admouere
1442 2773 1576 2807 preces,
