1832 3100
354 267 1052 325 METAMORPHOSEON
1091 277 1222 320 ΜΒ.
1260 278 1351 322 1v.

1475 274 1563 338 347

146 396 170 418 »
198 373 418 424 AEtherias
439 389 573 421 ausus
591 370 764 436 jactatis
785 370 849 419 ire
871 388 952 437 per
971 387 1126 426 auras;

146 479 170 500 »
195 455 427 506 Praeferrer
447 455 619 504 cunctis
641 466 756 503 certe
782 472 945 517 gener:
966 452 1125 501 addere
1150 450 1285 500 tantis

1472 480 1473 483 ¹
1499 477 1566 511 7⁰⁰

145 559 169 580 2>
195 537 391 586 Dotibus
411 548 455 586 et
478 537 706 595 meritum,
730 536 903 585 faveant
924 535 1059 583 modo
1082 533 1265 583 numina
1284 571 1296 591 ,
1323 544 1460 582 tento.

145 642 170 663 »
197 621 262 668 Ut
281 638 378 668 mea
401 619 487 677 sit,
513 631 681 668 servata
703 638 799 668 mea
821 618 983 667 virtute
998 656 1009 676 ‚
1035 617 1248 685 paciscor.
1279 639 1302 658 υ

141 701 383 769 Accipiunt
404 700 569 765 legem,
597 702 698 769 quis
724 702 840 750 enim
864 700 1124 749 dubitaret?
1147 710 1192 748 et
1215 710 1369 757 orant,

142 783 506 850 Pr0mittuntque
529 803 665 850 super
686 800 874 847 regnum
898 781 1046 831 dotale
1063 820 1076 840 ,
1102 793 1322 849 parentes.

141 867 256 915 Ecce
276 865 398 915 velut
418 866 542 915 navis
555 903 567 925 ,
593 865 773 933 praefixo
800 866 975 915 concita
995 877 1143 914 rostro
1158 902 1171 923 ,

1506 876 1573 923 705

141 947 294 998 Sulcat
314 968 450 1016 aquas
463 986 475 1008 ‚
499 949 711 1015 juvenum
736 949 1003 998 sudantibus
1022 959 1117 997 acta
1139 946 1312 996 lacertis
1331 965 1342 1006 3

141 1031 214 1080 Sic
237 1031 349 1090 fera,
375 1031 557 1081 dimotis
578 1031 776 1099 impulsu
799 1031 996 1098 pectoris
1019 1029 1152 1079 undis
1166 1067 1178 1088 ,

140 1116 335 1163 Tantum
359 1115 512 1164 aberat
535 1115 754 1183 scopulis,
783 1127 997 1182 quantum
1016 1113 1243 1162 Balearica
1265 1124 1386 1161 torto

140 1197 296 1246 Funda
319 1209 471 1265 potest
493 1196 681 1265 plumbo
706 1198 839 1247 medii
866 1197 1165 1247 transmittere
1188 1195 1281 1245 caeli
1301 1216 1311 1254 ;

143 1281 298 1344 Quum
319 1279 470 1329 subito
492 1280 688 1346 juvenis,
714 1281 909 1348 pedibus
934 1280 1089 1330 tellure
1115 1278 1292 1346 repulsa
1307 1315 1319 1337 ‚

1510 1302 1576 1339 710

141 1361 326 1410 Arduus
346 1361 394 1410 in
417 1362 562 1410 nubes
586 1363 698 1411 abiit
720 1383 729 1411 ε
752 1375 803 1411 ut
827 1363 874 1411 in
898 1382 1075 1430 aequore
1100 1381 1274 1411 summo

143 1444 315 1492 Umbra
338 1444 418 1492 viri
442 1444 534 1493 visa
556 1457 623 1494 est
637 1483 649 1504 ,
676 1446 815 1495 visam
835 1446 928 1495 fera
951 1445 1074 1495 saevit
1098 1445 1143 1493 in
1169 1444 1386 1493 umbram.

143 1590 239 1626 Nihil
253 1591 351 1627 enim
368 1599 419 1628 est
435 1598 509 1627 lam
529 1597 734 1642 ὼσᾳύλοεκτον
747 1619 757 1638 ,
785 1595 826 1633 ὡς

141 1650 214 1688 γυνὴ
225 1669 235 1687 ,
253 1651 292 1679 ut
306 1651 359 1679 est
368 1644 460 1691 apud
474 1644 595 1691 Eurip.
610 1646 733 1692 fragm.
747 1645 825 1680 Da-

139 1709 235 1732 naes.
251 1696 368 1732 Nescit
386 1703 504 1732 tamen
520 1698 644 1733 Heius.
663 1711 708 1733 an
725 1702 825 1734 clau-

137 1762 198 1788 sa,
215 1748 370 1784 absolute
386 1749 561 1796 positum,
579 1750 623 1785 sit
639 1751 719 1786 satis
743 1751 821 1787 lati-

139 1813 229 1835 num
245 1815 254 1843 ;
278 1800 340 1837 sed
355 1801 445 1837 bene
462 1802 660 1838 Burmann.
676 1809 801 1838 monet
812 1829 823 1847 ,

139 1854 246 1889 etiam
257 1881 267 1898 ,
281 1854 338 1890 III
349 1880 359 1898 ,
380 1855 457 1890 Art.
470 1856 533 1899 415
546 1881 555 1899 ,
567 1855 718 1890 Danaen
729 1859 824 1890 clau-

119 1919 216 1949 ‘sam
241 1906 308 1942 dici
323 1907 536 1954 simpliciter.
545 1927 590 1935 —
610 1911 800 1943 Fecundum
810 1936 819 1949 7

139 1960 354 2004 secundans,
373 1961 439 1995 utI
453 1987 462 2004 ,
480 1962 566 2004 420,
581 1965 703 2005 vivax,
719 1961 826 1996 vitam

142 2010 238 2046 dans.
248 2030 292 2037 --
302 2013 481 2046 AElkerias.
495 2010 618 2047 Codex
634 2013 764 2058 Regius
779 2013 826 2057 A,

142 2065 335 2107 AElhereasf
353 2064 475 2101 Codex
488 2065 518 2100 B
531 2092 541 2110 ,
559 2066 696 2101 Aerias.

188 2130 262 2162 70¹·
274 2119 430 2152 Dotae'bus.
457 2120 532 2153 Dos
544 2145 552 2159 ,
570 2117 742 2164 quidquid
760 2117 828 2153 ho-

142 2169 277 2204 minem
294 2177 354 2205 aut
370 2183 447 2205 rem
464 2170 616 2216 aliquam
639 2183 826 2206 commen-

142 2219 211 2256 dat.
226 2221 315 2257 Plin.
329 2223 364 2266 Ι,
377 2222 441 2268 Ep.
453 2234 541 2257 xxw
551 2249 561 2267 ,
574 2226 825 2267 52praed1blum,

140 2274 234 2316 quod
245 2276 495 2309 commendatur
515 2276 570 2309 his·
584 2276 728 2309 dotibus.
743 2275 826 2310 Non

141 2338 226 2372 ergo
237 2325 293 2361 hic
303 2326 427 2372 respici
438 2334 523 2372 puto
533 2326 642 2372 prisca
653 2334 825 2373 tempora,

141 2378 266 2423 quihus
278 2390 426 2424 sponsus
441 2386 476 2414 et
498 2392 633 2425 sponsae
653 2387 688 2415 et
705 2392 826 2426 paren-

149 2429 242 2466 tibus
255 2431 332 2477 ejus
344 2431 466 2467 dotem
481 2432 619 2467 adferre
641 2433 783 2468 solebat.

185 2482 260 2527 703.
283 2483 449 2528 Accipere
471 2487 575 2529 legem
601 2486 753 2520 formula
771 2498 825 2521 so—

139 2534 266 2570 temnis
279 2562 287 2575 ‚
330 2538 393 2570 den
434 2538 470 2571 V
465 2539 623 2583 orschlag
655 2540 825 2583 eingehen.

140 2586 303 2633 Apollod.
329 2590 377 2624 ἐπὶ
401 2592 516 2628 τούτοις
537 2593 700 2634 γενομένων
724 2592 825 2639 ὅρκων.

139 2657 184 2666 -·
203 2641 289 2684 Quis
313 2644 400 2675 enirn
424 2643 592 2675 dubitaret
604 2645 623 2677 Ρ
655 2642 825 2676 Heinsius

140 2691 215 2727 vult
230 2718 239 2736 ,
256 2695 339 2738 quid
347 2697 435 2728 enirn
449 2695 643 2730 dubitetur?
658 2713 702 2719 —
715 2693 827 2728 Codi-

142 2750 198 2779 ces'
215 2746 327 2780 nostri
351 2745 482 2782 habent
498 2746 682 2792 vulgatam.
707 2748 772 2780 Ed.
784 2765 828 2772 —

143 2795 258 2842 Super,
275 2798 427 2845 insuper.
439 2802 628 2845 -Dotale,
646 2799 684 2835 in
697 2799 828 2836 dotem.

936 1595 1011 1640 705.
1035 1594 1127 1628 Ecce
1143 1595 1236 1628 velut
1252 1594 1360 1627 nanze.
1378 1590 1462 1626 Non
1485 1589 1578 1624 male

890 1643 1024 1680 delecta
1040 1644 1246 1680 similitudo.
1275 1643 1366 1679 Plin.
1387 1643 1479 1678 Hist.
1495 1642 1577 1678 Nat.

891 1697 966 1741 lx,
994 1708 1033 1731 vi
1048 1724 1057 1741 ,
1084 1697 1123 1738 (3,
1147 1697 1190 1732 de
1216 1696 1372 1731 balaena:
1397 1697 1582 1730 Eminebat

890 1751 992 1784 dorso
1015 1752 1153 1784 mullum
1181 1751 1282 1794 super
1300 1761 1409 1793 aquas
1422 1774 1431 1791 ,
1458 1750 1581 1782 carine

891 1805 966 1836 vice
982 1805 1129 1836 inversu.
1162 1801 1264 1836 Idem
1292 1799 1374 1836 ibid.
1399 1799 1443 1834 de
1463 1798 1552 1833 orcis
1568 1823 1578 1841 ,

891 1856 1044 1888 baloenas
1069 1857 1223 1894 incursu,
1258 1865 1317 1887 ceu
1340 1854 1580 1886 liburnicarum

892 1910 1016 1941 rostris
1028 1934 1037 1946 ‚
1062 1906 1216 1950 fhdiunl.
1235 1924 1279 1932 --
1294 1906 1413 1940 Sulca!
1427 1903 1584 1950 exquisi-

895 1960 964 1994 tius
979 1986 986 1999 ‚
1011 1971 1117 2004 quam
1133 1985 1143 2002 ,
1162 1957 1278 1993 findit.
1296 1957 1420 2003 Virgil.
1440 1955 1584 1991 AEneid.

895 2012 944 2055 V,
964 2013 1025 2047 158
1043 2038 1052 2056 ,
1085 2013 1222 2046 sulcant
1233 2012 1326 2045 vada
1341 2012 1439 2045 salsa
1450 2012 1581 2045 carina.

891 2083 937 2091 —
950 2065 1115 2108 Iuvenes,
1144 2063 1304 2110 remiges.

939 2117 1013 2162 708.
1037 2114 1355 2159 Balean'aeasunda.
1378 2114 1580 2149 Balearium

891 2169 1088 2204 insularum
1098 2168 1227 2203 incolas
1239 2168 1259 2202 s
1256 2167 1343 2203 uisse
1354 2166 1580 2213 peritissimos

891 2221 1089 2256 funditores
1106 2221 1186 2255 satis
1197 2227 1337 2255 notum.
1354 2222 1421 2254 Ed.
1432 2238 1477 2246 —-
1497 2220 1583 2254 Tor-

892 2281 927 2311 to
939 2303 947 2317 ‚
967 2275 1062 2322 quod
1081 2282 1280 2320 torquetur,
1293 2273 1448 2308 mittitur
1464 2286 1483 2307 e
1499 2273 1582 2307 sun-

892 2328 946 2364 da.
962 2331 1165 2364 ——Pedibus
1180 2335 1245 2363 etc.
1262 2355 1270 2369 ,
1292 2334 1331 2362 ut
1345 2327 1417 2361 vim
1435 2325 1582 2360 adderet

891 2382 1042 2428 corpori.
1055 2380 1147 2415 Vide
1165 2380 1208 2415 ad
1226 2380 1262 2415 11
1278 2407 1286 2421 ,
1309 2379 1384 2426 785.
1399 2397 1444 2404 --
1458 2379 1501 2412 In
1517 2391 1581 2412 nu-

892 2436 951 2468 bes
963 2440 1023 2469 aut
1038 2436 1089 2468 ad
1101 2437 1198 2469 astra
1213 2435 1307 2468 abire
1317 2431 1485 2466 dicuntur
1501 2441 1581 2463 om-

891 2486 980 2520 nino
998 2486 1058 2530 qui
1082 2498 1117 2520 se
1137 2485 1300 2519 attollunt
1326 2484 1362 2517 in
1382 2495 1472 2517 aera.
1498 2482 1581 2516 Jam

892 2539 929 2573 in
940 2551 1056 2584 pugna
1072 2537 1129 2572 illa
1146 2535 1393 2575 describenda,
1413 2547 1480 2581 qua
1491 2535 1583 2569 Per—

891 2605 926 2627 se
933 2606 972 2627 us
985 2599 1072 2626 etex
1084 2604 1162 2625 aere
1177 2598 1263 2625 etex
1273 2589 1415 2635 scopulo
1425 2588 1579 2624 belluam

894 2642 1109 2689 aggreditur,
1124 2641 1295 2687 plurimus
1312 2647 1364 2677 est
1381 2655 1389 2683 ;
1407 2653 1523 2686 neque
1540 2639 1578 2674 in

893 2708 934 2729 ea
970 2701 1081 2740 poetae
1108 2694 1328 2740 phantasiam
1358 2692 1579 2728 desiderabis.

893 2747 1098 2783 Similitudo
1124 2748 1248 2793 aquilae
1265 2747 1321 2782 hic
1339 2747 1464 2782 melius
1482 2745 1577 2782 adhi-

892 2801 987 2846 bita,
1015 2813 1121 2846 quam
1138 2813 1243 2847 supra
1268 2801 1332 2837 362
1354 2813 1429 2846 sqq.
