1832 3100
338 171 1063 248 METAMoRPHOSEON
1097 204 1229 248 LIB.
1265 205 1388 249 v11.

1499 206 1588 264 519

155 295 339 354 Incidit,
366 314 504 344 exosae
524 294 668 343 dictas
691 313 715 343 a
737 293 895 363 pellice
920 307 1070 344 terras.

157 374 278 422 Dum
300 374 442 428 visum
465 371 652 422 mortale
675 372 839 422 malum
857 410 869 431 ,

899 384 1118 439 tantaeque
1142 372 1310 421 latebat
1523 386 1588 421 525

161 451 304 500 Causa
326 469 493 500 nocens
517 450 680 508 cladis;
707 462 954 518 pugnatum
978 462 1045 499 est
1066 462 1158 498 arte
1180 451 1398 500 medendi.

158 527 356 576 Exitium
379 528 618 595 superabat
640 548 769 595 opem
784 566 795 586 ‚
821 548 917 595 quae
940 527 1053 577 victa
1071 528 1256 594 jacebat.

159 604 385 672 Principio
408 594 725 674 caelum'spissa
746 605 931 669 caligine
953 618 1090 654 terras

158 682 351 742 Pressit,
376 695 419 731 et
438 683 621 747 ignavos
643 684 825 735 inclusit
843 684 1043 733 nubibus
1065 695 1209 733 aestus.

156 761 366 829 Dumque
390 774 545 829 quater
563 764 728 829 junctis
752 762 953 830 implevit
977 762 1190 811 cornibus
1213 762 1370 812 orbem

1526 777 1590 813 530

154 844 304 902 Luna,
331 857 486 911 quater
507 844 691 912 plenum
714 857 892 894 tenuata
913 844 1107 894 retexuit
1131 844 1288 894 orbem
1307 865 1317 904 ;

152 925 357 975 Letiferis
380 925 509 975 calidi
534 927 760 994 spirarunt
782 927 961 976 flatibus
985 927 1154 976 Austri.

157 1008 342 1059 Constat
363 1020 408 1058 et
430 1009 479 1057 in
499 1009 648 1059 fontes
669 1010 828 1058 vitium
850 1009 1046 1068 venisse,
1072 1008 1306 1081 lacusque,

156 1149 263 1196 Apud
272 1149 518 1198 Thucydidem
532 1178 541 1196 ,
559 1152 596 1187 ΙΙ
609 1178 619 1196 ,
636 1153 695 1197 47,
710 1152 839 1198 aliquo-

157 1204 222 1240 ties
234 1204 339 1250 pestis
349 1204 477 1240 dicitur
491 1208 657 1251 ἐμπίπτειν.
667 1225 713 1232 —
723 1206 758 1241 A
763 1208 841 1250 pel-

155 1259 232 1292 licc.
245 1257 375 1304 AEgina
382 1257 518 1294 exJove
527 1258 677 1294 AEacum
685 1260 838 1306 peperit:

162 1309 215 1344 VI
226 1334 236 1352 ,
262 1321 276 1343 1
285 1309 334 1344 13.

204 1362 280 1395 525.
296 1362 452 1403 Mortale,
464 1362 630 1397 usitatum
641 1362 734 1397 inter
744 1374 844 1396 mor—

160 1413 245 1451 tales
257 1441 267 1459 ,
286 1415 443 1462 adeoque
461 1416 631 1452 naturale.
652 1416 711 1451 Sic
726 1419 843 1450 huma-

158 1479 237 1503 num
261 1469 387 1502 malam
398 1494 407 1508 ‚
437 1470 591 1503 hamane
610 1481 677 1508 res,
706 1470 848 1502 humani

158 1531 289 1554 sensus.
303 1519 490 1566 Virgilius,
506 1520 649 1555 AEneid.
659 1520 751 1563 XII,
764 1532 840 1567 797,

158 1573 280 1606 valnas
286 1574 437 1613 mortale,
452 1585 471 1607 a
482 1573 621 1607 mortali
632 1572 777 1617 illatum.
789 1572 842 1606 lbi

158 1636 299 1669 quoque
311 1651 321 1668 ,
333 1630 374 1659 ut
382 1637 479 1660 nunc
490 1651 500 1669 ,
511 1624 677 1660 divinitus
686 1625 841 1659 immisso

157 1677 349 1728 opponitur
360 1691 369 1721 ς
386 1678 447 1714 sed
458 1677 680 1713 Schirachius
689 1678 841 1713 hocloco

154 1728 409 1776 interpretatur
415 1731 640 1766 mortiferum
648 1738 770 1766 contra
779 1732 841 1766 lin-

156 1794 233 1828 guae
239 1795 354 1818 usum.
363 1801 407 1809 —
416 1785 607 1828 Pugnatum
617 1789 670 1819 est
678 1785 756 1819 felix
767 1798 842 1819 ver·

154 1834 243 1870 bum
253 1847 261 1869 :
271 1833 412 1879 Cicero,
424 1835 467 1870 de
476 1836 560 1870 Sen.
563 1838 782 1881 pugnandum
791 1841 844 1870 est

157 1890 275 1921 contra
284 1891 484 1922 senectutem
493 1915 500 1928 ‚
517 1893 674 1933 tanquam
685 1892 841 1923 morbum.

159 1939 367 1974 -Eaeiliam.
377 1966 386 1974 .
395 1965 404 1974 .
410 1939 571 1984 jacebat,·
587 1940 726 1976 Lucret.
745 1955 757 1975 1
768 1955 841 1988 177,

160 1994 338 2026 mussabat
354 1996 459 2037 tacito
474 1995 642 2028 medicina
657 1998 782 2029 timore.

205 2045 279 2087 ⁵²7·
307 2046 389 2088 (lae
403 2049 495 2080 ve'cta
504 2046 655 2089 jacebat.
676 2047 843 2082 Heinsius

128 2133 137 2146 ι,
161 2095 260 2131 valde
282 2098 462 2133 metuebat
474 2125 484 2142 ,
514 2111 560 2133 ne
585 2099 653 2134 hoc
675 2099 842 2134 hemisti—

124 2154 134 2164 '
161 2150 280 2185 chium
292 2151 335 2186 sit
349 2152 392 2186 ab
403 2151 514 2187 aliena
529 2165 636 2187 manu
646 2180 655 2197 ‚
675 2166 752 2198 quae
763 2166 843 2187 ver-

161 2215 266 2237 suma
274 2204 413 2238 Nasone
423 2205 588 2239 mutilum
598 2206 842 2252 relictumsup-

160 2254 255 2300 plere
273 2255 423 2291 voluerit
439 2269 447 2291 :
464 2257 730 2293 rescribendum
747 2265 841 2294 certe

159 2322 232 2344 esse
242 2335 252 2353 ,
275 2322 353 2354 spes
369 2313 461 2344 victa
469 2311 623 2354 jacebat.
652 2312 733 2355 Quoe
751 2315 844 2346 victa

151 2362 295 2403 jacebat
304 2362 455 2397 otiosum
469 2363 613 2408 quidem
625 2371 676 2398 est
688 2371 765 2409 post
777 2377 844 2399 an-

157 2413 372 2455 tecedentia;
397 2428 513 2461 neque
531 2423 651 2450 tamen
670 2417 711 2451 ab
731 2416 843 2451 aliena

157 2477 266 2500 manu
279 2466 438 2502 additum
451 2481 532 2503 cum
545 2468 694 2504 Heinsio
709 2475 842 2514 putem.

160 2517 294 2553 Passim
310 2526 430 2554 noster
441 2520 488 2555 sic
500 2520 660 2555 luxuriat.
671 2540 715 2547 —
723 2521 843 2557 Nostri

160 2570 294 2606 codices
310 2571 440 2608 habent
452 2587 545 2618 opes.
567 2578 726 2620 vtktaeque
732 2576 843 2619 jace-

163 2625 261 2658 bant:
270 2636 346 2659 non
354 2624 578 2670 ingratamihi
586 2626 725 2661 videtur
733 2627 844 2662 Hein-

164 2676 205 2711 sii
220 2676 420 2712 emendatio
435 2692 443 2719 ;
463 2679 600 2725 vulgata
617 2686 736 2715 tamen
754 2678 843 2716 Ovi-

166 2727 271 2764 diana
287 2729 354 2765 dici
369 2737 492 2775 potest.
505 2732 571 2765 Ed.

959 1153 1032 1188 528.
1066 1153 1187 1186 Coelum
1216 1155 1330 1196 spissa
1354 1154 1500 1197 caligine
1526 1161 1590 1187 etc.

906 1204 1009 1240 AEstu
1036 1204 1148 1239 nimio
1174 1212 1306 1250 pestem
1329 1204 1366 1239 in
1393 1218 1473 1239 aere
1495 1205 1589 1251 gigni

905 1257 1074 1303 putabant
1091 1256 1246 1291 Veteres.
1258 1259 1391 1291 Pressit
1399 1257 1489 1291 bene
1504 1270 1591 1292 con-

906 1310 1003 1345 venit
1018 1316 1061 1358 τῷ
1075 1313 1198 1354 ,φιλ-Μ.
1223 1309 1362 1344 Lucret.
1389 1323 1401 1343 1
1413 1323 1470 1355 ¹¹7
1486 1325 1493 1350 ;
1517 1309 1591 1344 Se-

904 1375 991 1397 neca
1000 1389 1009 1406 ,
1031 1362 1116 1396 OEd.
1128 1364 1182 1407 47,
1199 1365 1313 1406 gravis
1323 1367 1358 1395 et
1367 1366 1443 1395 ater
1455 1363 1596 1396 incubat

904 1419 1000 1450 terrt‘s
1015 1429 1127 1460 vapor.
1137 1434 1182 1441 —
1193 1417 1348 1460 Ignaros,
1363 1414 1592 1460 qui'reddunt

904 1468 1047 1514 ignavos
1073 1474 1109 1502 et
1133 1467 1315 1513 languidos
1334 1481 1342 1502 :
1365 1469 1488 1502 confer
1505 1480 1592 1502 ver-

904 1534 982 1556 sum
997 1523 1058 1566 547
1073 1547 1082 1564 ,
1100 1528 1135 1556 et
1152 1521 1355 1555 Lucretium
1369 1547 1378 1564 ‚
1399 1520 1452 1554 VI
1466 1547 1475 1563 ,
1498 1533 1511 1555 1
1522 1522 1593 1563 154.

905 1573 1025 1608 AEstus
1049 1580 1084 1608 et
1110 1574 1255 1618 languor
1276 1572 1461 1607 saevissima
1484 1572 1590 1617 hujus

904 1626 1019 1660 morbi
1035 1632 1269 1673 symptomata
1286 1631 1397 1660 erant.

950 1680 1025 1714 530.
1049 1682 1195 1715 Junctis.
1208 1704 1215 1712 .
1228 1707 1235 1714 .
1251 1681 1415 1713 cornibus.
1428 1705 1435 1712 .
1446 1706 1453 1714 .
1467 1680 1590 1719 Luna:

907 1731 1056 1766 Codices
1072 1731 1174 1776 Regii
1188 1731 1321 1774 nostri,
1344 1734 1455 1775 plenis
1473 1733 1591 1765 corni-

905 1788 977 1824 bus,
998 1792 1037 1820 ut
1050 1797 1153 1830 supra
1164 1810 1173 1827 ,
1187 1797 1289 1819 versu
1304 1779 1377 1827 1⁴80,
1391 1787 1592 1828 plenissima

894 1840 1005 1884 fulsit
1014 1841 1122 1878 Luna,
1134 1846 1169 1874 et
1179 1838 1270 1884 apud
1283 1838 1404 1884 Virgil.
1419 1838 1590 1881 AEn.111,

910 1891 970 1924 152
984 1916 993 1933 ,
1011 1903 1049 1924 se
1065 1893 1173 1925 Plena
1187 1903 1252 1934 per
1267 1893 1413 1924 insertas
1419 1889 1595 1934 fundebat

906 1942 1007 1976 Luna
1013 1942 1196 1986 fenestras.
1215 1941 1282 1976 Ed.
1294 1960 1338 1968 —
1352 1942 1453 1975 Luna
1471 1946 1591 1975 tenua-

905 1998 961 2028 tur
972 2001 1006 2029 et
1022 1997 1191 2035 retexitur,
1207 2006 1317 2039 quum
1334 1993 1510 2028 decrescit.
1529 1994 1592 2026 72--

906 2047 1162 2081 nuariomnino
1176 2047 1300 2081 minui.
1309 2045 1391 2080 Vid.
1405 2044 1587 2080 Bruckhu-

905 2103 996 2144 sius,
1015 2102 1057 2136 ad
1078 2102 1304 2148 Propertium
1317 2129 1326 2145 ,
1347 2102 1402 2137 III
1416 2127 1425 2144 ,
1448 2115 1477 2142 1,
1497 2102 1526 2136 5.
1546 2100 1588 2134 In

906 2155 1015 2189 verbo
1031 2159 1177 2190 retexere
1191 2167 1265 2190 non
1286 2154 1434 2189 debebat
1449 2152 1592 2187 Schira-

908 2207 1005 2243 chius
1030 2207 1175 2242 haerere.
1204 2207 1304 2253 Saepe
1320 2233 1329 2250 ,
1361 2206 1467 2241 etiam
1497 2204 1588 2249 apud

909 2259 1117 2294 Ciceronem
1128 2267 1179 2294 est
1191 2259 1386 2294 dissolvere.
1397 2255 1488 2290 Vide
1500 2255 1589 2290 Gro-

907 2313 1002 2347 novii
1025 2312 1110 2349 Obs.
1137 2314 1201 2352 IV,
1229 2326 1262 2359 p.
1289 2311 1351 2356 706
1367 2324 1375 2352 ;
1403 2309 1587 2344 Claudian.

908 2365 1085 2409 XXVIII,
1096 2366 1168 2409 133,
1182 2370 1327 2399 retexere
1335 2366 1405 2401 iter,
1421 2361 1587 2407 relegere.

953 2419 1026 2453 533.
1044 2417 1208 2461 Infantes
1223 2419 1340 2450 vitium
1359 2417 1490 2448 venisse
1500 2423 1515 2455 ,ἵ
1536 2416 1588 2446 la-

907 2483 1038 2515 cusque.
1061 2468 1242 2503 Lucretius
1257 2494 1265 2511 ,
1283 2467 1361 2510 Vl,
1384 2467 1467 2501 1123
1482 2479 1490 2500 :
1505 2467 1588 2500 Hoer:

906 2526 1015 2567 igilur.
1025 2549 1032 2557 .
1043 2549 1051 2556 .
1055 2524 1230 2566 peste‘lltas
1239 2520 1274 2554 A
1275 2525 1314 2554 ut
1322 2523 1356 2554 in
1364 2532 1474 2565 aquas
1484 2521 1588 2560 cadit,

907 2578 970 2608 aul
976 2573 1098 2618 fruges
1107 2574 1253 2617 persidit
1267 2576 1302 2605 1⁰11
1313 2575 1408 2617 ipsas
1422 2582 1434 2613 ‚⁶
1462 2572 1589 2605 cousc-

907 2633 1005 2660 ratur
1022 2626 1046 2657 Ν
1058 2626 1188 2672 irgilius
1203 2652 1212 2670 ,
1228 2625 1359 2672 Georg.
1376 2626 1431 2660 ΙΙΙ
1446 2653 1453 2665 ,
1473 2626 1593 2669 480.—

914 2680 1039 2713 Vt'tt’um
1053 2692 1064 2722 ,·
1083 2678 1171 2713 aeris
1186 2678 1591 2724 corruptionem.—-.S‘er-

902 2737 1038 2777 pentum
1050 2745 1062 2775 ,⁰
1093 2745 1181 2777 aqua
1206 2731 1445 2777 corrumpitur
1464 2730 1589 2777 partim
