1832 3100
389 246 1120 297 METAMORPHOSEON
1157 251 1289 295 LIB.
1331 253 1369 296 I.

1541 270 1602 314 99

160 338 336 392 Retulit
355 339 590 407 antiquas;
615 338 779 407 partim
801 357 918 388 nova
940 350 1142 388 monstra
1163 341 1340 388 creavit.

161 419 244 469 Illa
266 418 446 487 quidem
468 416 634 476 nollet,
660 417 738 466 sed
763 429 805 467 te
831 435 1039 484 quoque,
1065 418 1252 467 maxime
1276 420 1479 487 Python,

161 496 278 547 Tum
303 496 479 561 genuit3
510 495 781 564 populisque
805 494 960 554 novis,
981 494 1211 558 incognita
1235 514 1438 562 serpens,

162 574 329 624 Terror
353 592 447 623 eras
467 593 477 622 ε
502 584 676 622 tantum
702 572 837 640 spatii
861 571 916 620 de
936 584 1088 622 monte
1111 571 1316 622 tenebas!

1539 588 1606 635 440

127 717 131 721 ,
165 653 297 701 Hanc
321 653 450 701 Deus
474 651 743 709 arcitenens,
770 662 815 700 et
836 649 1066 718 nunquam
1092 650 1257 700 talibus
1281 651 1414 699 armis

164 732 307 790 Ante,
329 730 419 779 nisi
440 730 488 779 in
512 730 654 779 damis
678 730 936 797 capreisque
959 729 1220 792 fugacibus,
1248 748 1357 778 usus
1372 767 1384 788 ‚

164 808 294 858 Mille
319 810 495 872 gravem
520 807 641 867 telis,
667 807 881 856 exhausta
900 826 1030 874 poene
1054 807 1261 874 pharetra
1277 845 1289 867 ,

164 887 390 946 Perdidit,
420 885 563 935 effuso
588 905 670 953 per
691 887 878 934 vulnera
897 886 1026 949 nigra
1046 904 1232 934 veneno.

207 1007 286 1056 437.
307 1009 461 1049 Retulit,
488 1006 623 1042 iterum
647 1005 788 1042 creavit.
811 1024 857 1033 ·-

167 1061 338 1099 Monstra,
349 1062 478 1111 ripam,
488 1058 657 1094 dicuntur
665 1085 675 1102 ,
686 1066 726 1093 ut
733 1071 857 1093 omnes

165 1126 222 1148 res
236 1112 405 1148 inauditae
422 1119 458 1148 et
473 1111 573 1147 mirae
588 1137 598 1156 ,
622 1112 670 1146 ita
687 1112 794 1146 etiam
806 1111 856 1145 se-

163 1176 215 1201 re
225 1164 408 1200 terribiles.
421 1164 561 1199 Lucret.
579 1163 613 1197 d.
630 1163 652 1197 l.
663 1176 672 1197 ι
682 1165 859 1208 lllullaque

165 1222 236 1252 lum
252 1219 370 1254 Tellus
376 1220 479 1251 etiam
486 1219 646 1260 portenta
660 1227 774 1249 creare
791 1215 859 1248 Co-

166 1274 253 1304 nata
264 1274 326 1304 est.
342 1269 463 1304 Etiam
475 1266 570 1314 apud
585 1267 712 1302 Horat.
725 1267 743 1302 I
756 1293 765 1310 ,
785 1265 858 1301 Od.

167 1332 199 1356 11
210 1347 221 1367 ,
233 1321 257 1356 6
273 1330 381 1356 :nova
395 1325 555 1355 monstra.
568 1337 613 1344 —-
626 1318 789 1353 Monstra
806 1318 859 1352 di-

168 1380 300 1409 cuntur
314 1373 424 1409 etiam
447 1373 638 1417 ἀτυχήματα
659 1383 667 1406 :
685 1378 856 1417 tanquam

168 1441 227 1463 res
237 1439 357 1470 novae,
370 1432 406 1461 et
418 1425 494 1460 sine
506 1436 605 1458 more
621 1430 857 1459 occurrentes.

211 1478 289 1525 438.
308 1480 434 1514 Nollet.
460 1477 598 1522 Nempe
614 1475 689 1511 sine
710 1489 774 1511 sua
792 1488 859 1510 vo-

166 1531 303 1566 luntate
313 1555 325 1574 ,
347 1527 532 1564 elementis
546 1528 594 1564 ita
608 1528 834 1574 operantibus
844 1554 855 1574 ,

166 1583 236 1619 hoc
242 1588 452 1629 portentum
460 1587 656 1628 pepererat.
666 1582 857 1628 —Pylhom

168 1635 202 1671 A
219 1639 325 1678 πύθαη
343 1634 571 1672 exhalationis
583 1634 681 1670 enim
697 1634 860 1680 putredi-

167 1703 253 1726 nem
276 1703 296 1725 a
319 1689 452 1725 diluvio
480 1701 623 1735 gravem
644 1688 707 1723 Sol
738 1687 858 1722 radio-

167 1755 250 1778 rum
263 1769 274 1787 ,
293 1749 464 1788 tanquam
477 1741 683 1788 sagittarum
695 1768 706 1786 ‚
723 1741 795 1776 ictu
810 1748 858 1776 at—

168 1795 330 1832 tenuavit
347 1795 609 1841 exsiccavitque.
625 1797 694 1831 Ed.
716 1814 762 1821 -
778 1797 858 1843 Py-

169 1852 304 1886 thonem
319 1851 410 1885 hunc
425 1849 578 1885 Homer.
589 1848 623 1883 h.
638 1848 754 1895 Apoll.
768 1862 858 1883 vers.

168 1902 234 1938 302
245 1929 256 1947 ,
273 1908 375 1937 vocat
392 1904 560 1952 ζατρεφέα,
586 1902 722 1947 μεγάλην
735 1927 745 1946 ,
772 1917 860 1948 τερας

169 1959 296 2007 ἅγριονς
318 1955 435 2002 Apoll.
452 1954 522 1990 Rh.
539 1961 659 1990 autem
678 1955 739 1998 11,
768 1953 833 1999 708
846 1980 856 1995 ,

171 2012 318 2056 διλξὺνην
326 2010 471 2058 πελώριον
480 2034 490 2050 ,
510 2006 605 2052 quod
615 2006 809 2052 spanhem.
820 2006 859 2040 in

171 2065 313 2108 δελφίνην
320 2059 534 2094 mutandum
544 2065 665 2094 censet
674 2071 714 2092 ex
726 2059 861 2093 thetz.

171 2113 215 2148 ad
230 2112 406 2161 Lycophr.
423 2126 457 2158 p.
470 2112 523 2156 43.
535 2111 626 2147 Inde
640 2110 767 2157 Apollo
784 2110 862 2146 dic-

172 2174 228 2202 tus
249 2165 408 2201 creditur
437 2169 595 2211 διὶᾳὶνιος.

216 2219 292 2268 439.
299 2220 479 2264 Incognita
486 2216 700 2252 femininum
708 2215 843 2263 praetuli
846 2222 861 2252 t

172 2272 297 2307 Burm.
315 2271 397 2317 quia
415 2269 532 2306 Schol.
547 2269 712 2315 Apollon.
730 2268 773 2304 ad
798 2269 834 2304 11
847 2295 857 2314 ,

173 2325 237 2371 708
249 2350 259 2369 ,
277 2322 385 2359 tradit
397 2350 407 2367 ,
430 2322 718 2365 hancaracoenam
729 2321 860 2356 dictam

171 2391 245 2414 esse
271 2380 417 2425 δελςιύνην
443 2388 573 2423 genere
605 2375 789 2410 feminino.
815 2394 861 2402 —-

171 2431 353 2475 Incognita
366 2429 500 2465 habent
523 2429 696 2465 Ber-nens.
714 2428 861 2475 Neapol.

172 2489 208 2518 et
218 2482 343 2518 decem
354 2482 420 2517 alii.
433 2481 555 2518 Ceteri
565 2509 574 2527 ,
591 2485 770 2526 incognile.

215 2536 294 2579 440.
316 2535 460 2569 Tantum
473 2537 588 2578 spatii.
601 2534 706 2580 Apud
720 2532 859 2569 Callim.

173 2601 261 2623 vers.
276 2587 334 2636 93,
348 2588 543 2623 Parnasum
559 2588 713 2634 implicat
729 2601 859 2623 novem

173 2640 317 2676 orbibus
329 2666 339 2684 ,
354 2647 389 2675 et
403 2639 494 2686 apud
508 2640 661 2676 Statium
673 2667 682 2684 ,
694 2641 808 2676 Theb.
821 2641 857 2685 I,

176 2693 462 2738 563,intersec.tus
471 2700 616 2739 occupat
622 2693 773 2738 spatium
780 2706 860 2728 cen-

175 2752 254 2780 tum
269 2746 445 2792 jugerum.
459 2764 505 2772 -
522 2746 577 2779 De
590 2750 702 2780 monle
716 2745 858 2788 maluit,

175 2809 282 2844 quam
292 2801 432 2841 monltlr,
456 2804 495 2831 ut
504 2809 693 2833 concursus
705 2796 859 2832 duorum

920 1005 1171 1041 Genitivorum
1182 1005 1362 1041 vitaretur.
1370 1006 1476 1040 —De
1486 1010 1607 1048 monle,

922 1060 1120 1094 Parnasum
1137 1066 1299 1093 montem
1311 1058 1472 1101 tenebat,
1490 1058 1609 1104 ibique

921 1111 975 1145 vel
998 1111 1137 1145 oracula
1162 1110 1309 1155 edebat,
1338 1110 1392 1145 vel
1415 1110 1611 1145 secundum

922 1162 1129 1209 Apollodor.
1154 1163 1336 1198 oraculum
1364 1162 1581 1198 custodiebat
1601 1177 1610 1200 ε

922 1228 1006 1249 nam
1032 1214 1201 1250 dracones
1221 1228 1311 1261 saepe
1329 1215 1492 1251 custodes
1513 1216 1613 1252 loco-

922 1280 1003 1302 rum
1020 1274 1132 1302 erant.
1151 1267 1233 1301 Vid.
1250 1267 1293 1302 ad
1312 1269 1367 1303 111
1383 1294 1392 1311 ,
1411 1269 1465 1305 31.
1484 1270 1531 1304 Et
1548 1270 1611 1305 tri-

923 1319 1031 1367 podes
1042 1321 1078 1355 in
1089 1320 1246 1355 nummis
1258 1321 1358 1355 multi
1368 1321 1613 1357 circumvoluti

922 1372 1133 1407 draconibus
1147 1372 1430 1418 conspiciuntur,
1447 1374 1527 1419 quia
1538 1374 1614 1408 dra-

923 1438 965 1459 co
983 1432 1106 1471 aptum
1124 1424 1167 1459 ad
1185 1425 1308 1471 auguri
1326 1439 1344 1459 a
1359 1426 1500 1460 animal.
1519 1426 1612 1461 Vide

923 1477 1118 1523 Spanhem.
1132 1477 1175 1512 ad
1193 1476 1399 1512 Callimachi
1414 1478 1448 1513 h.
1462 1478 1543 1514 Del.
1556 1493 1612 1528 9¹·

965 1533 1043 1576 441.
1076 1533 1189 1567 Hanc.
1219 1530 1365 1567 Obrect.
1392 1531 1483 1567 Cod.
1501 1533 1585 1568 8001
1601 1559 1612 1579 ,

921 1586 1011 1619 hunc
1020 1612 1029 1626 ‚
1045 1584 1094 1619 ita
1103 1591 1144 1619 ut
1155 1585 1330 1619 referatur
1339 1583 1381 1619 ad
1392 1585 1609 1632 Pythonem,

922 1649 1031 1683 quem
1051 1650 1155 1682 supra
1179 1637 1372 1672 masculino
1396 1651 1524 1684 genere
1545 1652 1613 1685 po-

922 1693 1000 1728 suit.
1011 1692 1281 1734 -Arcilcnens‚
1298 1691 1427 1738 Apollo
1437 1695 1610 1743 rogofco'pog,

921 1747 1047 1790 τοξότης
1058 1771 1067 1788 ,
1079 1757 1205 1791 praeses
1214 1743 1474 1790 sagittariorum
1485 1753 1519 1780 et
1530 1759 1612 1780 auc-

922 1803 980 1831 tor
1004 1796 1087 1831 artis
1102 1796 1317 1842 sagittandi:
1343 1796 1423 1831 vide
1451 1797 1613 1831 Rlacrob.

923 1849 978 1885 VI
991 1876 1000 1894 ,
1013 1850 1044 1884 5.
1059 1850 1161 1885 Inter
1171 1849 1314 1884 Latinos
1326 1849 1466 1884 Naevius
1477 1846 1613 1895 primus

922 1902 991 1938 hoc
1017 1902 1164 1937 nomine
1186 1915 1278 1937 usus.
1304 1920 1349 1927 ·-
1367 1903 1419 1935 Et
1430 1915 1609 1947 nunquam.

925 1955 1110 2000 Quoniam
1128 1959 1166 1989 el
1179 1961 1261 1989 ante
1282 1967 1451 2000 nunquam
1474 1954 1612 1990 moles-

923 2014 1002 2042 tum
1012 2014 1082 2051 est,
1099 2013 1287 2053 propterea
1305 2007 1424 2055 Heyn.
1436 2006 1479 2042 ad
1494 2007 1612 2043 Tibul.

927 2059 1015 2095 Obs.
1035 2059 1102 2104 IV,
1117 2071 1132 2093 1
1143 2085 1153 2103 ,
1170 2059 1231 2107 39,
1245 2058 1368 2094 suadet
1380 2073 1447 2094 non
1457 2074 1614 2106 anquam.

970 2112 1045 2156 442.
1074 2112 1116 2145 In
1146 2114 1277 2154 damis,
1312 2111 1349 2146 in
1375 2111 1505 2147 damas.
1539 2113 1612 2148 Sed

926 2162 1055 2209 Apollo
1070 2164 1159 2199 seras
1167 2163 1283 2211 ‘figens
1299 2164 1391 2211 apud
1410 2165 1493 2200 alios
1504 2166 1615 2212 scrip-

925 2222 1020 2251 tores
1038 2229 1111 2251 non
1127 2216 1290 2251 occurrit.

970 2269 1045 2315 443.
1061 2272 1162 2306 MHle
1173 2284 1318 2316 gravem.
1330 2270 1426 2305 Male
1441 2270 1566 2306 Heins.
1578 2279 1616 2308 et

924 2322 1138 2370 Zinzerling.
1150 2324 1383 2370 praeferebant
1387 2327 1498 2368 gravi,
1517 2323 1613 2369 quod

925 2377 1080 2412 Pontan.
1096 2384 1131 2412 et
1144 2377 1341 2412 Burmann.
1353 2377 1612 2423 improbarunt.

924 2431 1127 2469 —Gravenn
1145 2437 1334 2476 gravatam,
1346 2436 1524 2474 onustam,
1535 2430 1612 2476 ple-

925 2495 1019 2518 nam.
1031 2481 1121 2517 Vide
1133 2481 1354 2517 Freinshem.
1368 2481 1409 2516 ad
1424 2482 1516 2516 Flor.
1534 2483 1589 2518 111
1599 2509 1610 2527 ,

925 2547 962 2579 v,
985 2535 1034 2569 18.
1053 2534 1099 2569 Et
1115 2535 1261 2568 omnino
1275 2538 1406 2579 gravis,
1427 2535 1486 2580 qui
1503 2543 1614 2582 gestat

926 2586 1054 2633 aliquid
1072 2601 1079 2621 :
1099 2587 1211 2629 XIV,
1239 2587 1304 2622 528
1317 2614 1327 2631 ,
1351 2588 1476 2632 jaculo
1496 2592 1613 2633 graculi·

925 2641 1072 2673 dextera.
1090 2657 1134 2664 —-
1158 2639 1258 2672 Mille
1278 2641 1365 2674 leus.
1387 2639 1519 2674 Statius
1531 2667 1541 2684 ,
1557 2640 1613 2682 V,

926 2691 989 2725 532
1000 2717 1009 2734 ,
1032 2690 1114 2725 dicit
1130 2693 1350 2726 arundineam
1369 2697 1507 2727 centeno
1523 2685 1608 2726 vul*-

924 2757 1001 2779 nere
1013 2746 1133 2778 silvam
1149 2745 1289 2780 vexisse.

969 2797 1046 2840 444.
1065 2798 1188 2842 Nigra,
1200 2797 1254 2832 vel
1265 2797 1346 2843 quia
1357 2805 1538 2844 serpentes
1547 2797 1613 2843 ipsi
