1832 3100
334 257 1030 309 METAMORPHOSEON
1062 260 1193 314 LIB.
1229 261 1299 305 ῙῙ.

109 351 235 404 Colla
252 353 360 420 jugo
385 354 603 422 eripiunt,
626 353 906 421 abruptaque
930 352 1025 402 lora
1050 353 1325 419 relinquunt.

1456 260 1537 320 ¹⁶9

1474 367 1539 401 315

106 431 205 480 Illic
226 431 350 481 frena
369 432 538 497 jacent,
563 431 655 479 illic
677 444 853 481 temone
876 430 1079 480 revulsus

106 507 242 566 Axis;
266 509 314 557 in
337 509 419 558 hac
439 509 551 558 radii
573 509 810 558 fractarum
835 519 960 575 par-te
982 494 1181 556 rotarum
1203 525 1214 554 ε

109 585 359 653 Sparsaque
383 599 489 636 sunt
510 587 597 636 late
620 586 752 636 laceri
772 587 955 651 vestigia
980 603 1149 635 currus.

48 699 54 704 -
108 664 173 712 At
195 664 431 714 Phaethon
445 703 458 725 ,
482 666 644 716 rutilos
667 665 841 715 flamma
866 663 1110 732 populante
1134 661 1344 729 capillos,

109 741 320 792 Volvitur
343 743 390 791 in
412 763 630 811 praeceps,
657 743 886 810 longoque
909 762 991 810 per
1015 761 1114 792 aera
1138 753 1281 790 tractu

1478 755 1546 788 320

109 820 291 879 Fer-tum
316 833 369 870 ut
389 821 614 873 interdum
638 821 692 870 de
717 821 823 870 caelo
849 821 978 870 stella
1001 839 1155 869 sereno
1171 857 1184 878 ‚

109 897 211 946 Etsi
230 918 325 947 non
348 900 529 958 cecidit,
556 900 708 967 potuit
731 899 940 949 cecidisse
962 898 1116 947 videri.

112 974 262 1039 Quem
282 976 443 1044 procul
465 996 490 1026 a
513 978 660 1044 patria
683 977 858 1027 diverso
877 977 1095 1027 maximus
1118 975 1229 1024 orbe

111 1103 256 1150 maioris
266 1109 271 1114 '
283 1111 335 1141 est
366 1105 520 1152 impetus
548 1113 586 1141 et
610 1106 799 1141 violentiae.

114 1156 204 1192 Ibid.
217 1155 356 1193 Caelest.
372 1157 516 1193 Fames.
531 1170 623 1192 unus
634 1157 777 1192 Thuani
789 1183 798 1198 ‚

114 1222 288 1245 sevos.—
302 1210 423 1247 Nostri
436 1209 552 1246 Codd.
568 1212 700 1255 expuli!
700 1234 750 1245 .....
765 1215 802 1243 et

117 1266 225 1300 sevis.

161 1315 239 1352 315.
255 1317 348 1361 Jugo
362 1319 516 1361 eripiunt.
541 1314 650 1350 MSS.
668 1314 770 1349 multi
789 1341 799 1359 ,

111 1369 198 1412 jugo
218 1372 394 1404 esculismt
404 1396 414 1410 ‚
443 1367 540 1414 quod
551 1394 560 1412 ,
588 1374 628 1402 ut
653 1368 777 1402 fortius
790 1393 799 1411 ,

123 1420 262 1457 Ciosan.
284 1421 435 1459 Famab.
456 1428 493 1456 et
514 1420 640 1456 Heius.
666 1419 805 1466 placuit.

121 1473 247 1509 Burm.
257 1481 382 1513 contra
390 1481 527 1517 monet,
542 1480 635 1508 recte
645 1473 802 1518 quidem,

121 1525 191 1562 dici
204 1529 304 1565 collatu
309 1526 402 1572 juga
415 1531 580 1566 excutere,
598 1538 672 1559 non
685 1531 806 1559 autem

121 1579 428 1624 collajugmstatque
438 1578 545 1614 etiam
557 1578 681 1613 Senec.
695 1577 805 1623 Hipp.

123 1630 210 1675 1084
221 1656 232 1675 ,
250 1630 310 1666 uhi
322 1631 494 1668 Nostrum
504 1631 676 1675 imitatur,
688 1630 805 1675 scrip—

118 1683 214 1728 sisse,
225 1697 326 1730 seque
332 1685 591 1730 luctanturjugo
602 1686 749 1729 Eripere.
762 1701 808 1710 --

122 1737 318 1784 vulgatum
340 1739 536 1775 admittunt
552 1739 675 1775 nostri.

164 1789 242 1826 316.
269 1792 350 1827 Ilm.-
371 1791 479 1836 frena
495 1793 629 1837 jacent.
661 1791 807 1826 Lucian.

123 1842 158 1878 d·
173 1841 197 1878 l·
213 1855 223 1879 ὅ
238 1846 378 1890 Κατὲαγε
394 1846 513 1894 ὅρυμὲς
527 1871 537 1889 ,
560 1850 615 1880 καὶ
630 1846 732 1893 ἅτερος
748 1850 808 1881 τῶν

123 1902 242 1946 τροχῶν
251 1899 473 1941 συντέτριπται.
481 1899 598 1932 Rutili
603 1896 808 1943 (goldgelbe)

123 1950 264 1993 capilli,
303 1949 423 1994 quales
443 1976 453 1994 ,
478 1950 603 1985 Tacito
635 1957 777 1984 auctore
798 1976 808 1994 ,

126 1999 299 2036 Germani
334 2001 436 2047 prisci
467 2002 644 2037 habebant
656 2029 666 2046 ,
690 2015 811 2048 pone—

125 2054 258 2089 bantur
266 2053 359 2101 apud
367 2055 518 2091 Veteres
524 2055 562 2090 in
574 2068 703 2101 magna
714 2061 813 2100 parte

128 2106 409 2152 pulchritudinis.
420 2107 599 2143 Dicuntur
607 2108 714 2142 etiam
711 2110 812 2152 flavi,

130 2172 240 2206 graece
261 2164 393 2202 ἦλιῶσαι
408 2168 444 2196 et
458 2167 574 2212 χρυσαῖ
589 2167 693 2212 τρίχες
711 2174 719 2196 z
734 2161 815 2196 vide

129 2212 181 2248 H.
197 2212 422 2258 Stephanum
439 2213 483 2247 ad
503 2213 738 2249 Anacreontis
757 2213 814 2249 od.

130 2277 219 2301 xnx
231 2293 242 2310 ,
271 2268 302 2303 5.
331 2266 451 2302 Hodie
479 2268 590 2313 magis
620 2267 816 2313 probantur

129 2320 252 2354 blonde
266 2320 395 2354 Haare.
404 2337 451 2346 —
467 2322 567 2355 Volui
574 2319 617 2354 de
631 2319 816 2355 decidente

130 2371 236 2407 etiam
248 2397 258 2415 ‚
272 2372 327 2406 Vl
340 2397 350 2415 ‚
371 2373 456 2413 238;
474 2371 572 2418 Virg.
586 2372 670 2407 AEn.
689 2372 726 2415 I,
744 2374 816 2407 115.

131 2426 347 2470 Inproeceps,
367 2426 405 2460 in
418 2433 542 2471 caput,
558 2439 673 2471 prono
684 2426 814 2472 capite3

130 2495 176 2503 ·—
199 2477 308 2511 Stella
322 2483 388 2513 etc.
409 2476 545 2512 Confer
563 2477 702 2513 Callim.
719 2478 818 2526 hym-

132 2541 223 2564 num
246 2528 327 2564 Del.
349 2530 402 2565 38.
432 2530 651 2575 Huiusmodi
668 2531 766 2576 ignes
780 2531 818 2565 in

133 2594 214 2616 aere
231 2581 423 2617 emicantes
436 2608 446 2626 ‚
464 2581 596 2618 Graecis
611 2582 820 2618 dicebantur

137 2635 318 2674 δίοἱττοντες.
349 2634 474 2669 Senec.
494 2634 574 2669 Nat.
594 2635 729 2679 Quaest.
747 2636 784 2670 Π
806 2662 816 2680 ,

138 2689 180 2731 14
193 2700 202 2722 2
215 2688 326 2722 Stelloe
340 2689 598 2721 transvolantes.

179 2739 257 2774 318.
274 2739 362 2773 Late
380 2741 493 2774 laceri.
510 2739 635 2773 Burin.
648 2751 749 2774 aures
762 2738 821 2773 in·-

137 2798 237 2838 grato
262 2803 350 2828 sono
373 2793 444 2827 late
461 2793 570 2828 laceri
583 2787 823 2828 offendebam-

865 1113 946 1148 tur;
978 1111 1193 1151 quapropter
1215 1116 1298 1139 cum
1318 1102 1428 1138 MSS.
1448 1115 1550 1137 non*

864 1158 970 1193 nullis
995 1157 1147 1192 malebat
1162 1159 1271 1191 laceri
1285 1158 1363 1190 late.
1392 1154 1465 1189 Sed
1481 1154 1551 1188 vid.

867 1210 911 1246 ad
930 1211 946 1245 Ι
961 1236 972 1254 ,
991 1224 1066 1258 299·

912 1263 988 1298 322.
1004 1265 1089 1296 Etsi
1103 1275 1170 1296 non
1185 1263 1318 1296 cecidit.
1337 1258 1427 1295 Cod.
1445 1259 1488 1293 R.
1508 1257 1551 1292 A.

865 1329 938 1361 quoe
952 1319 1059 1349 sinon
1070 1316 1202 1349 cecidit.
1213 1332 1257 1341 ·--
1267 1316 1384 1348 Potuit
1391 1313 1554 1346 cea'ah‘ssc

867 1371 983 1404 wideri.
1009 1368 1175 1414 Respexit
1196 1368 1339 1402 sortasse
1357 1364 1554 1399 Aristotelis

867 1421 1020 1456 Meteor.
1029 1431 1056 1464 1,
1066 1423 1099 1464 4;
1108 1419 1168 1455 ubi
1177 1417 1381 1464 hujusmodi
1390 1418 1488 1463 ignes
1495 1429 1553 1450 vo·

866 1480 993 1508 cantur
1010 1478 1159 1511 δοκοῦντες
1171 1473 1278 1522 ‹ig-ipss
1292 1472 1438 1507 δίάττειν.
1455 1467 1552 1504 Cum

867 1527 928 1561 tali
948 1526 1046 1562 stella
1069 1525 1177 1561 etiam
1203 1522 1296 1570 apud
1320 1523 1524 1557 Homerum
1541 1547 1551 1565 ‚

869 1579 910 1614 Il.
927 1585 952 1613 Δ
967 1605 976 1623 ,
996 1580 1036 1624 75
1051 1605 1060 1622 ,
1080 1579 1255 1614 Minervae
1269 1576 1429 1622 delapsus
1447 1587 1554 1610 com—

867 1639 1021 1679 paratur.
1041 1631 1190 1667 Phaeth.
1218 1643 1338 1666 casum
1362 1630 1399 1664 in
1423 1629 1555 1664 Win-

868 1685 1051 1720 kelmanni
1068 1685 1235 1719 Monum.
1255 1682 1397 1718 ineditis
1409 1708 1419 1726 ,
1436 1695 1473 1716 n.
1489 1681 1531 1725 43
1545 1707 1555 1722 ,

870 1750 1072 1784 expressum
1089 1736 1195 1772 vides.

915 1791 990 1826 323.
1007 1793 1151 1825 Diverso
1167 1791 1256 1825 orbe.
1271 1789 1437 1823 Diversus
1449 1788 1555 1820 orbis.

871 1856 951 1890 pars
960 1843 1054 1878 orbis
1062 1850 1239 1878 terrarum
1247 1840 1418 1886 opposita,
1428 1850 1557 1883 nempe

871 1895 1164 1941 septentrionalis.
1185 1895 1373 1928 Eridanum
1388 1890 1559 1936 excepisse

875 1947 1265 1991 Phaethonta‚Veteres
1273 1951 1477 1980 constanter
1488 1951 1561 1978 tra-

875 2000 986 2044 dunt,
1006 2000 1072 2035 nisi
1090 1998 1186 2044 quod
1205 1998 1412 2033 Aristoteles
1428 1997 1472 2031 de
1490 1996 1560 2031 Mi-

875 2054 972 2088 rabb.
997 2055 1038 2088 82
1056 2066 1065 2088 ε
1081 2053 1197 2088 lacum
1213 2052 1312 2098 aquis
1330 2051 1473 2087 fervidis
1489 2063 1560 2086 aes-

877 2112 1039 2141 tuantem
1054 2106 1151 2150 iuxta
1166 2104 1262 2140 hunc
1279 2103 1429 2138 fluvium
1442 2101 1562 2136 nomi—

877 2167 950 2195 nat.
970 2157 1232 2204 Antiquissimis
1247 2156 1379 2192 Graecis
1389 2157 1563 2190 Eridanus

877 2219 955 2248 erat
964 2212 1002 2247 in
1013 2212 1170 2257 margine
1182 2211 1335 2256 Europae
1343 2207 1563 2250 occidentali,

878 2267 916 2301 in
927 2266 1116 2302 Oceanum
1123 2264 1438 2311 septentrionalem
1444 2276 1479 2298 se
1489 2274 1566 2297 exo-

879 2333 1009 2355 nerans
1024 2345 1033 2363 ,
1055 2318 1099 2354 ad
1123 2318 1223 2363 cuius
1245 2317 1376 2352 ostium
1392 2316 1563 2351 electrum

880 2371 1123 2417 reperiebatur
1135 2397 1147 2414 ,
1173 2377 1208 2404 et
1225 2383 1244 2404 a
1261 2381 1331 2415 quo
1347 2381 1422 2403 non
1444 2365 1567 2412 procul

880 2423 1003 2459 insulae
1024 2423 1171 2457 aberant
1189 2429 1359 2456 stannum
1374 2420 1568 2454 mittentes.

883 2477 1054 2512 Rhenum
1071 2489 1131 2510 eos
1148 2474 1354 2510 intellexisse
1368 2472 1513 2508 Vossius
1525 2471 1569 2506 ad

884 2529 1008 2574 Vix-gil.
1028 2528 1158 2574 Georg.
1177 2528 1216 2570 Ι,
1250 2527 1312 2570 482
1324 2551 1333 2569 ,
1353 2523 1569 2570 argumentis

885 2594 958 2616 non
977 2579 1249 2616 contemnendis
1266 2578 1378 2613 docet.
1395 2576 1466 2612 Sed
1479 2576 1570 2611 Phe—

884 2632 1030 2679 recydes
1057 2632 1191 2677 primus
1222 2629 1362 2665 Padum
1386 2624 1423 2663 in
1442 2627 1541 2663 Italia
1560 2653 1570 2670 ,

886 2685 947 2731 qui
964 2691 1041 2719 tum
1056 2683 1188 2719 Graecis
1204 2682 1408 2717 innotuerat
1419 2708 1428 2726 ,
1447 2692 1490 2715 eo
1502 2692 1571 2714 no-

886 2738 984 2772 mine
1001 2750 1021 2771 a
1036 2735 1229 2782 majoribus
1255 2734 1478 2780 designatum
1496 2744 1568 2767 esse

886 2789 1023 2837 putavit
1047 2788 1207 2835 (Hygin.
1234 2788 1301 2823 sab.
1331 2784 1422 2831 154)
1439 2812 1448 2828 ,
1472 2784 1573 2829 cujus
