1832 3100
227 239 306 279 182

601 237 652 279 P.
690 237 933 282 OVIDII
971 237 1276 283 NASONIS

219 330 359 377 Nacta
383 347 538 378 nemus
563 329 775 392 gelidum,
803 331 856 379 de
879 351 968 397 quo
991 350 1090 380 cum·
1113 351 1334 382 murmure
1357 332 1512 383 labens
1565 348 1631 395 455

220 406 347 463 Ibat,
374 418 418 454 et
441 406 610 456 attritas
631 408 832 456 versabat
853 409 972 457 rivus
995 427 1158 458 arenas.

221 484 285 529 Ut
303 481 400 531 loca
422 483 635 543 laudavit,
663 504 853 534 summas
876 486 987 552 pede
1012 486 1200 549 contigit
1220 486 1389 535 undas:

219 560 304 608 His
329 579 506 627 quoque
530 561 741 620 laudatis,
772 585 793 606 «
817 562 979 612 Procul
1003 574 1090 622 est,
1114 562 1195 620 ait,
1221 562 1384 611 arbiter
1407 564 1578 613 omnis:

221 659 246 680 ³>
272 638 403 687 Nuda
425 639 669 705 superfusis
695 640 947 703 tinguamus
971 659 1159 707 corpora
1185 639 1438 707 lymphis.»

216 714 445 763 Parrhasis
469 716 676 765 eruhuit:
699 728 865 766 cunctae
888 716 1101 766 velamina
1122 728 1324 783 ponunt:

1569 731 1634 778 4⁶0

221 791 321 839 Una
344 811 491 840 moras
514 794 706 859 quaerit:
733 795 957 843 dubitanti
978 794 1111 842 vestis
1135 793 1305 842 ademta
1326 805 1419 853 est3

218 867 322 931 Qua
342 869 512 934 posita,
538 871 659 919 nudo
683 872 828 938 patuit
851 891 950 920 eum
974 889 1158 938 corpore
1178 871 1359 919 crimen.

214 946 451 1005 Attonitae,
478 948 771 1016 manibusque
792 961 967 998 uterum
989 948 1127 997 celare
1150 947 1345 1005 volenti,

219 1050 243 1070 «
271 1029 293 1075 Ι
315 1028 473 1093 procul
493 1029 619 1088 hinc,
645 1031 777 1089 dixit,
800 1051 881 1080 nec
905 1050 1049 1079 sacros
1073 1029 1225 1096 pollue
1245 1030 1413 1087 fontes,
1445 1050 1468 1071 »

217 1110 406 1176 Cynthia
428 1130 438 1159 t
460 1111 599 1178 deque
624 1132 706 1161 suo
726 1114 859 1179 jussit
882 1113 1081 1163 secedere
1105 1124 1234 1161 coetu.

1567 1124 1634 1170 46⁵

280 1192 487 1241 Senserat
509 1193 595 1242 hoc
621 1194 728 1243 olim
751 1197 900 1258 magni
921 1207 1121 1244 matrona
1143 1192 1384 1260 Tonantis,

202 1334 370 1379 fraternis
388 1341 520 1372 venatu.
554 1339 686 1372 Venatu
706 1337 742 1372 id
759 1345 810 1372 est
825 1352 893 1373 ve-

212 1388 331 1423 nando
345 1415 354 1432 ,
373 1389 465 1423 inter
480 1390 683 1424 venandum
706 1394 868 1435 languida
881 1403 894 1434 ‚·

215 1452 292 1484 quae
306 1440 406 1474 lectio
419 1440 505 1475 mihi
520 1441 673 1485 genuina
689 1441 844 1482 videtur;
860 1448 894 1475 at

213 1491 436 1536 importunus
458 1499 509 1526 est
535 1492 624 1526 ordo
643 1493 784 1537 phrasis.
807 1496 894 1527 Fra-

214 1545 317 1576 ternis
327 1545 489 1586 languida
490 1545 643 1587 flammis
654 1554 667 1585 7·
686 1543 817 1578 defessa
828 1545 892 1578 ser-

214 1594 354 1631 vor-ibus
365 1595 454 1629 Solis
467 1620 476 1638 ,
495 1595 609 1630 fratris
620 1595 683 1630 sui.
696 1597 762 1630 Ed.
774 1597 892 1629 -La-

212 1649 294 1681 bens
308 1649 398 1687 ibat,
423 1647 603 1681 labebatur
615 1673 625 1690 ‚
652 1654 692 1681 ut
708 1647 763 1682 III
775 1671 785 1690 ‚
803 1646 867 1680 388
882 1657 891 1678 τ

210 1711 404 1743 egressaque
415 1701 511 1732 silvis
520 1701 601 1734 Ibat
609 1725 618 1739 ‚
635 1698 889 1744 egrediebatur.

214 1749 363 1783 Homer.
376 1749 413 1784 Il.
427 1755 463 1792 Β,
476 1750 540 1783 302
553 1763 561 1784 :
575 1753 644 1784 ἐ’ἔαν
654 1753 806 1800 φέρουσαι,
821 1750 843 1784 i.
860 1763 890 1785 e.

211 1805 324 1851 ἴφεμν.
334 1819 377 1828 -
392 1803 442 1835 Et
452 1804 588 1835 attritas
602 1808 667 1835 etc.
678 1827 688 1844 ‚
706 1801 890 1847 descriptio

210 1854 346 1899 limpidi
357 1853 431 1888 rivi.
446 1871 490 1881 --
504 1855 660 1897 Contigit,
675 1866 803 1899 nempe
810 1861 891 1888 -ten-

212 1907 309 1942 tandi
326 1921 435 1942 causa.
462 1906 594 1942 Omnia
611 1920 673 1951 per
689 1914 804 1952 partes
820 1906 890 1940 de·—

211 1959 387 1994 scribit.—-
397 1960 550 2001 Arbiler;
568 1957 635 2001 IV,
652 1959 713 1992 63:
729 1960 892 1992 Conscius

212 2013 319 2045 omnis
331 2013 434 2043 abest.
445 2009 638 2054 Quomodo
651 2009 766 2044 Diana
780 2010 890 2055 tingui

214 2076 303 2108 aqua
310 2063 353 2097 sit
361 2063 472 2106 solita,
484 2076 524 2096 ex
535 2063 603 2104 ΙΙΙ,
617 2077 629 2096 1
638 2076 673 2107 71
689 2063 891 2098 s.vide1nus.

256 2116 330 2161 459.
354 2114 566 2157 Tt'nguamus.
585 2113 752 2147 Heinsius
768 2113 891 2148 suadet

210 2170 402 2211 linguamur
409 2179 427 2199 e
441 2165 627 2211 graecismO.
638 2185 682 2191 —
691 2168 870 2200 Parrhasis
878 2190 889 2209 ,

217 2218 346 2253 Calisto
357 2229 461 2264 fsoror
478 2217 650 2252 Parrhasii
666 2217 725 2262 qui
737 2218 890 2252 Parrha—

212 2270 286 2304 sida
310 2268 466 2304 condidit
491 2269 526 2303 in
552 2268 701 2303 Arcadia
717 2282 725 2310 ;
755 2276 790 2303 et
816 2269 889 2304 haec

214 2322 298 2356 olim
314 2321 496 2357 Parrhasia
514 2321 604 2355 dicta
620 2321 743 2355 suerat.
763 2323 830 2354 Ed.

258 2374 332 2417 461.
370 2374 561 2407 Dubilanli.
589 2372 659 2406 Alii
689 2376 866 2407 cunctanti
876 2398 885 2413 ,

213 2424 306 2469 quod
323 2438 342 2459 e
360 2424 466 2470 glossa
480 2423 599 2465 fluxit;
625 2423 686 2457 sed
701 2423 887 2457 Burman—

211 2490 260 2511 no
288 2484 476 2522 utrumque
505 2477 653 2511 verbum
677 2476 780 2511 nimis
803 2475 887 2510 lan-

214 2529 359 2575 guidum
387 2529 590 2568 videbam-3
627 2529 887 2573 conjecturabat

212 2593 296 2626 ergo
312 2584 462 2615 luctanti.
478 2599 521 2608 --
537 2582 727 2627 Perperam
744 2593 752 2615 z
776 2580 887 2615 nostri

215 2634 363 2669 Codices
386 2635 516 2669 habent
540 2637 716 2669 dubitanti.
747 2636 812 2668 Ed.
841 2652 886 2660 —

209 2688 407 2727 Dubitanti,
425 2688 623 2730 cunctanti,
652 2699 767 2721 moras
782 2698 884 2731 quae-

208 2737 324 2782 renti,
348 2750 467 2774 secum
492 2738 718 2782 deliberanti;
747 2738 790 2773 de
814 2749 884 2783 quo

959 1351 1024 1373 usu
1034 1338 1113 1372 vide
1129 1337 1285 1372 Gronov.
1299 1336 1340 1371 ad
1356 1336 1479 1372 Senec.
1491 1335 1635 1382 Thyest.

961 1394 1034 1436 715.
1052 1390 1104 1424 Ex
1119 1403 1217 1424 more
1235 1401 1298 1424 suo
1319 1389 1468 1424 scrihere
1487 1387 1635 1423 debuis—

957 1449 1010 1477 set
1026 1455 1034 1476 :
1053 1443 1130 1475 Una
1143 1444 1296 1482 dubz'tal;
1316 1443 1486 1475 dubitanti
1495 1446 1558 1474 etc.

1001 1494 1074 1537 464.
1089 1494 1220 1527 Sacros.
1234 1492 1314 1527 Deo
1331 1491 1430 1527 alicui
1443 1490 1634 1526 consecrati

956 1552 1039 1580 sunt
1052 1558 1174 1579 omnes
1190 1546 1303 1578 fontes
1321 1556 1330 1577 ε
1346 1543 1423 1578 vide
1443 1543 1579 1579 Ciosan.
1598 1543 1634 1579 Π

957 1598 987 1631 F
988 1604 1047 1632 ast.
1068 1611 1080 1630 1
1089 1599 1128 1640 74
1141 1609 1149 1630 :
1163 1598 1235 1630 Nec
1249 1599 1366 1630 castas
1375 1597 1507 1638 pollue,
1526 1597 1632 1636 dt’aet't,

955 1661 1072 1692 aquas.
1083 1647 1200 1682 Etiam
1212 1646 1365 1681 hocloco
1376 1645 1543 1680 Heinsius
1553 1658 1636 1680 sua-

955 1699 1060 1734 debat
1083 1704 1198 1734 castos
1219 1725 1228 1739 ‚
1267 1698 1341 1733 sine
1357 1708 1459 1731 causa
1476 1709 1484 1731 :
1502 1697 1636 1731 etenim

954 1751 1061 1785 etiam
1087 1751 1124 1784 in
1144 1762 1261 1784 sacros
1288 1755 1323 1782 et
1339 1750 1454 1791 pollue
1471 1748 1562 1793 iusta
1584 1756 1636 1783 est

946 1802 1136 1849 oppositio.
1145 1819 1189 1828 ·-
1202 1802 1345 1835 cinthia.
1356 1800 1470 1834 Diana
1478 1807 1487 1840 ,’
1495 1812 1522 1834 ἐι
1535 1798 1636 1847 Cyn-

954 1855 1017 1889 tho
1040 1853 1121 1888 Deli
1144 1860 1266 1887 monte
1282 1878 1291 1895 ,
1318 1851 1376 1885 ubi
1392 1858 1484 1885 nata·
1505 1853 1571 1886 Ed.
1591 1868 1636 1878 —·

954 1908 1111 1940 secedere
1142 1909 1235 1940 coetu.
1273 1902 1477 1938 secundum
1503 1902 1586 1937 alios
1616 1915 1636 1937 a

954 1957 1070 1992 Diana
1085 1957 1139 1991 vel
1156 1962 1279 2002 sponte
1292 1981 1301 1998 ,
1318 1954 1374 1989 vel
1387 1954 1532 1989 Junone
1545 1954 1635 1989 inci-

955 2018 1013 2045 tan
1020 2017 1051 2045 te
1071 2037 1080 2053 ,
1113 2009 1243 2055 sagittis
1266 2008 1423 2042 confossa
1453 2011 1538 2042 est-t*
1549 2005 1635 2041 ”vide

956 2062 1116 2109 Apollod.

998 2116 1073 2160 466.
1091 2116 1248 2149 Senserat
1260 2116 1325 2148 hoc
1335 2115 1415 2148 olim
1430 2117 1494 2147 etc.
1507 2111 1636 2157 Sequi-

954 2176 1013 2204 tur
1037 2167 1185 2202 mutatio
1215 2167 1286 2212 ipsa
1301 2193 1311 2205 ‚
1345 2177 1450 2211 quam
1481 2164 1537 2198 alii
1550 2190 1560 2208 ,
1591 2170 1632 2198 ut

955 2220 1104 2266 Amphis
1118 2226 1153 2254 et
1165 2218 1302 2253 Theon.
1314 2218 1352 2252 in
1368 2217 1467 2252 Arae.
1482 2216 1607 2250 Diana
1618 2241 1628 2259 ,

954 2273 1009 2307 alii
1023 2271 1103 2306 Jovi
1118 2297 1127 2314 ,
1142 2277 1182 2304 ut
1196 2269 1382 2304 Junouem
1394 2268 1528 2303 falleret
1540 2293 1550 2310 ,
1564 2267 1631 2301 tri—

953 2324 1117 2358 buebant.
1140 2323 1182 2356 In
1199 2320 1369 2368 principio
1386 2326 1489 2365 poeta
1508 2319 1560 2353 sui
1578 2325 1631 2353 est

953 2374 1136 2417 dissimilis,
1150 2373 1328 2416 nimiaque
1342 2370 1511 2405 brevitate
1526 2369 1629 2415 paulo

952 2426 1151 2466 obse-uriom
1178 2430 1214 2457 et
1229 2435 1274 2457 ne
1292 2422 1358 2456 hoc
1376 2421 1520 2466 quidem
1545 2432 1629 2455 me·-

951 2484 1088 2519 morat,
1113 2474 1292 2521 quomodo
1317 2475 1416 2508 Juno
1433 2474 1469 2508 in
1495 2481 1628 2508 terram

952 2530 1180 2565 descenderit.
1194 2530 1408 2563 -Matrona
1422 2554 1430 2568 ‚
1446 2527 1576 2571 coniux
1589 2533 1630 2560 ut

950 2581 1017 2625 Vl,
1030 2582 1089 2617 581
1105 2583 1216 2616 :altus
1233 2582 1368 2614 Tonans
1380 2580 1485 2614 etiam
1496 2580 1513 2614 1
1525 2605 1535 2622 ‚
1551 2590 1626 2623 170,

950 2636 1040 2668 olim.
1055 2632 1158 2678 Apud
1170 2633 1318 2667 Pausan.
1332 2630 1422 2666 illico
1436 2629 1628 2676 deprehen-

948 2697 1023 2720 sam
1032 2691 1156 2719 mutat.
1164 2685 1356 2718 -Arcada
1364 2710 1373 2723 ‚
1392 2688 1531 2719 auctore
1543 2680 1628 2714 He-

947 2736 1047 2771 siodo
1056 2762 1066 2781 ‚
1079 2736 1151 2781 jam
1163 2748 1242 2770 ursa
1251 2736 1339 2770 sacta
1351 2732 1496 2780 peperit.
1512 2731 1570 2766 Ab
1583 2742 1626 2764 eo
