1832 3100
1141 243 1581 266 mmm-mmmmm

360 351 457 426 Δ1).
511 303 856 425 θ’ἯΒΠ
911 353 1347 424 NASONIS

238 502 1509 633 METAMORPHOSEON

520 682 773 740 LIBER
812 671 1227 750 QUINTUS.

215 943 270 984 N.
285 942 337 982 Β.
348 941 631 998 Argumentum
640 942 755 997 hujus
769 941 876 981 Libri
889 942 1012 996 quinti
1025 942 1388 997 Metamorphoseon
1401 972 1413 993 ‚
1427 942 1584 983 relatum

160 1015 328 1057 invenies
348 1016 390 1055 in
409 1005 504 1064 serie
523 1015 714 1055 CANTERI
733 1044 745 1066 ,
767 1029 879 1069 supra
897 1029 982 1070 pag.
1003 1014 1071 1055 36.

161 1170 276 1218 ΕΔΒ.
294 1171 332 1219 Ι.
360 1150 606 1228 DUMQUE
628 1188 677 1218 ea
701 1159 1129 1237 Cephenum'medio
1151 1170 1374 1219 Danaeius
1397 1170 1529 1218 heros

162 1244 351 1314 Agmine
375 1243 714 1325 commemorat,
739 1249 917 1299 fremitu
939 1247 1102 1311 regalia
1124 1248 1266 1297 turbae

208 1383 329 1428 17:135.
352 1363 500 1429 Phineus
514 1388 549 1428 et
556 1387 651 1419 socii.
669 1383 839 1427 Phineus,

161 1434 271 1470 frater
289 1433 448 1483 Cephei,
466 1436 523 1471 cui
541 1435 746 1481 desponsata
760 1442 849 1481 verat.-

163 1485 395 1531 Andromeda
406 1514 415 1532 ‚
434 1486 578 1533 indigne
594 1489 711 1522 serens
723 1514 732 1531 ,
745 1500 842 1532 erep-

162 1544 235 1572 tam
255 1538 320 1574 sibi
339 1539 381 1574 ab
399 1537 534 1579 advena
548 1551 710 1585 sponsam
724 1565 734 1582 ,
759 1551 841 1573 cum

161 1602 289 1636 magna
309 1597 527 1625 armatorum
550 1604 661 1626 manu
686 1590 788 1625 irruit
803 1591 841 1625 in

162 1641 319 1687 atrium,
348 1643 386 1679 in
412 1655 484 1690 quo
510 1643 710 1679 convivium
742 1643 841 1678 cele-

158 1694 334 1730 brabatur.
362 1695 459 1731 Hinc
476 1708 625 1742 magnus
639 1695 811 1730 turnultus
829 1720 840 1739 ,

159 1760 288 1794 magna
311 1748 489 1796 utrimque
507 1747 627 1785 caedes.
646 1748 704 1783 Ad
715 1756 861 1794 ,extre—2

159 1812 261 1835 mum
277 1799 435 1839 adfertur
448 1800 607 1837 Medusae
622 1808 724 1847 caput
736 1827 746 1844 ,
773 1813 859 1847 quo*

160 1860 365 1899 conspecto,
383 1848 539 1891 P'hiueus
562 1867 643 1889 curn
662 1853 760 1888 sociis
785 1866 845 1899 re-

159 1903 262 1950 liquis
278 1904 315 1940 in
331 1918 450 1941 saxum
462 1914 628 1942 mutatur.
639 1907 720 1940 Jam
733 1917 843 1950 quum

161 1956 358 2002 Homerus,
371 1963 407 1993 et
419 1958 586 2004 Virgilius
599 1985 609 2002 ,
621 1957 705 1992 AEn.
723 1958 775 1992 IX
785 1984 795 2000 ‚
809 1965 846 1992 et

161 2009 258 2045 libris
272 2004 346 2057 sqil.
361 2036 371 2055 ,
388 2009 611 2057 copiosissimi
629 2010 699 2045 sint
714 2010 752 2044 in
768 2022 843 2044 cae—

163 2060 264 2097 dibus
277 2061 462 2108 diligenter
475 2061 712 2109 describendis
722 2088 732 2106 ,
751 2061 845 2097 Nos-

162 2121 219 2149 ter
243 2121 316 2149 tam
341 2114 416 2158 hic,
437 2127 545 2160 quam
569 2114 643 2150 XII
668 2114 704 2148 in
727 2127 844 2160 pugna

166 2165 431 2202 Centaurorum
444 2194 455 2211 ,
471 2179 596 2201 eorum
612 2167 768 2212 exempla
781 2180 845 2202 se-

164 2227 294 2268 quutus
305 2229 370 2263 est,
380 2229 414 2269 et
424 2221 560 2270 Phinea
575 2220 668 2256 haud
678 2221 781 2257 dubie
790 2234 846 2256 as-

163 2275 314 2310 similare
332 2275 459 2311 Turno
473 2275 604 2319 voluit,
623 2276 794 2322 pugnanti
809 2284 846 2312 et

163 2327 229 2374 ipsi
252 2328 298 2363 oh
321 2335 531 2375 praereptam
552 2328 618 2364 sibi
642 2329 684 2363 ab
710 2328 845 2364 advena

163 2392 340 2426 sponsam.
364 2379 575 2419 Notahimus
591 2387 709 2415 autem
725 2380 762 2415 in
782 2380 846 2415 hac

165 2432 330 2468 carminis
346 2440 443 2478 parte
460 2432 666 2467 varietatem
683 2445 846 2478 pugnan-

167 2483 278 2527 tium;
297 2484 358 2530 qui
374 2491 493 2530 aetate,
514 2485 595 2520 vitae
612 2498 740 2531 genere
753 2511 762 2529 ,
782 2498 846 2530 pa-

166 2534 234 2569 tria
248 2560 258 2578 ,
281 2541 409 2570 ornatu
423 2561 433 2579 ,
451 2537 607 2572 moribus
617 2553 629 2580 ,-
645 2537 768 2572 mortis
784 2550 847 2584 ge-

167 2600 254 2622 nere
270 2587 490 2625 differebant.
509 2589 634 2625 Mirari
660 2597 779 2625 autem
803 2590 848 2624 li·-

167 2647 245 2684 cet,
272 2653 313 2675 ex
338 2647 390 2676 tot
414 2640 556 2676 diversis
581 2648 617 2677 et
641 2641 848 2677 distantibus

170 2693 331 2739 gentibus
339 2693 522 2729 bellatores
532 2694 568 2728 in
581 2693 760 2739 AEthiopia
770 2694 848 2729 suis-

170 2759 217 2781 se.
232 2746 316 2783 Non
331 2754 437 2793 puto,
456 2746 627 2783 Ovidium
646 2760 771 2783 eorum
787 2760 849 2783 no·

905 1383 1003 1418 mina
1037 1383 1174 1419 finxisse
1189 1398 1197 1426 3
1227 1383 1286 1419 sed
1302 1410 1312 1427 ,
1347 1391 1387 1419 ut
1418 1385 1473 1420 111
1485 1410 1495 1428 ,
1524 1385 1589 1420 20ss

905 1450 978 1483 sqq.
990 1464 1000 1481 ,
1027 1451 1156 1472 canum
1180 1437 1356 1473 Actaeonis
1366 1464 1376 1481 ,
1404 1445 1441 1472 et
1454 1438 1500 1473 ib.
1520 1438 1585 1474 605

905 1504 979 1536 sqq.
988 1498 1175 1526 nautarum
1187 1490 1460 1538 Tyrrhenorum
1470 1492 1590 1526 nomi-

906 1554 973 1584 na,
996 1542 1037 1575 ab
1053 1541 1249 1586 antiquiore
1268 1549 1372 1587 poeta
1391 1542 1532 1587 accepit.
1556 1542 1586 1576 E

905 1592 1148 1638 scriptoribus,
1168 1593 1227 1637 qui
1247 1600 1402 1638 restant,
1420 1601 1490 1628 tres
1509 1600 1590 1628 tan-

908 1653 984 1693 tugn
995 1647 1148 1690 breviter
1157 1647 1262 1692 hujus
1274 1647 1588 1689 reimeminerunt;

908 1699 1156 1745 Apollodorus,
1170 1700 1206 1735 ΙΙ
1217 1727 1225 1740 ,
1240 1711 1293 1742 ly,
1308 1701 1328 1734 3
1341 1727 1350 1745 ,
1364 1700 1422 1735 ubi
1434 1699 1591 1736 Phineus

906 1754 1090 1793 insidialur
1098 1752 1227 1787 Perseo
1239 1767 1246 1793 ;
1263 1753 1441 1800 Hyginus,
1454 1753 1521 1786 sab.
1533 1753 1589 1795 64,

909 1815 979 1850 qup
993 1810 1134 1838 auctore
1150 1803 1316 1848 Cepheus
1325 1804 1397 1848 ipse
1409 1817 1490 1838 cum
1504 1804 1593 1849 Age-

909 1867 995 1888 nore
1009 1880 1018 1897 ,
1029 1855 1128 1898 cujus
1137 1867 1263 1899 sponsa
1276 1854 1505 1890 Andromeda
1520 1856 1591 1889 sue·

909 1913 982 1949 rat,
1003 1906 1140 1940 insidias
1157 1906 1280 1948 struit;
1299 1913 1335 1940 et
1351 1905 1500 1950 Conon,
1520 1908 1564 1950 4ο
1581 1933 1590 1950 ,

911 1956 1002 2003 apud
1025 1970 1131 2002 quem
1150 1957 1382 1993 Andromeda
1399 1958 1487 1993 duos
1507 1973 1592 2005 pro-

910 2026 967 2050 cos
984 2013 1087 2049 habet
1099 2041 1108 2057 ‚
1129 2013 1264 2049 Phinea
1276 2022 1311 2050 et
1324 2014 1538 2050 Phoenicem.
1549 2034 1592 2043 —

909 2068 1074 2113 Dumque.
1089 2065 1211 2101 Codex
1225 2066 1355 2112 Regius
1364 2067 1396 2102 A
1409 2093 1419 2111 ,
1434 2067 1593 2112 Cumque,

910 2119 1017 2155 dubio
1029 2120 1167 2166 procul,
1182 2133 1302 2155 errore
1319 2120 1517 2156 miniatoris
1531 2122 1593 2166 qui

909 2172 1048 2208 literam
1073 2171 1104 2207 C
1130 2185 1195 2218 pro
1221 2172 1256 2207 D
1285 2173 1415 2218 pinxit:
1441 2185 1526 2207 nam
1556 2173 1593 2207 in

913 2224 1028 2260 Codd.
1049 2224 1201 2271 antiquis
1213 2250 1223 2268 ,
1240 2225 1440 2270 majusculae
1458 2224 1564 2260 literae
1579 2251 1588 2267 ‚

910 2289 984 2312 non
997 2290 1107 2312 manu
1120 2283 1318 2321 exarantur,
1330 2276 1389 2312 sed
1401 2276 1594 2322 pinguntur

910 2329 964 2364 vel
979 2328 1104 2372 minio,
1120 2329 1175 2363 vel
1187 2341 1336 2372 cerussa,
1347 2327 1511 2362 vividisve
1522 2326 1595 2364 aliis

910 2381 1094 2422 coloribus;
1107 2380 1294 2426 aliquando
1302 2379 1501 2423 hominum,
1513 2392 1594 2424 qua-

912 2433 1111 2479 drupedum
1121 2459 1130 2477 ‚
1146 2433 1294 2468 altilium
1306 2459 1316 2476 ,
1330 2433 1495 2466 arborum
1506 2457 1516 2475 ,
1531 2431 1597 2466 flov

912 2498 1006 2528 rum,
1016 2485 1100 2530 quin
1112 2491 1147 2519 et
1155 2484 1401 2520 chimaerarum
1414 2483 1533 2529 figuris
1543 2495 1597 2518 or·

912 2538 1144 2580 nantur3etad
1153 2537 1186 2571 id
1198 2550 1325 2571 vacuus
1332 2537 1596 2583 relinquebatur

913 2591 1008 2627 locus
1017 2618 1027 2636 ,
1044 2599 1084 2627 ut
1100 2591 1266 2626 miniator
1279 2591 1340 2635 (sic
1351 2591 1521 2636 pictorem
1530 2604 1594 2626 vo·-

914 2644 1052 2685 cabant)
1061 2643 1144 2678 tales
1155 2642 1341 2689 effingeret
1350 2643 1596 2690 imagines.Ed.

960 2710 989 2729 2.
1005 2695 1147 2739 Agmen,
1167 2697 1509 2737 emtus—Fremitus,
1523 2709 1599 2742 pro-

915 2747 1067 2783 miscuus
1085 2747 1217 2783 clamor
1235 2747 1431 2784 multorum
1447 2761 1520 2784 una
1538 2760 1601 2784 vo·-
