1832 3100
379 205 1106 253 METAMORPHOSEON
1136 208 1264 254 LIB.
1297 208 1338 254 1.
1507 228 1562 272 77

146 319 172 342 >2
192 299 401 354 Territus
416 299 491 349 ille
513 299 657 363 fugit;
682 310 927 367 nactusque
946 299 1120 349 silentia
1142 301 1259 350 ruris

146 397 171 419 »
193 375 427 437 Exululat‚
449 377 699 444 frustraque
724 375 851 444 loqui
873 389 1059 427 conatur
1078 398 1089 427 ε
1114 377 1169 427 ab
1194 378 1294 444 ipso

145 475 172 498 »
199 452 387 518 Colligit
408 473 460 503 os
484 453 651 503 rabiem
665 492 677 514 ‚
700 454 928 523 solitaeque
950 455 1157 523 cupidine
1180 455 1309 504 caedis

146 554 172 575 >›
192 532 395 581 Vertitur
408 532 456 581 in
465 532 679 599 pecudes:
695 544 739 582 et
749 544 869 582 nun'c
886 552 1065 600 quoque
1078 532 1290 597 sanguine
1303 533 1475 597 gaudet.
1503 548 1566 584 235

147 631 173 653 ³»
194 611 250 659 In
271 609 402 659 villos
425 610 592 660 abeunt
615 622 757 660 vestes
772 649 784 669 ‚
808 610 857 658 in
875 629 1002 659 crura
1019 609 1196 668 lacerti;

149 709 172 730 »
198 687 272 736 Fit
291 686 450 755 lupus,
476 700 521 737 et
541 689 700 738 veteris
723 700 866 738 servat
889 688 1073 752 vestigia
1092 687 1244 737 formae
1264 707 1275 746 3

147 787 173 808 »
203 765 571 815 Canitieseadem
597 777 687 824 est,
713 766 863 815 eadem
883 766 1092 815 violentia
1114 765 1266 825 vultu3

147 870 173 892 »
200 848 325 897 Idem
350 847 468 898 oculi
491 848 666 908 lucent,
693 848 843 899 eadem
861 849 1047 899 feritatis
1070 850 1229 914 imago.

147 952 174 974 >›
200 930 380 980 Occidit
400 950 490 980 una
510 930 669 979 domus
696 950 705 979 :
732 931 809 980 sed
834 950 927 979 non
951 931 1111 979 domus
1132 951 1222 980 una
1247 932 1389 998 perire

1503 949 1567 995 240

149 1036 175 1059 ι)
201 1015 352 1079 Digna
373 1014 486 1073 fuit3
514 1034 601 1081 qua
625 1026 740 1064 terra
762 1026 906 1081 patet,
931 1014 1022 1063 fera
1040 1027 1194 1077 regnat
1216 1016 1422 1083 Erinnys.
1487 1062 1495 1064 -

143 1171 221 1193 num
233 1185 243 1200 ‚
266 1157 350 1194 hinc
371 1158 479 1194 etiam
502 1147 694 1204 dignosque.
722 1176 765 1186 —-
785 1161 828 1194 In

144 1214 280 1247 domino
293 1214 413 1257 dignos
426 1220 491 1247 etc.
518 1211 621 1247 Ordo
636 1212 827 1247 verborum

145 1271 198 1300 est
219 1263 277 1299 hic
293 1277 302 1299 ε
316 1266 437 1300 Ενεήί
444 1269 535 1300 tecta
552 1269 588 1300 in
604 1269 746 1310 penales
765 1267 827 1300 di-

143 1330 232 1362 gnos
241 1319 394 1360 domino,
413 1318 523 1354 everti
536 1325 627 1354 tecta
644 1325 679 1354 et
694 1318 829 1364 conjeci

146 1370 187 1406 in
202 1377 345 1416 penates
359 1383 457 1416 aeque
470 1371 649 1417 improbos
664 1384 704 1406 ac
717 1371 827 1406 domi-

148 1435 225 1458 nus.
241 1422 491 1458 Transmoveri
505 1423 552 1458 ita
567 1424 827 1469 praepositiones

148 1488 168 1510 a
177 1474 416 1522 poetis‚docet
424 1473 581 1510 Gronov.
593 1475 759 1519 Obs.111,
772 1489 823 1524 19,

146 1545 191 1554 -
206 1529 501 1572 Vindex-flamma,
515 1527 652 1563 fulmen
664 1554 674 1573 ,
688 1541 758 1574 quo
771 1529 828 1564 ul-

145 1579 226 1616 cisci
243 1579 383 1625 Jupiter
399 1579 526 1615 scelera
543 1578 640 1616 solet.

189 1631 263 1668 233.
279 1633 418 1666 Frustra
433 1629 528 1677 loqui
539 1638 688 1667 conatur.
707 1632 828 1668 Etiam

144 1684 183 1718 in
201 1683 273 1719 aliis
289 1684 543 1721 transformatis
558 1685 715 1720 studium
738 1692 826 1721 ten-

146 1735 245 1771 tandi
254 1739 417 1782 loquelam
427 1744 548 1773 manet
557 1765 565 1778 ,
576 1738 640 1784 637
651 1753 660 1780 ;
673 1738 710 1774 ΙΙ
721 1765 730 1783 ,
742 1740 825 1783 483;

147 1788 217 1832 III,
230 1801 308 1833 ποι,
320 1803 384 1837 229
394 1802 467 1836 sqq.
477 1792 703 1826 ——ExululaL
714 1790 826 1827 Valde

148 1838 267 1875 ululat.
292 1842 360 1875 Ed.
377 1859 421 1867 —
439 1843 496 1877 Ab
516 1844 590 1887 ipso
611 1845 743 1887 colligi!
762 1850 826 1878 etc.

151 1891 268 1938 Quia,
295 1893 410 1940 inquit
425 1920 435 1938 ,
461 1894 557 1940 loqui
574 1908 648 1930 non
666 1903 803 1941 poterat
816 1922 825 1940 ,

149 1945 187 1981 in
211 1949 336 1981 rabiem
351 1954 445 1983 actus
468 1955 520 1983 est
533 1975 542 1992 ‚
571 1961 676 1994 quam
694 1949 736 1983 ab
756 1948 830 1983 ho—

151 1997 305 2034 minibus
317 1998 353 2033 in
358 2002 504 2044 pecudes
514 2000 698 2036 transtulit.
712 2002 778 2034 Ed.
787 2018 830 2026 -

154 2052 284 2086 Rabies
295 2053 426 2088 ventris
434 2079 445 2097 ‚
458 2058 599 2098 δουλιμία
611 2080 620 2097 ,
632 2053 770 2099 propria
779 2059 830 2087 est

154 2102 339 2149 luporum:
353 2104 431 2139 vide
448 2105 571 2139 Burm.
583 2105 624 2138 ad
639 2104 775 2139 Phaedr.
791 2104 828 2148 I,

154 2155 223 2190 sab.
240 2166 296 2190 111.
324 2155 375 2190 Ea
394 2169 490 2190 nunc
507 2169 581 2190 non
606 2156 745 2191 aliunde
766 2169 830 2190 ar-

153 2207 320 2242 cessenda
336 2215 410 2243 erat
421 2236 430 2253 ‚
447 2207 505 2243 sed
521 2211 564 2242 ab
576 2236 584 2248 ‚
608 2221 649 2242 ex
664 2211 737 2252 ipso
751 2207 830 2255 Ly-

153 2272 263 2296 caone
288 2260 461 2306 colligitur
474 2287 483 2304 ,
509 2267 545 2295 et
560 2265 628 2301 ori,
653 2261 806 2296 saucibus
818 2287 828 2305 ,

150 2310 288 2346 inditur
296 2338 305 2355 ,
318 2311 509 2358 undellupo
518 2315 667 2357 improba
668 2313 763 2358 faux
774 2313 831 2347 tri-

151 2363 273 2399 buitur
289 2364 428 2400 Phaedr.
448 2364 481 2400 d.
496 2366 518 2400 l.
538 2365 653 2400 Antea
670 2366 830 2401 homines

152 2416 376 2452 interfecerat
394 2443 404 2460 ,
437 2429 534 2453 nune
563 2418 697 2453 rabiem
730 2431 831 2453 suam

152 2472 270 2509 vertit,
297 2469 481 2514 transfert,
507 2474 544 2505 in
556 2473 702 2515 pecudes
713 2498 722 2512 ‚
750 2483 831 2506 oves

153 2519 327 2566 inprimis,
337 2534 414 2566 quae
421 2523 560 2568 proprie
566 2526 721 2567 pecudes,
734 2523 829 2559 uude

153 2575 240 2607 latro
251 2600 259 2611 ‚
279 2577 394 2617 raptor
406 2580 442 2608 et
456 2578 618 2620 μηλοφόνος
635 2575 771 2611 dicitur.

200 2625 275 2669 234.
295 2627 414 2660 Cedis.
431 2626 562 2661 Probat
580 2628 776 2662 Burmann.
791 2641 833 2663 ex

156 2678 315 2725 plurimis
324 2681 454 2722 pra-de.
482 2678 571 2713 Illud
587 2680 721 2724 gravius
738 2687 773 2714 et
789 2679 832 2714 ad

157 2731 290 2767 facinus
302 2731 471 2779 Lycaonis
485 2730 592 2766 modo
607 2738 643 2767 et
658 2738 834 2770 tentatum

893 1165 929 1194 et
948 1158 1138 1194 admissum
1154 1159 1457 1196 accommodatius.
1483 1161 1570 1197 Mox

894 1212 1017 1247 Heins-
1044 1225 1085 1246 ex
1103 1212 1221 1247 multis
1238 1220 1332 1248 recte
1353 1217 1492 1249 vertitur
1504 1229 1571 1250 re-

892 1265 1002 1311 cepit,
1022 1278 1133 1311 quum
1148 1269 1268 1307 ulitur,
1294 1280 1313 1301 a
1331 1266 1483 1302 Ciosano
1500 1269 1570 1304 de—

891 1317 1044 1361 fensum,
1054 1317 1264 1364 vulgaretur.
1274 1337 1319 1344 —-
1331 1320 1492 1363 Cupidine
1503 1334 1570 1355 ver-

891 1372 974 1403 tilur
984 1382 1049 1414 pro
1064 1369 1215 1415 vulgari,
1237 1370 1440 1416 cupidinem
1454 1373 1573 1408 vertit.

892 1421 972 1455 Hoc
987 1421 1063 1467 plus
1077 1428 1149 1466 est,
1169 1435 1295 1467 quam,
1322 1423 1417 1468 quod
1433 1423 1488 1458 alii
1505 1424 1570 1460 ha·-

890 1473 976 1508 bent
986 1500 995 1517 ,
1006 1477 1130 1516 utimr,-
1143 1473 1376 1509 indicatenim
1384 1501 1395 1520 ,
1408 1477 1572 1522 eumjam

891 1532 972 1560 ante
984 1525 1164 1560 crudelem
1177 1527 1290 1561 fuisse.
1308 1527 1361 1562 Ita
1373 1532 1500 1564 vertiet
1514 1531 1550 1566 V
1559 1557 1569 1575 ,

895 1591 975 1619 1213
996 1577 1108 1622 VIII,
1129 1577 1211 1624 768;
1230 1579 1299 1623 XI,
1319 1579 1372 1613 23.

935 1630 1009 1676 ²37·
1026 1631 1157 1672 Servat,
1174 1630 1230 1665 illa
1240 1635 1407 1676 vestigia,
1425 1639 1465 1667 ut
1480 1633 1572 1669 nito-

894 1696 974 1718 rem
997 1682 1171 1729 Daphne,
1198 1697 1285 1718 vers.
1304 1686 1366 1719 552
1383 1711 1393 1728 ,
1422 1686 1574 1731 speciem

891 1735 1077 1771 candidam
1097 1736 1157 1780 Io,
1175 1749 1262 1771 vers.
1277 1736 1407 1770 612.—
1424 1741 1573 1774 Canities

891 1788 1031 1834 proprie
1045 1801 1119 1822 non
1137 1788 1203 1823 nisi
1219 1788 1418 1824 hominibus
1431 1797 1464 1824 et
1475 1792 1573 1836 equis

891 1842 1076 1876 tribuitur:
1089 1841 1180 1876 Plin.
1193 1843 1240 1876 H.
1251 1842 1295 1876 N.
1306 1842 1377 1885 XI,
1391 1843 1444 1889 37.
1454 1843 1525 1878 Sed
1537 1844 1572 1879 h.

892 1893 914 1927 l.
931 1893 1137 1939 intelligitur
1153 1893 1248 1928 color
1266 1894 1445 1938 cinereus,
1466 1908 1573 1940 quem

895 1945 1056 1979 referunt
1072 1944 1141 1978 villi
1156 1944 1278 1990 lupini.
1295 1945 1390 1980 Hinc
1406 1951 1504 1983 πολιοὶ
1519 1951 1574 1984 λύ-

894 2013 942 2033 κοι
953 2023 962 2040 ,
981 2004 1020 2031 ut
1035 1996 1126 2042 apud
1146 1998 1294 2032 Homer.
1311 1998 1350 2032 Il.
1367 2015 1395 2034 κ.
1410 1999 1495 2044 334,
1514 2001 1574 2036 ubi

896 2050 1013 2085 Schol.
1025 2054 1124 2090 πολιὸς
1137 2051 1389 2097 interpretatur
1400 2056 1554 2099 τεφρώδης
1563 2081 1573 2099 ,

894 2103 916 2137 i.
934 2117 962 2137 e.
975 2103 1198 2138 cinereus.—-
1211 2105 1315 2138 Oculi
1324 2104 1398 2150 lupi
1414 2106 1520 2140 etiam
1536 2107 1573 2141 in

895 2157 1048 2192 tenebris
1062 2159 1183 2192 lucent.

939 2210 1013 2246 238.
1037 2213 1147 2246 Vultu.
1166 2211 1304 2246 Ersord.
1319 2219 1467 2258 uterque
1480 2239 1489 2257 ,
1507 2226 1574 2249 sec.

896 2263 1005 2298 Palat.
1022 2271 1057 2298 et
1074 2263 1170 2298 Leid.
1189 2277 1298 2308 unus,
1322 2268 1434 2299 vultus
1441 2293 1450 2308 ,
1479 2266 1573 2311 quod

896 2316 1023 2350 rectius
1039 2315 1170 2360 judicat
1191 2317 1367 2352 Heinsius.

941 2369 1015 2412 24¹·
1036 2370 1121 2402 Feta
1135 2373 1254 2412 regnat
1264 2371 1422 2415 Erinnys.
1444 2369 1575 2403 Homi—

895 2435 958 2457 nes
980 2422 1104 2456 furunt
1126 2422 1315 2467 impietate.
1339 2422 1455 2457 Furiae
1477 2423 1573 2457 enim

895 2473 1058 2508 homines
1086 2474 1122 2507 in
1144 2475 1300 2508 furorem
1327 2480 1362 2507 et
1385 2474 1421 2507 in
1446 2474 1573 2509 scelera

896 2525 1121 2571 compellunt.
1135 2528 1282 2572 Erinnys
1294 2526 1352 2560 ἀπὸ
1360 2533 1412 2561 τοῦ
1423 2528 1574 2573 ε’ριννύεὶν,

898 2578 940 2612 ab
956 2577 1137 2612 irascendo
1150 2603 1159 2620 ‚
1178 2577 1268 2612 dicta
1282 2590 1289 2611 :
1303 2578 1450 2613 Pausan.
1461 2580 1554 2615 VIII
1564 2607 1573 2624 ‚

897 2642 930 2675 p.
939 2629 1015 2676 649.
1025 2647 1069 2654 -
1080 2631 1165 2663 Feta
1173 2634 1291 2673 regna!
1295 2631 1453 2677 Erinnys.
1465 2632 1575 2667 Plena

897 2688 991 2715 sunt'
1003 2681 1123 2715 omnia
1141 2681 1321 2716 scelerum.
1344 2682 1399 2717 De
1418 2683 1575 2732 Erinny—

897 2732 962 2768 bus
979 2732 1077 2769 Fusc.
1095 2733 1245 2779 Natalis,
1264 2734 1320 2769 lib.
1345 2730 1400 2770 III
1412 2761 1422 2779 ,
1446 2749 1518 2781 cap.
1540 2748 1573 2770 x.
