1832 3100
385 204 483 249 ME
497 203 1083 249 TAMORPHOSEON
1119 207 1244 249 LIB.
1286 207 1356 250 ΙΙ.

165 321 188 340 »
215 299 336 347 Inter
357 309 596 364 utrumque
621 309 719 345 tene
744 316 753 345 ε
777 296 968 345 fortunae
990 308 1133 346 cetera
1155 298 1343 356 mando;

1503 207 1577 248 151

1527 312 1588 357 140

163 380 199 419 >i
214 375 327 438 Quae
347 373 492 439 juvet,
517 386 561 423 et
582 374 764 432 melius,
789 393 922 441 quam
941 385 991 422 tu
1016 373 1126 431 tibi,
1151 374 1376 432 consulat,
1398 387 1519 442 opto.

163 475 188 494 2»
215 451 335 499 Dum
359 450 547 518 loquor;
572 452 792 518 Hesperio
815 451 985 519 positas
1007 450 1054 498 in
1078 449 1209 499 litore
1236 462 1374 499 metas

164 551 188 570 2»
217 527 417 581 Humida
436 547 528 576 nox
552 528 697 592 tetigit
716 550 726 578 ε
749 549 843 577 non
865 541 933 578 est
954 548 1080 577 mora
1102 527 1243 576 libera
1264 528 1400 576 nobis
1423 549 1432 576 :

162 627 187 648 »
215 606 449 655 Poscimur
470 627 480 655 ε
506 607 691 671 effulget
714 607 910 657 tenebris
932 609 1111 656 Aurora
1130 605 1308 669 fugatis.

165 706 188 727 »
218 685 406 752 Corripe
426 685 522 736 lora
543 706 678 735 manu
698 707 708 735 :
734 685 824 745 vel,
847 687 885 735 si
910 684 1123 735 mutabile
1145 696 1301 752 pectus

1529 700 1591 745 145

166 784 189 804 ³)
217 764 300 812 Est
323 763 429 823 tibi,
456 764 674 823 consiliis,
699 784 794 813 non
817 765 1044 822 curribus,
1068 776 1192 812 utere
1216 764 1407 822 nostris,

167 864 190 884 »
217 842 339 891 Dum
361 836 514 910 potes,
539 856 585 892 et
609 843 764 893 solidis
788 844 1027 892 etiamnum
1050 842 1230 892 sedibus
1253 842 1426 901 adstas3

166 943 189 963 ³»
217 921 426 988 Dumque
447 921 560 971 male
584 933 764 989 optatos
786 921 990 971 nondum
1013 921 1177 987 premis
1202 920 1368 968 inscius
1391 938 1506 969 axes.

165 1021 189 1042 »
217 998 330 1064 Quae
355 1012 479 1049 tutus
503 1012 699 1067 spectes,
729 1000 822 1049 sine
844 1019 914 1049 me
940 999 1042 1049 dare
1066 999 1235 1048 lumina
1259 998 1400 1048 terris.
1426 1021 1449 1041 »

263 1078 468 1145 Occupat
489 1077 564 1126 ille
588 1077 728 1127 levem
747 1077 932 1144 juvenili
954 1096 1142 1144 corpore
1168 1095 1371 1134 currum;
1536 1091 1596 1124 ¹50

210 1201 284 1245 140.
320 1203 410 1237 Tene
421 1230 430 1244 ,
466 1217 596 1249 nempe
626 1216 779 1239 cursum.
803 1223 847 1230 —

162 1253 318 1288 Fortunae
326 1261 392 1290 etc.
406 1255 542 1291 Votum
552 1255 723 1300 solemne,
736 1269 847 1302 quum

163 1307 201 1342 iu
217 1307 322 1343 rebus
337 1299 451 1344 &labiis
473 1308 603 1356 aliquid
628 1308 844 1344 audendum.

212 1362 384 1406 142.Dum
398 1365 524 1408 loquor.
534 1362 619 1397 Jam
635 1375 704 1396 nox
720 1361 844 1396 cedere

164 1413 267 1460 coepit
278 1440 288 1459 ,
315 1427 468 1462 moxque
498 1421 631 1450 terram
657 1414 846 1460 relinquet.

163 1469 378 1509 -Hnmida,
392 1467 438 1502 ob
450 1480 568 1502 rorem
579 1482 587 1509 3
600 1467 647 1512 V,
658 1468 721 1511 443
736 1479 743 1501 :
748 1469 846 1511 prui-

163 1532 256 1554 nosa·
263 1522 654 1564 tenebra—Hesperum
661 1522 754 1560 litus,
767 1519 847 1554 litus

163 1571 272 1607 maris
293 1571 461 1608 Atlantici
478 1598 488 1617 ‚
514 1572 551 1606 in
573 1585 644 1617 quo
662 1598 672 1616 ‚
703 1578 744 1606 ut
759 1571 844 1614 soli,

162 1621 211 1658 ita
244 1629 280 1658 et
307 1625 404 1660 noeti
426 1628 520 1659 metae
533 1651 543 1666 ‚
569 1628 683 1676 κέρατα
701 1651 710 1669 ,
738 1622 848 1658 veluti

162 1675 283 1722 positae
295 1685 379 1713 sunt
393 1705 404 1723 ‚
423 1678 465 1713 ad
485 1691 571 1725 quas
586 1679 646 1714 ubi
662 1677 823 1725 pervenit
836 1704 844 1718 ‚

162 1730 200 1764 in
218 1743 317 1766 mare
341 1732 524 1778 mergitur.
549 1750 594 1758 —-
620 1732 722 1766 Melae
739 1757 748 1772 ‚
774 1736 850 1764 ter-

163 1781 274 1827 mini,
293 1783 338 1819 ad
354 1797 442 1830 quos
454 1783 704 1820 contendimus
721 1796 824 1819 cursu
837 1809 847 1826 ,

163 1835 198 1870 h.
214 1835 236 1870 l.
255 1832 299 1871 de
315 1836 499 1872 horizonte
517 1837 722 1873 occidentali
747 1851 756 1873 ε
779 1835 849 1871 vid.

165 1888 359 1937 Spanhem.
377 1897 413 1925 et
425 1890 565 1926 Ernesti
581 1890 625 1925 ad
644 1889 848 1925 Callimach.

163 1941 199 1977 h.
212 1942 293 1978 Del.
303 1956 393 1978 vers.
409 1943 472 1990 169
482 1956 491 1978 ε
503 1944 621 1977 Media
630 1947 718 1977 mela
728 1970 735 1981 ,
750 1941 849 1987 Virg.

165 1998 251 2032 AEn.
267 1997 314 2042 V,
329 1998 393 2032 835
404 2023 414 2042 ,
430 2005 482 2032 est
501 2003 621 2031 vertex
637 1996 721 2031 caeli.
740 1995 850 2029 Metae

165 2049 306 2095 proprie
325 2054 499 2094 ponuntur
519 2056 579 2083 aut
597 2051 852 2084 consmuuntur.

215 2101 287 2146 143.
298 2103 376 2137 Non
395 2107 450 2137 est
460 2115 554 2136 mom
567 2103 683 2135 libera.
700 2101 783 2135 Non
801 2108 852 2135 est

166 2155 348 2200 integrum
365 2154 466 2190 nobis
485 2153 626 2188 morari.
651 2152 710 2188 Sic
727 2153 851 2199 Virgil-

168 2204 312 2242 AEneid.
328 2205 416 2251 XII,
431 2208 471 2253 74
486 2219 495 2241 ι
510 2207 624 2252 Neque
635 2209 722 2240 enim
740 2207 852 2240 Turno

167 2272 262 2294 mora
272 2261 379 2294 libera
397 2263 524 2294 mot-lis.
553 2257 620 2293 Ed.

216 2313 289 2356 144.
308 2309 482 2357 Essulgel,
502 2309 597 2357 quod
613 2310 746 2357 primus
758 2310 851 2345 Gro-

167 2376 250 2399 nov.
276 2377 341 2410 pro
374 2363 510 2399 diversa
538 2364 688 2399 lectione
719 2363 823 2398 habet
840 2377 851 2406 ς

169 2415 253 2450 inde
270 2415 396 2452 Heius.
408 2416 541 2462 recepit
554 2442 563 2460 ‚
582 2415 642 2461 qui
659 2422 695 2450 et
709 2413 849 2459 suadet,

169 2480 210 2503 en
224 2467 349 2514 sulgel.
374 2467 505 2505 Caeteri
517 2496 526 2511 ‚
544 2469 711 2514 elsulget.
732 2468 853 2504 Nostri

171 2533 313 2566 quoque
324 2548 334 2562 ‚
350 2523 386 2555 ct
397 2520 522 2566 fidgel.

220 2572 291 2617 145.
311 2573 456 2617 Corripe.
487 2573 646 2621 Euripid.
673 2573 822 2611 Phaeth.
842 2588 851 2609 ε

168 2631 249 2665 Παῖς
264 2629 399 2676 ’ἔμαρψεν
416 2629 512 2667 &vioce-

220 2679 292 2726 147.
307 2679 429 2714 Solt'da·
438 2681 554 2721 sedes,
570 2679 685 2726 regia,
703 2693 776 2714 non
791 2693 854 2726 per

173 2744 293 2768 aerem
315 2733 456 2777 volans,
478 2732 537 2769 sed
565 2733 675 2768 firmis
699 2733 855 2768 innitens

910 1202 1257 1238 fundamentis.Eur.
1266 1201 1545 1248 Phaeth.fragm.
1557 1203 1577 1236 6
1590 1214 1597 1234 t

911 1261 962 1297 Μὴ
972 1260 1067 1303 ,θίγῃς
1078 1258 1181 1299 {ua-a,
1193 1259 1329 1298 παιδίον,
1339 1256 1457 1304 ἄπειρος
1466 1255 1564 1299 &uffan
1572 1253 1600 1289 δ’

911 1307 1024 1359 ἄναέῇς
1046 1311 1096 1344 τὸν
1114 1311 1238 1358 differ,
1257 1309 1388 1342 ἐλαύνειν
1411 1312 1455 1352 μὴ
1482 1309 1599 1352 μαθών.

958 1363 1031 1395 ι50.
1057 1361 1211 1405 Occupat
1224 1362 1282 1395 ille
1302 1361 1404 1393 levem
1422 1366 1486 1395 etc.
1504 1360 1599 1395 Hae-

911 1419 1013 1448 tenus
1024 1412 1189 1459 pleraque
1201 1413 1272 1446 sere
1285 1412 1405 1446 omnia
1414 1412 1504 1447 bene
1514 1419 1599 1448 trac-

911 1472 984 1501 tata
999 1492 1009 1510 ,
1043 1466 1230 1511 omnisque
1262 1465 1358 1500 locus
1387 1464 1601 1511 descriptio—

910 1517 1032 1558 nibus,
1060 1517 1278 1552 orationibus
1296 1543 1305 1561 ,
1338 1516 1598 1552 narrationibus

912 1576 990 1615 apte
1001 1569 1184 1605 distinctus
1193 1575 1296 1614 atque
1310 1568 1504 1614 dispositus.
1515 1569 1596 1604 Jam

911 1621 995 1658 hinc
1010 1636 1128 1658 cursus
1145 1622 1215 1668 ipse
1234 1621 1355 1668 incipit
1374 1648 1383 1665 ,
1409 1622 1467 1667 qui
1484 1621 1599 1667 phan-

913 1675 1006 1711 tasiae
1032 1682 1143 1721 poetae
1168 1675 1279 1710 latum
1303 1687 1469 1720 campum
1502 1688 1598 1720 prae-

912 1728 1042 1763 stravit.
1060 1727 1131 1763 Sed
1152 1727 1208 1762 hic
1229 1727 1300 1761 duo
1317 1739 1438 1761 rursus
1454 1727 1599 1772 vitupe—

913 1781 1024 1816 randa
1041 1788 1126 1817 sunt
1148 1794 1155 1815 :
1172 1781 1327 1827 primum
1346 1780 1454 1814 nimia
1480 1780 1602 1826 longi-

914 1833 1025 1878 tudo,
1050 1833 1092 1868 ad
1118 1846 1224 1879 quam
1250 1845 1333 1867 eum
1360 1833 1450 1865 sorte
1472 1831 1600 1865 erudi—

915 1886 1020 1921 tionis
1040 1886 1258 1921 ostentandae
1269 1884 1426 1921 studium
1444 1884 1580 1925 ‚seduxit
1595 1899 1602 1926 ;

916 1948 993 1975 tum
1010 1941 1189 1986 neglectus
1204 1952 1326 1974 rerum
1342 1938 1488 1974 dilectus
1505 1951 1513 1974 z
1532 1940 1581 1974 mi
1592 1959 1604 1964 -

915 1994 1031 2028 nutias
1048 1993 1143 2028 enim
1155 1992 1344 2027 nonnullas
1353 1991 1514 2037 intexuit,
1526 2006 1605 2038 quae

917 2053 1023 2080 tantae
1037 2045 1241 2080 calamitatis
1257 2044 1530 2090 descriptionem
1546 2045 1603 2080 de-

916 2098 1053 2135 decent.
1074 2099 1190 2133 Etiam
1202 2098 1351 2143 iocosius
1366 2098 1530 2143 quaedam
1542 2106 1602 2133 aut

917 2151 1072 2198 argutius
1088 2164 1152 2198 pro
1176 2164 1214 2185 re
1237 2151 1329 2186 dicta
1351 2157 1444 2186 sunt.
1464 2168 1509 2177 ·—
1534 2153 1605 2186 Oc-

918 2210 1022 2249 cupat
1051 2212 1117 2240 ete.
1147 2204 1240 2239 Rod.
1275 2204 1346 2238 Mil
1370 2203 1610 2249 jugendlt'clter

917 2257 1021 2302 Krasl
1041 2259 1202 2302 schavingl
1227 2258 1303 2291 sich
1322 2256 1426 2300 jener
1452 2255 1525 2301 aus
1542 2257 1605 2289 den

928 2312 1057 2356 Wagen
1076 2325 1085 2346 .-
1102 2324 1180 2356 quae
1203 2323 1222 2344 a
1248 2317 1370 2344 mente
1400 2316 1435 2344 et
1460 2309 1606 2344 consilio

917 2370 1030 2409 poetae
1048 2364 1210 2398 aberrare
1227 2362 1404 2397 videntur.
1427 2362 1508 2397 Scio
1526 2362 1605 2408 qui-

918 2417 1022 2461 dem,
1046 2430 1168 2453 currus
1198 2417 1362 2452 Deorum
1386 2418 1519 2451 habiles
1542 2416 1607 2451 in-

919 2470 1062 2505 terdum
1077 2470 1144 2505 dici
1158 2497 1168 2515 ,
1185 2477 1221 2505 et
1237 2472 1326 2504 leves
1338 2496 1345 2510 ‚
1365 2468 1434 2503 vid.
1453 2467 1496 2503 ad
1516 2482 1605 2504 vers.

920 2524 982 2558 531
998 2538 1007 2566 ;
1027 2523 1087 2558 sed
1111 2522 1146 2557 h.
1168 2523 1191 2557 l.
1212 2524 1324 2568 junge,
1343 2523 1446 2558 levem
1459 2522 1612 2566 juvenile·

918 2589 1069 2619 corpore,
1085 2583 1230 2621 propter
1244 2575 1398 2623 juvenile
1415 2588 1552 2622 corpus.
1563 2595 1607 2602 —

924 2631 1080 2672 Occupat
1103 2630 1162 2662 ille
1185 2630 1287 2663 levem
1309 2634 1374 2664 etc·
1399 2627 1471 2663 Hic
1487 2640 1607 2663 versus

920 2693 1000 2714 rara
1023 2679 1116 2725 apud
1140 2679 1312 2715 Nostrum
1330 2687 1366 2716 et
1382 2693 1507 2715 omnes
1524 2679 1607 2715 alios

921 2741 1040 2779 poetas
1054 2759 1064 2778 ,
1082 2732 1144 2769 sed
1157 2733 1338 2779 frequenti
1355 2731 1448 2779 apud
1465 2733 1607 2768 Maron.
