1832 3100
315 245 395 288 188

672 244 1002 290 1³„ov11311
1035 233 1333 290 NASONIS

303 334 558 397 Ingreditur
578 334 795 401 liquidum
815 336 1063 402 pavonibus
1085 356 1183 393 aera
1205 337 1335 403 pictis
1350 373 1362 395 ,

305 413 416 460 Tam
439 426 581 478 nuper
599 412 730 479 pictis
755 431 864 461 caeso
887 413 1135 479 pavonibus
1156 414 1305 475 Argo;

308 490 454 553 Quam
478 501 527 537 tu
550 509 692 555 nuper
712 509 805 538 eras
820 527 831 547 ‚
859 509 995 555 quum
1016 489 1226 537 candidus
1248 500 1347 538 ante
1369 486 1550 546 fuisses,

308 568 450 614 Corve
472 566 657 632 loquax,
681 566 831 614 subito
855 567 1079 628 nigrantes
1099 574 1249 613 versus
1271 565 1319 612 in
1342 563 1445 612 alas.

1650 576 1716 612 535

306 644 419 693 Nam
437 643 523 692 fuit
543 643 634 692 haec
660 643 884 709 quondam
907 643 1045 691 niveis
1069 653 1271 704 argentea
1290 641 1449 708 pennis

307 775 343 804 et
354 769 395 804 A.
408 770 448 804 Ρ.
461 770 497 805 11
511 796 520 813 ‚
539 773 599 814 4ο,
616 783 655 805 ex
667 771 768 805 Istro.
781 771 928 805 Pausan.
942 769 959 804 I
971 796 981 813 ,

308 834 340 867 p.
363 834 422 868 170
439 835 463 856 s.
475 848 484 864 ,
507 822 736 867 triplicem'de
753 822 930 857 Coronide
948 829 984 857 et

310 872 497 919 AEsculapii
509 874 678 908 natalibus
686 874 983 908 traditionemsen

309 925 422 968 vavit,
450 939 600 970 quarum
622 939 691 960 una
713 940 792 962 cum
811 927 985 962 Ovidiana

309 977 495 1022 conspirat,
507 977 572 1012 nisi
583 977 677 1022 quod
685 978 835 1013 Coronis
846 978 987 1013 aDiana

308 1028 651 1064 interimitur.Aliam
659 1030 987 1076 exArgivorumcar-

311 1080 721 1116 minibussumsit.Exilla
729 1081 988 1129 Phlegyas‚bel-

311 1130 402 1166 lator
413 1133 642 1168 ferocissimus
658 1133 842 1169 Thessaliae
855 1160 864 1177 ,
879 1146 989 1179 quum

312 1182 350 1216 in
363 1183 647 1229 Peloponnesum
656 1185 871 1230 speculatum
880 1184 991 1219 venis·

312 1240 386 1276 set,
413 1234 483 1269 filia
509 1248 591 1270 eum
611 1243 727 1270 secuta
749 1236 990 1281 AEsculapium

315 1287 406 1331 parit
430 1294 531 1333 atque
551 1289 589 1323 in
606 1297 727 1324 monte
750 1289 902 1334 quodam
925 1303 991 1323 ex-

315 1339 415 1384 ponit
427 1365 436 1382 ‚
472 1340 533 1374 ubi
559 1353 642 1375 eum
667 1341 804 1386 capellae
829 1341 992 1376 mammis

315 1391 491 1424 nutritum
509 1398 544 1425 et
560 1392 685 1427 caelesti
703 1393 784 1438 igne
801 1393 995 1439 fulgentem

315 1448 471 1486 pastores
495 1444 686 1487 reperiunt.
714 1444 807 1488 Quae
834 1444 876 1479 ad
901 1444 996 1479 corvi

315 1491 611 1528 decolorationem
633 1496 812 1539 pertinent
825 1522 834 1539 ,
856 1509 896 1530 ea
913 1495 995 1530 inde

318 1551 395 1579 orta
408 1545 591 1589 videntur,
614 1546 706 1591 quod
723 1547 758 1580 in
777 1547 908 1591 frigidis
925 1553 997 1581 ter-

318 1596 366 1630 ris
392 1596 500 1642 nigrae
527 1610 605 1632 aves
632 1598 820 1639 albescunt.
854 1597 997 1632 Aristot.

321 1648 371 1683 H.
387 1648 428 1682 A.
447 1649 503 1684 ΙΙΙ
517 1675 526 1692 ,
547 1663 595 1684 12.
610 1648 787 1686 Caeterum
804 1648 885 1683 huic
898 1649 999 1683 sabu—

320 1699 363 1734 lae
382 1699 459 1735 duae
478 1700 552 1735 aliae
567 1701 847 1736 commodissime
868 1701 1000 1735 inserte

322 1758 425 1794 sunt,
455 1753 689 1797 Coronet'filz'a·
709 1752 746 1786 in
766 1752 943 1787 cornicem
964 1759 1002 1786 et

323 1805 537 1849 Nyctimene-s
553 1804 590 1839 in
606 1810 774 1838 noctuam
789 1804 948 1838 mutatio.
959 1822 1002 1830 —

326 1856 456 1889 Habilt'.
473 1855 639 1890 Heinsius
663 1868 703 1889 ex
718 1851 792 1888 uno
810 1855 890 1890 MS.
906 1855 1003 1889 malit

326 1909 432 1951 agila}
452 1906 527 1941 sine
551 1918 660 1941 causa.
687 1907 731 1941 In
749 1918 821 1940 uno
841 1906 1004 1941 Mediceo

328 1960 470 1998 hilaris,
497 1957 590 2003 quod
613 1970 686 1991 non
706 1957 881 2003 improbat
904 1959 1005 1993 Bur-

330 2024 494 2045 mannus.
513 2030 558 2037 —
577 2011 695 2046 Nostri
713 2010 860 2051 Codices
875 2010 1008 2046 habent

332 2065 448 2097 habili.
463 2081 507 2088 —-
521 2065 659 2097 Habm's
679 2070 822 2109 propter
841 2063 1007 2101 celerita-

333 2121 407 2150 tem
420 2140 429 2158 ,
448 2127 515 2159 qua
530 2115 661 2160 agitur:
674 2116 707 2149 Χ
718 2141 727 2159 ,
747 2128 806 2162 717
818 2142 826 2156 ‚
842 2118 924 2149 Ievis
932 2127 1010 2149 cur-

336 2179 393 2200 rus
408 2165 568 2200 Veneris.
583 2166 696 2200 Tibul.
712 2166 765 2200 IV
778 2192 787 2210 ,
802 2178 833 2209 1,
855 2167 916 2201 130
928 2179 936 2200 ε
948 2168 1010 2201 Ju-

330 2220 423 2262 piter
432 2221 503 2261 zjose
511 2220 579 2252 levi
587 2222 699 2258 vectus
703 2230 767 2261 per
774 2221 893 2252 inania
904 2232 1010 2253 curru.

340 2271 466 2305 Horat.
485 2270 503 2305 Ι
518 2295 528 2313 ,
558 2269 628 2304 Od.
642 2280 739 2303 xxxv
752 2295 765 2313 ,
787 2271 807 2304 8
824 2282 832 2303 :
849 2272 1010 2310 volucrem

335 2316 435 2357 {Iovis
443 2335 581 2357 currum.
593 2321 713 2367 virgil.
726 2321 867 2355 AEneid.
877 2323 894 2356 1
906 2348 915 2364 ,
934 2325 990 2367 147
1005 2334 1013 2356 ε

338 2376 426 2408 leves
434 2378 512 2408 rolae
521 2373 687 2418 Neptuni.
695 2372 818 2407 Senec.
826 2372 924 2406 Med.
934 2375 993 2419 787
1004 2385 1013 2408 ε

343 2428 463 2461 Trivia-
492 2439 607 2461 currus
637 2428 753 2470 agiles.
787 2426 1013 2460 Burmannus

340 2491 426 2513 vero
439 2485 582 2522 monet,
601 2480 743 2512 habilem
761 2489 857 2523 posse
869 2477 926 2512 hie
941 2490 1013 2511 esse

341 2537 462 2575 aptum
479 2529 635 2571 Junoni,
656 2535 695 2562 ut
721 2528 811 2573 apud
840 2527 952 2572 Cicer.
970 2527 1012 2562 de

344 2582 443 2632 Orat.
461 2583 477 2616 I
489 2609 498 2626 ,
517 2582 577 2616 231
592 2608 601 2625 ,
618 2584 730 2616 calcei
739 2583 877 2615 habiles.

389 2634 462 2667 532.
489 2635 678 2668 Pavonibns
692 2636 805 2676 pictis.
832 2633 902 2667 Pro
913 2634 1017 2676 piem

347 2686 489 2731 quidam
494 2687 642 2730 junctis,
665 2686 758 2731 quod
775 2686 885 2731 placet
901 2686 1018 2720 Hein-

345 2739 418 2783 sio3
445 2737 507 2773 sed
523 2739 749 2774 Burmannus
764 2746 857 2773 recte
873 2744 994 2773 monet
1005 2764 1015 2779 ,

1047 769 1292 815 repetitionem
1307 767 1411 814 huius
1424 767 1578 803 vocabuli
1590 779 1676 804 vers.
1691 780 1718 802 s.

1049 822 1207 856 adserere
1221 822 1309 867 vulg.
1323 839 1366 847 —-
1379 820 1495 856 Nostri
1510 819 1631 865 Regii,
1648 822 1720 864 pt'c-

1048 879 1105 910 le's.
1123 894 1167 901 —
1187 877 1269 910 Tam
1286 888 1388 920 nuper
1394 879 1500 920 pic-lis
1516 881 1579 909 etc.
1597 874 1640 909 ln
1655 873 1723 908 hoc

1049 928 1195 962 transitu
1211 954 1220 971 ,
1245 928 1281 961 in
1309 940 1378 972 quo
1401 925 1590 962 similitudo
1618 924 1721 971 paulo

1050 980 1149 1014 altius
1167 980 1313 1025 repetita
1329 986 1380 1014 est
1394 1005 1403 1021 ,
1425 992 1492 1013 nec
1507 978 1641 1024 placere
1657 988 1724 1022 po-

1051 1038 1117 1066 test
1132 1031 1251 1066 lectori
1270 1034 1414 1066 eventus
1429 1030 1552 1066 sabulae
1568 1038 1723 1074 occupa-

1051 1090 1126 1126 tus,
1154 1090 1257 1128 atque
1288 1082 1374 1117 adeo
1400 1083 1436 1117 in
1465 1081 1537 1116 fine
1559 1093 1633 1116 non
1658 1079 1725 1114 nisi

1052 1147 1126 1169 uno
1141 1147 1243 1169 versu
1259 1135 1434 1179 repetitus.
1450 1133 1505 1168 De
1523 1133 1613 1179 picta
1624 1143 1725 1178 pavo-

1053 1198 1143 1219 num
1154 1184 1263 1219 cauda
1274 1185 1384 1219 videl
1397 1210 1407 1228 ‚
1426 1185 1500 1230 723.
1515 1201 1560 1211 —-
1575 1185 1681 1226 Quam
1689 1187 1727 1216 lu

1054 1250 1158 1280 nuper
1170 1250 1254 1271 eras.
1273 1235 1409 1270 Corvus
1421 1235 1521 1270 initio
1532 1235 1598 1270 suit
1607 1228 1728 1270 ca'ndi-

1056 1288 1138 1332 dus,
1162 1288 1223 1323 sed
1240 1300 1350 1334 quum
1365 1287 1439 1333 ejus
1456 1286 1584 1322 indicio
1602 1285 1728 1332 Apollo

1057 1340 1273 1386 cognovisset
1291 1339 1471 1375 Coronida
1486 1338 1633 1374 amicam
1646 1350 1728 1373 cum

1057 1393 1123 1427 alio
1150 1392 1303 1438 quodam
1322 1393 1450 1438 juvene
1475 1404 1552 1426 rem
1576 1390 1704 1426 habere
1718 1415 1729 1433 ‚

1058 1458 1205 1490 eamque
1221 1445 1350 1491 sagittis
1369 1443 1597 1479 interfecisset
1609 1467 1619 1485 ‚
1635 1452 1731 1487 pue-

1058 1509 1208 1541 rumque
1234 1495 1482 1541 AEsculapium‚
1497 1492 1608 1529 exciso
1630 1499 1732 1527 utero

1059 1548 1274 1588 extraxisset,
1291 1546 1494 1591 poenitentia
1505 1544 1627 1579 ductus
1635 1569 1646 1587 ‚
1657 1555 1732 1578 eor-

1059 1610 1144 1631 vum
1167 1597 1337 1639 indicem,
1362 1597 1425 1631 sibi
1450 1595 1577 1640 aliquid
1599 1594 1732 1640 praemii

1060 1655 1273 1694 sperantem,
1287 1661 1327 1682 ex
1335 1647 1412 1682 albo
1421 1647 1561 1693 nigrum
1568 1646 1658 1683 secit-
1667 1648 1734 1681 Ed.

1061 1720 1106 1727 —
1114 1702 1205 1736 Alas
1215 1700 1387 1743 nominat,
1397 1706 1431 1734 et
1443 1699 1590 1734 omnino
1602 1711 1734 1744 pennas

1063 1753 1266 1799 plumasque
1283 1751 1441 1796 intelligit
1454 1753 1624 1794 nigrantes
1637 1776 1645 1790 ‚
1671 1749 1735 1783 ni-

1065 1817 1141 1851 gras
1152 1806 1308 1839 :vertitur
1319 1806 1355 1837 in
1370 1805 1646 1846 alas-nt'granles,
1658 1813 1737 1836 ver-

1065 1857 1151 1891 titur
1163 1856 1210 1890 sic
1221 1881 1230 1898 ,
1255 1861 1293 1889 ut
1309 1854 1369 1889 alae
1387 1854 1592 1899 nigrescant.
1660 1878 1661 1881 η

1111 1908 1185 1942 536.
1202 1906 1370 1950 Namsuit
1387 1912 1450 1941 etc.
1474 1906 1586 1940 Aliles
1603 1918 1644 1947 ex
1659 1904 1737 1939 dis-

1069 1960 1194 2005 ciplina
1233 1970 1404 2003 augurum
1416 1977 1418 1979 ·
1432 1956 1635 1992 dicebantur
1647 1969 1740 1994 -aves

1070 2011 1249 2057 augurales
1267 2011 1416 2055 majores
1429 2034 1439 2053 ‚
1463 2009 1500 2043 in
1517 2008 1641 2065 §uibus
1654 2019 1740 2043 eor-

1071 2078 1134 2100 vus
1146 2090 1155 2108 ,
1173 2066 1245 2098 ales
1261 2065 1432 2097 Phoebeius
1450 2059 1554 2106 (vers.
1570 2057 1657 2104 545)
1672 2059 1695 2098 i.
1710 2072 1741 2093 e.

1073 2116 1227 2162 Apollini
1250 2128 1344 2150 sacer
1368 2121 1404 2150 et
1427 2119 1562 2159 gratus,
1586 2111 1624 2145 in
1642 2111 1742 2156 cujus

1073 2169 1179 2203 etiam
1193 2178 1325 2202 corona
1336 2165 1516 2200 sedentem
1531 2162 1670 2198 nummi
1683 2174 1744 2196 ex—

1074 2219 1205 2254 hibent.
1224 2219 1373 2252 Candidi
1384 2216 1500 2259 corvi,
1518 2215 1623 2250 etiam
1638 2212 1742 2248 hodie

1073 2273 1274 2317 frequentes
1286 2268 1509 2316 reperiuntur
1524 2267 1563 2301 in
1576 2265 1676 2301 terris
1684 2265 1744 2300 bo-

1075 2324 1244 2362 realibus;
1272 2332 1386 2366 neque
1402 2326 1520 2354 tamen
1536 2317 1585 2352 illi
1607 2317 1670 2351 toti
1685 2316 1743 2351 al-

1075 2375 1180 2417 bent,
1208 2372 1268 2415 sed
1293 2372 1394 2416 nigro
1421 2369 1527 2404 colori
1553 2367 1744 2402 admixtum

1066 2426 1208 2470 ⁴habent
1224 2422 1412 2459 candidum
1428 2435 1436 2458 t
1458 2421 1536 2462 vide
1554 2420 1745 2456 Mulierum

1078 2478 1123 2512 ad
1142 2477 1269 2511 Linnei
1285 2476 1378 2523 Syst.
1398 2476 1478 2510 Nat.
1497 2480 1523 2509 t.
1538 2473 1607 2517 11,
1621 2484 1654 2518 p.
1675 2485 1748 2517 ¹7¹·

1078 2530 1150 2566 Sed
1166 2530 1249 2564 olim
1260 2556 1270 2573 ‚
1287 2543 1328 2564 ex
1343 2528 1508 2579 opinione
1525 2532 1656 2572 poetae,
1674 2523 1748 2558 haec

1079 2582 1147 2616 ales
1159 2588 1233 2616 erat
1244 2583 1348 2614 nivel&
1362 2583 1516 2623 argentea
1522 2578 1644 2621 pennis
1652 2601 1661 2616 ‚
1681 2574 1702 2608 i.
1718 2587 1747 2608 e.

1080 2635 1190 2669 niveae
1205 2646 1264 2668 seu
1283 2631 1438 2667 candidae
1453 2627 1527 2674 eius
1543 2639 1667 2673 pennae
1690 2639 1750 2660 re-

1081 2686 1238 2720 ferebant
1251 2684 1403 2718 colorem
1420 2680 1563 2727 argenti.
1583 2679 1652 2714 Sic.
1673 2678 1728 2712 III
1739 2703 1750 2721 ,

1068 2737 1148 2780 .405
1165 2749 1174 2772 z
1189 2738 1307 2771 m'tidzzv
1320 2738 1491 2780 argenteus
1504 2733 1613 2767 undis.
