1832 3100
542 380 595 451 P
621 368 1061 453 RAEFATI
1084 382 1145 451 Ο

182 549 291 608 DE
331 528 612 645 ‘oPERE
659 528 1530 622 METAMORPHOSEON,

320 699 632 741 AUCTORE
659 698 892 739 GOTTL.
922 700 1109 740 ERDM.
1147 700 1406 743 GIERIG.

146 1031 279 1102 RES
300 1039 714 1120 antiquissimorum
735 1050 989 1101 Graecorum
1001 1051 1136 1100 ferme
1153 1070 1307 1100 omnes
1318 1089 1330 1110 ‚
1346 1050 1573 1099 civitatum

146 1141 363 1204 originem,
382 1140 472 1190 fata
488 1153 533 1189 et
545 1141 659 1190 facta
673 1140 883 1198 heroum,
899 1141 1188 1206 Deorumque
1201 1138 1439 1202 religiones
1449 1176 1460 1197 ‚
1476 1138 1578 1205 phi-

146 1227 459 1296 losophemata
480 1229 611 1277 etiam
624 1266 636 1286 ‚
658 1247 796 1294 quum
810 1265 822 1287 ,
845 1228 962 1276 utin
979 1228 1082 1286 rudi
1102 1239 1232 1291 gente
1249 1238 1294 1276 et
1310 1227 1358 1275 in
1375 1246 1578 1276 sermone

147 1318 351 1366 nondum
374 1316 551 1367 exculto
566 1355 579 1377 ,
601 1318 767 1384 sabulis
796 1328 944 1366 essent
973 1315 1183 1365 involutae
1197 1354 1210 1375 ‚
1247 1315 1381 1382 primi
1402 1327 1546 1382 poetae
1565 1354 1576 1373 ‚

144 1405 235 1471 jam
262 1418 363 1455 ante
386 1407 633 1454 Homerum
655 1418 701 1454 et
718 1405 994 1463 Hesiodum,
1026 1404 1082 1452 iis
1103 1403 1220 1453 varie
1244 1404 1484 1452 tractandis
1509 1405 1579 1452 in-

147 1493 277 1556 genia
315 1495 603 1541 exercuerunt
621 1511 632 1545 ;
673 1493 924 1554 horumque
965 1492 1153 1551 vestigia
1194 1503 1453 1555 presserunt
1490 1503 1578 1540 tam

147 1581 314 1649 quibus
334 1591 491 1647 postea
515 1578 780 1642 theogonias
805 1569 945 1644 atque·
967 1579 1279 1642 cosmogonias
1312 1600 1577 1647 componere

143 1670 313 1738 placuit
326 1707 339 1728 ‚
365 1687 498 1736 quam
517 1668 596 1735 qui
613 1666 778 1734 Cyclici
796 1666 1039 1716 dictisunt.
1051 1655 1209 1734 ‘Lyrici
1230 1669 1362 1718 etiam
1380 1670 1573 1737 hymnos

143 1759 201 1807 in*
216 1760 340 1807 Deos
357 1757 599 1824 laudesque
621 1757 811 1806 heroum
830 1756 997 1805 fabulis
1012 1766 1293 1807 'exornarunt
1304 1796 1316 1816 ‚
1337 1770 1381 1808 et
1396 1760 1575 1822 Tragici

145 1847 394 1897 dramatum
425 1866 612 1895 suorum
645 1857 905 1910 argumenta
935 1845 1040 1896 inde
1062 1847 1336 1914 repetierunt
1360 1841 1574 1896 certatim.

144 1938 301 2004 Neque
328 1948 563 2004 poetarum
595 1935 788 1999 ingeniis
811 1934 920 1985 solis
941 1934 1085 2002 ampla
1116 1934 1193 1983 illa
1213 1936 1395 1984 materia
1418 1948 1486 1984 est
1507 1957 1578 1986 re—

145 2026 270 2085 licta;
296 2026 375 2076 sed
399 2038 500 2074 ante
521 2037 566 2075 et
587 2026 702 2074 circa
715 2024 834 2075 bella
851 2043 953 2073 cum
970 2024 1118 2073 Persis
1143 2036 1265 2087 gesta
1287 2025 1551 2075 exstiterunt
1564 2065 1576 2084 ,

149 2115 245 2181 qui,
269 2127 322 2164 ut
337 2115 481 2178 gentis
496 2133 586 2163 suae
603 2114 799 2176 origines
817 2113 1080 2172 conderent,
1099 2111 1273 2163 fabulas
1288 2113 1409 2173 illas,
1424 2114 1576 2181 quales

148 2216 274 2254 erant
296 2223 322 2252 a
341 2204 587 2270 majoribus
611 2202 804 2262 traditae,
831 2194 1134 2252 voluminibus
1154 2202 1575 2270 complecterentur;

147 2295 194 2343 in
222 2294 389 2361 quibus
413 2293 700 2353 Pherecides,
722 2291 959 2342 Acusilaus
984 2293 1204 2356 Argivus,
1229 2295 1460 2343 Hecataeus
1485 2295 1575 2342 Mi-

146 2382 296 2442 lesius,
311 2394 357 2431 et
370 2381 632 2431 Hellanicus
643 2380 958 2430 inclaruerunt.
976 2380 1103 2429 Illam
1112 2400 1218 2430 vero
1234 2381 1485 2431 fabularum
1497 2402 1576 2431 an-

146 2472 337 2538 tiquitus
362 2471 624 2520 traditarum
656 2470 942 2533 farraginem,
972 2489 1059 2536 qua
1091 2483 1186 2518 tum
1218 2472 1363 2519 omnis
1387 2471 1575 2521 historia

147 2579 288 2625 graeca
320 2560 659 2618 continebatur,
684 2578 765 2608 nec
787 2559 943 2607 seriori
970 2571 1168 2625 tempore
1191 2561 1472 2626 abjecerunt,
1498 2564 1575 2628 qui

146 2668 294 2699 rerum
315 2668 340 2697 a
364 2647 506 2711 gentis
531 2667 618 2697 suae
642 2648 898 2696 auctoribus
921 2659 1141 2710 gestarum
1164 2650 1384 2698 memoriae
1409 2670 1573 2699 consuq

147 2737 237 2788 lere
260 2736 508 2787 voluerunt.
532 2737 623 2785 Tot
642 2737 780 2800 igitur
797 2737 1066 2804 scriptorum
1089 2737 1248 2787 studiis
1271 2737 1347 2788 illa
1367 2739 1464 2806 ipsa
1482 2739 1572 2788 sar—

327 2826 430 2871 III.
1337 2844 1351 2870 1
