1832 3100
314 262 397 308 106

684 265 736 308 P.
776 265 1010 310 OVIDII
1042 265 1346 311 NASONIS

303 358 351 406 Si
376 377 461 423 qua
483 356 643 415 latent,
669 357 849 407 meliora
872 370 1012 425 putat.
1038 359 1174 422 Fugit
1197 360 1321 408 ocior
1341 379 1446 408 aura

301 434 382 483 Illa
408 434 517 492 levi;
538 454 678 502 neque
701 436 755 485 ad
777 436 868 484 haec
892 438 1139 485 revocantis
1163 438 1294 487 verba
1314 439 1484 487 resistit
1506 457 1517 486 :

304 536 327 556 »
353 514 577 580 Nympha,
603 534 779 581 precor,
807 515 963 573 Penei,
990 534 1144 563 mane:
1169 534 1259 563 non
1276 515 1490 583 insequor
1511 516 1668 566 hostis.

304 612 327 633 »τ
353 591 578 658 Nympha,
604 611 742 641 mane.
765 593 839 641 Sic
863 611 974 655 agna
995 592 1172 659 lupum,
1198 593 1260 640 sic
1283 612 1407 641 cerva
1430 593 1624 653 leonem,
1653 607 1719 643 505

302 690 326 711 »
352 668 425 716 Sic
450 668 640 735 aquilam
661 689 806 735 penna
827 670 1008 734 fugiunt
1031 671 1277 738 trepidante
1302 671 1542 730 columbae;

300 772 323 793 »
351 751 518 799 Hostes
546 770 728 818 quaeque
753 771 870 802 suos.
896 754 1037 802 Amor
1059 765 1125 802 est
1148 754 1257 802 mihi
1279 773 1409 803 causa
1433 755 1660 821 sequendi.

301 855 325 875 n
353 834 428 881 Me
447 834 683 882 miserum!
708 854 761 884 ne
781 855 923 902 prona
947 837 1094 895 cadas,
1115 837 1349 900 indignave
1374 837 1473 885 laedi

302 936 325 957 >³
355 916 495 964 Crura
518 929 667 965 secent
689 929 854 977 sentes;
882 931 925 967 et
945 919 1028 967 sim
1051 919 1135 967 tibi
1159 938 1288 968 causa
1312 919 1481 968 doloris
1505 938 1517 967 z

296 1058 394 1092 nitur
410 1058 445 1092 in
464 1059 706 1094 monumentis
723 1072 731 1094 :
750 1059 830 1094 vide
852 1059 977 1105 Sponii

299 1110 445 1145 Miscell.
463 1124 494 1155 p.
512 1109 588 1145 312.

340 1164 415 1196 502.
442 1164 560 1207 Siqua
575 1165 692 1197 latent.
719 1162 871 1207 Quintil.
891 1163 975 1198 Inst.

296 1214 398 1250 Orat.
416 1214 534 1257 VIII,
561 1225 628 1256 111,
656 1216 696 1259 47
717 1228 725 1256 ;
750 1215 809 1249 ubi
831 1222 974 1258 monet,

297 1266 403 1301 etiam
414 1279 557 1301 sensum
564 1267 697 1300 bonum
709 1266 889 1301 interdum
900 1279 975 1312 per-

295 1318 384 1352 verti
400 1319 442 1353 ab
453 1319 600 1364 impuris
615 1319 815 1354 hominibus
829 1345 837 1362 ‚
855 1332 976 1354 exem-

295 1369 342 1415 pli
365 1370 441 1404 loco
463 1370 536 1405 haec
553 1371 625 1416 ipsa
644 1370 749 1405 verba
769 1370 887 1404 laudat
901 1396 910 1413 ,
940 1376 976 1404 et

295 1434 360 1467 pro
381 1425 419 1455 si
431 1435 496 1467 qua
511 1421 617 1457 habet
631 1435 774 1467 quoeque.
802 1420 872 1456 Sed
889 1420 974 1455 illud

293 1473 496 1519 elegantius.
521 1473 613 1508 Vide
634 1474 677 1508 ad
696 1473 787 1509 Plin.
803 1474 820 1507 I
834 1499 843 1516 ,
862 1473 927 1518 Ep.
948 1484 973 1506 1.

293 1526 433 1569 Noster,
447 1526 569 1560 Amor.
585 1526 642 1561 ΙΙΙ
655 1552 664 1569 ,
683 1537 712 1560 11
723 1552 732 1569 ,
751 1526 792 1560 35
804 1526 977 1568 :Suspicor

290 1591 334 1612 ex
349 1581 428 1612 istis
437 1582 474 1612 el
484 1583 602 1613 cetera
610 1591 712 1622 posse
721 1580 870 1621 placere,
893 1579 974 1619 Quae

292 1633 372 1666 bene
390 1634 452 1664 sub
475 1634 569 1665 tenui
584 1632 720 1665 condita
745 1634 837 1664 vesle
857 1631 973 1663 latent.

338 1683 414 1717 503.
431 1685 546 1728 Neque
557 1684 608 1717 ad
618 1685 698 1717 ᾖσε.
715 1682 796 1727 Seq.
813 1681 972 1716 oratione

291 1735 415 1780 probat
424 1742 539 1780 poeta,
552 1735 660 1780 quod,
674 1736 710 1770 11
720 1761 729 1779 ,
741 1735 818 1778 846,
829 1742 971 1778 monet,

292 1800 377 1822 non-
390 1787 481 1822 bene
502 1788 693 1822 convenire
706 1814 715 1832 ,
746 1801 812 1822 nec
838 1800 909 1822 una
934 1787 972 1821 in

289 1838 373 1874 sede
384 1839 515 1874 morari
526 1840 746 1884 majestatem
756 1846 792 1874 et
803 1851 971 1873 amorem.

287 1891 391 1925 Dum
415 1891 512 1926 enim
537 1892 661 1926 insano
690 1903 810 1926 amore
837 1890 972 1925 incitati

288 1942 428 1986 juvenis
439 1955 555 1976 mores
567 1949 666 1977 notat
679 1969 688 1986 ,
702 1941 890 1976 ridendum
905 1948 972 1975 tra-

289 1993 342 2028 dit
356 1994 534 2038 sapientiae
547 1994 667 2028 Deum
679 2019 689 2037 ,
704 1994 764 2039 qui
775 2000 877 2028 antea
890 2005 972 2027 con-

291 2044 430 2080 temtim
444 2045 487 2079 de
505 2045 690 2091 Cupidinis
707 2045 782 2080 telis
797 2052 834 2079 et
850 2057 970 2079 amore

287 2097 426 2132 locutus
434 2104 518 2132 erat.
528 2098 650 2142 Itaque
658 2111 724 2132 nec
731 2097 865 2132 dubitat
873 2109 969 2140 eum,

289 2163 379 2185 vers.
398 2151 474 2193 533,
486 2163 567 2185 cum
576 2163 662 2185 cane
677 2150 834 2195 leporem
845 2163 970 2195 perse-

290 2209 421 2247 quente
435 2214 649 2247 comparare.
670 2201 742 2236 Sed
762 2202 867 2235 etiam
882 2202 970 2236 Ho-

284 2267 409 2290 merus
423 2255 534 2289 multa
550 2254 626 2289 Diis
639 2253 784 2299 indigna
798 2253 915 2296 finxit,
931 2261 970 2288 ut

289 2307 329 2343 Il.
352 2312 400 2351 A,
432 2309 497 2352 540
520 2320 593 2352 sqq.
608 2333 618 2350 ,
636 2319 723 2341 νει-5.
743 2306 807 2341 586
828 2318 902 2350 sqq.
928 2305 969 2340 Id

288 2360 403 2394 multo
426 2360 535 2405 magis
556 2359 593 2393 in
610 2359 677 2393 hoc
693 2357 969 2402 Metamorpho-

288 2414 387 2446 seon‘
397 2424 504 2457 opere
534 2410 687 2445 excusari
710 2410 823 2444 debet.
855 2409 969 2454 lnge-

288 2463 390 2497 nium
407 2463 549 2509 quidem
570 2461 692 2497 Ovidii
707 2462 743 2496 in
760 2461 813 2495 his
829 2473 967 2505 quoque

288 2529 462 2561 agnosces.
483 2515 682 2550 Commode
693 2515 798 2549 etiam
808 2514 918 2548 multa
928 2527 970 2548 ex

288 2567 505 2614 mythologia
517 2594 526 2611 ,
538 2579 617 2613 >quae
626 2566 668 2601 ad
682 2566 885 2611 Apollinem
893 2579 969 2610 per-

287 2619 377 2653 tinet
390 2644 400 2662 ,
426 2619 617 2654 admiscuit.
641 2637 686 2644 —
711 2619 774 2653 Ad
793 2620 863 2652 haec
876 2644 883 2657 ‚
915 2615 969 2651 his

288 2671 425 2712 auditis,
446 2672 515 2715 111,
530 2673 603 2714 245.
617 2671 676 2705 Sic
692 2677 728 2705 et
740 2673 801 2704 sub
817 2670 883 2712 IV,
895 2671 970 2703 522.

334 2726 409 2768 504.
421 2727 534 2758 Penei.
547 2725 618 2758 Pro
631 2726 757 2758 Peneia
765 2750 772 2762 ‚
791 2722 885 2767 quod
897 2722 970 2769 plu-

288 2776 467 2813 rimi.Vid.
474 2776 518 2811 de
527 2775 584 2810 illa
591 2775 831 2810 sormaHeins.
839 2774 883 2808 ad
891 2773 924 2808 h.
931 2773 968 2818 L,

1042 1068 1078 1096 et
1091 1061 1207 1096 Bentl.
1224 1060 1267 1095 ad
1285 1061 1411 1096 Horat.
1424 1061 1442 1095 I
1452 1088 1461 1102 ,
1481 1060 1552 1097 Od.
1564 1072 1653 1096 XXVI
1663 1086 1674 1105 ‚
1688 1073 1721 1110 9.

1040 1133 1084 1140 ·—-
1099 1115 1211 1148 Penei.
1235 1114 1354 1148 Nostri
1373 1113 1486 1148 Codd.
1502 1113 1634 1148 habent
1644 1116 1720 1148 Pe-

1041 1169 1132 1202 aeia.
1156 1164 1249 1210 quod
1271 1178 1344 1199 non
1365 1165 1581 1211 praetulimus
1596 1192 1606 1209 ‚
1635 1177 1721 1200 nam

1041 1217 1149 1251 Penei
1158 1224 1273 1252 metro
1291 1217 1416 1252 melius
1431 1217 1603 1262 congruit.
1618 1217 1685 1251 Ed.

1085 1273 1160 1305 505.
1181 1268 1238 1304 St'c
1249 1283 1339 1314 agna
1356 1276 1420 1304 etc.
1439 1268 1652 1315 Expressisse
1666 1268 1721 1303 vi·-

1041 1321 1144 1356 detur
1155 1323 1279 1357 Horat.
1293 1323 1309 1357 I
1321 1348 1331 1365 ,
1352 1321 1423 1357 Od.
1435 1331 1548 1364 xxm,
1565 1322 1727 1369 92Alqui

1039 1386 1106 1406 non
1121 1387 1182 1418 ego
1201 1378 1232 1408 te
1243 1401 1251 1414 ,
1273 1377 1370 1417 hirris
1387 1377 1427 1408 ut
1438 1385 1576 1417 aspera,
1602 1373 1722 1407 θείη*

1038 1427 1131 1459 lusae
1143 1428 1196 1459 leo
1207 1452 1215 1466 ‚
1226 1423 1387 1469 frangere
1393 1436 1582 1469 persequor:
1609 1431 1612 1434 ’
1646 1444 1648 1446 ·

1085 1478 1158 1512 506.
1181 1480 1327 1518 Pennoe,
1347 1477 1430 1520 alae,
1459 1477 1638 1522 eleganter
1662 1475 1719 1510 di·

1038 1537 1168 1565 cuntur
1191 1530 1355 1574 trepidare
1366 1556 1374 1570 ‚
1401 1541 1512 1574 quum
1531 1541 1602 1574 prae
1620 1534 1720 1562 metu

1037 1582 1197 1617 celeriter
1221 1588 1420 1616 moventur.
1453 1580 1510 1616 Cf.
1538 1582 1572 1614 V
1586 1606 1596 1624 ,
1629 1580 1719 1622 605;

1039 1636 1112 1670 Vll
1125 1662 1134 1679 ‚
1163 1636 1236 1671 382.
1254 1635 1378 1670 Florus
1392 1635 1448 1670 III
1465 1660 1474 1678 ,
1492 1645 1514 1668 x
1527 1660 1537 1676 ,
1561 1646 1599 1678 ¹7
1614 1659 1624 1676 ‚
1650 1637 1718 1667 lte-

1031 1689 1191 1731 pz'danlz'a
1218 1687 1304 1721 adeo
1330 1690 1487 1730 carptum
1511 1684 1606 1719 dixit.
1641 1683 1720 1718 Ex—

1037 1739 1196 1783 quisitius
1228 1738 1352 1784 Virgil.
1379 1736 1522 1772 AEneid.
1543 1737 1597 1781 V,
1625 1738 1690 1772 505
1708 1762 1719 1780 ,

1035 1793 1148 1826 timuit
1153 1794 1275 1835 pennis
1292 1793 1375 1824 ales.

1081 1845 1155 1878 508.
1179 1845 1292 1878 Prona
1315 1843 1432 1876 cadas.
1458 1841 1570 1875 Proui
1586 1838 1718 1874 cadunt

1035 1901 1235 1935 currente„
1256 1896 1391 1938 supini,
1417 1892 1475 1937 qui
1491 1890 1720 1925 interficiun—

1036 1954 1104 1981 tur.
1121 1948 1319 1990 -Jndzgvna
1332 1947 1413 1979 laedi
1425 1972 1432 1982 ‚
1452 1953 1530 1989 quae
1543 1954 1616 1977 non
1634 1954 1720 1976 me-

1036 2006 1162 2034 rentur
1186 1998 1274 2033 laedi.
1307 1998 1523 2041 Plerumque
1546 1992 1719 2038 fndl’fflium

1035 2051 1189 2085 absolute
1217 2050 1317 2096 ponit
1342 2049 1473 2084 Noster
1491 2074 1502 2091 ,
1532 2058 1717 2093 suppresso

1034 2103 1142 2137 verbo
1155 2128 1166 2146 ,
1188 2109 1228 2136 ut
1243 2101 1321 2136 631.
1344 2100 1437 2135 Vide
1457 2099 1557 2135 Cort.
1575 2099 1617 2134 ad
1637 2099 1717 2134 sal-

1034 2155 1112 2189 lust.
1127 2153 1255 2200 Cat.51
1272 2179 1281 2196 ‚
1295 2167 1349 2198 27.
1367 2153 1456 2187 Hor.
1470 2152 1487 2186 I
1499 2177 1508 2195 ‚
1528 2150 1599 2187 Od.
1614 2161 1694 2186 xvn
1706 2177 1717 2195 ,

1034 2209 1077 2243 28
1095 2220 1104 2241 :
1123 2208 1264 2241 Scindat
1277 2209 1474 2240 immeritam
1490 2209 1623 2239 vestem,

1079 2264 1154 2308 509·
1169 2261 1295 2294 Secem‘.
1321 2259 1445 2305 Virgil.
1463 2258 1536 2293 Ecl-
1558 2257 1592 2292 X
1605 2283 1615 2300 ‚
1642 2258 1685 2303 49
1706 2269 1715 2292 2

1039 2314 1121 2347 Tibi
1133 2325 1175 2347 ne
1196 2317 1327 2346 teneras
1343 2313 1474 2354 glacies
1488 2313 1580 2344 secel
1595 2321 1718 2351 aspera

1027 2367 1178 2409 plantas.
1210 2363 1264 2397 Ita
1288 2375 1402 2396 secare
1426 2368 1462 2396 et
1483 2360 1613 2406 Geor-g.
1638 2360 1715 2403 III,

1034 2417 1107 2460 444.
1125 2414 1195 2449 Sed
1213 2419 1248 2447 et
1263 2417 1393 2453 notent,
1414 2411 1509 2457 quod
1526 2411 1560 2446 h.
1577 2411 1599 2446 l.
1614 2423 1717 2446 non—

1032 2466 1119 2500 nulli
1137 2465 1289 2507 habent,
1308 2463 1451 2498 defendi
1467 2469 1581 2509 potest
1595 2475 1637 2498 ex
1652 2462 1718 2497 Ti-

1032 2518 1147 2561 bullo,
1167 2517 1220 2552 IV
1232 2543 1242 2560 ‚
1268 2527 1315 2551 111
1328 2542 1338 2559 ‚
1370 2528 1431 2559 ιο,
1448 2518 1596 2550 hamulis·
1621 2527 1717 2549 cmm

1033 2575 1148 2604 notare
1162 2571 1272 2609 rubis,
1291 2567 1352 2602 ubi
1369 2567 1448 2602 vide
1466 2567 1585 2614 Heyn.
1601 2584 1644 2592 ——
1658 2566 1717 2600 Se-

1032 2624 1127 2660 cenl,
1146 2631 1210 2664 pro
1229 2623 1345 2653 notent
1363 2616 1500 2652 Ciosan.
1523 2629 1564 2651 ex
1579 2615 1715 2651 duobus

1033 2670 1187 2716 protulit.
1223 2669 1436 2704 Habuerunt
1459 2675 1495 2702 et
1522 2666 1645 2702 decem
1674 2679 1715 2700 ex

1034 2721 1236 2755 melioribus
1251 2746 1260 2762 ,
1285 2732 1371 2765 quos
1398 2717 1564 2753 Heinsius
1579 2724 1716 2752 contu·-

1035 2773 1078 2807 lit
1090 2799 1099 2816 ,
1118 2772 1213 2807 unde
1233 2772 1289 2806 ille
1307 2770 1448 2816 recepit.
