<?xml version="1.0" encoding="UTF-8"?>
<!DOCTYPE html PUBLIC "-//W3C//DTD XHTML 1.0 Transitional//EN"
    "http://www.w3.org/TR/xhtml1/DTD/xhtml1-transitional.dtd">
<html xmlns="http://www.w3.org/1999/xhtml" xml:lang="en" lang="en">
 <head>
  <title>
</title>
<meta http-equiv="Content-Type" content="text/html;charset=utf-8" />
  <meta name='ocr-system' content='tesseract 3.04.00' />
  <meta name='ocr-capabilities' content='ocr_page ocr_carea ocr_par ocr_line ocrx_word'/>
</head>
<body>
  <div class='ocr_page' id='page_1' title='image "./quaeextantomniao03oviduoft_0522.png"; bbox 0 0 1832 3100; ppageno 0'>
   <div class='ocr_carea' id='block_1_1' title="bbox 310 236 395 298">
    <p class='ocr_par' dir='ltr' id='par_1_1' title="bbox 310 236 395 298">
     <span class='ocr_line' id='line_1_1' title="bbox 310 236 395 298; baseline 0.071 -6"><span class='ocrx_word' id='word_1_1' title='bbox 310 236 395 298; x_wconf 72' lang='lat'><strong>490</strong></span> 
     </span>
    </p>
   </div>
   <div class='ocr_carea' id='block_1_2' title="bbox 677 239 1358 286">
    <p class='ocr_par' dir='ltr' id='par_1_2' title="bbox 677 239 1358 286">
     <span class='ocr_line' id='line_1_2' title="bbox 677 239 1358 286; baseline 0.001 -4"><span class='ocrx_word' id='word_1_2' title='bbox 677 239 729 282; x_wconf 92' lang='lat' dir='ltr'><strong>P.</strong></span> <span class='ocrx_word' id='word_1_3' title='bbox 781 240 1013 286; x_wconf 89' lang='lat' dir='ltr'>OVIDII</span> <span class='ocrx_word' id='word_1_4' title='bbox 1051 241 1358 285; x_wconf 91' lang='lat' dir='ltr'><strong>NASONIS.</strong></span> 
     </span>
    </p>
   </div>
   <div class='ocr_carea' id='block_1_3' title="bbox 305 330 1726 700">
    <p class='ocr_par' dir='ltr' id='par_1_3' title="bbox 305 330 1726 552">
     <span class='ocr_line' id='line_1_3' title="bbox 305 330 1726 403; baseline 0.006 -25"><span class='ocrx_word' id='word_1_5' title='bbox 305 330 566 379; x_wconf 86' lang='lat' dir='ltr'><strong>Incomitata</strong></span> <span class='ocrx_word' id='word_1_6' title='bbox 588 331 748 394; x_wconf 86' lang='lat' dir='ltr'><strong>gradus</strong></span> <span class='ocrx_word' id='word_1_7' title='bbox 769 352 778 381; x_wconf 76' lang='grc' dir='ltr'><strong><em>ε</em></strong></span> <span class='ocrx_word' id='word_1_8' title='bbox 798 333 1026 392; x_wconf 77' lang='lat' dir='ltr'><strong>homines,</strong></span> <span class='ocrx_word' id='word_1_9' title='bbox 1047 334 1335 401; x_wconf 84' lang='lat' dir='ltr'><strong>volucresque</strong></span> <span class='ocrx_word' id='word_1_10' title='bbox 1352 373 1364 394; x_wconf 86' lang='lat'>‚</span> <span class='ocrx_word' id='word_1_11' title='bbox 1393 335 1595 403; x_wconf 88' lang='lat' dir='ltr'><strong>ferasque</strong></span> <span class='ocrx_word' id='word_1_12' title='bbox 1665 351 1726 387; x_wconf 75' lang='lat'><strong>185</strong></span> 
     </span>
     <span class='ocr_line' id='line_1_4' title="bbox 307 407 1487 479; baseline 0.005 -24"><span class='ocrx_word' id='word_1_13' title='bbox 307 407 509 456; x_wconf 83' lang='lat' dir='ltr'><strong>Solverat</strong></span> <span class='ocrx_word' id='word_1_14' title='bbox 531 408 618 457; x_wconf 87' lang='lat' dir='ltr'><strong>alta</strong></span> <span class='ocrx_word' id='word_1_15' title='bbox 641 409 764 475; x_wconf 89' lang='lat' dir='ltr'><strong>quies</strong></span> <span class='ocrx_word' id='word_1_16' title='bbox 784 430 794 468; x_wconf 88' lang='lat'>;</span> <span class='ocrx_word' id='word_1_17' title='bbox 813 410 940 459; x_wconf 89' lang='lat' dir='ltr'><strong>nullo</strong></span> <span class='ocrx_word' id='word_1_18' title='bbox 966 430 1066 459; x_wconf 91' lang='lat' dir='ltr'><strong>cum</strong></span> <span class='ocrx_word' id='word_1_19' title='bbox 1087 430 1310 461; x_wconf 91' lang='lat' dir='ltr'><strong>murmure</strong></span> <span class='ocrx_word' id='word_1_20' title='bbox 1334 431 1459 479; x_wconf 85' lang='lat' dir='ltr'><strong>sepes</strong></span> <span class='ocrx_word' id='word_1_21' title='bbox 1475 450 1487 471; x_wconf 94' lang='lat'>‚</span> 
     </span>
     <span class='ocr_line' id='line_1_5' title="bbox 308 486 1461 552; baseline 0.005 -20"><span class='ocrx_word' id='word_1_22' title='bbox 308 486 592 552; x_wconf 85' lang='lat' dir='ltr'><strong>Immotaeque</strong></span> <span class='ocrx_word' id='word_1_23' title='bbox 614 486 746 535; x_wconf 87' lang='lat' dir='ltr'><strong>silent</strong></span> <span class='ocrx_word' id='word_1_24' title='bbox 765 488 972 545; x_wconf 78' lang='lat' dir='ltr'><strong>frondes3</strong></span> <span class='ocrx_word' id='word_1_25' title='bbox 997 487 1099 536; x_wconf 88' lang='lat' dir='ltr'><strong>silet</strong></span> <span class='ocrx_word' id='word_1_26' title='bbox 1122 488 1333 538; x_wconf 90' lang='lat' dir='ltr'><strong>humidus</strong></span> <span class='ocrx_word' id='word_1_27' title='bbox 1359 509 1432 538; x_wconf 88' lang='lat' dir='ltr'><strong>aer</strong></span> <span class='ocrx_word' id='word_1_28' title='bbox 1451 510 1461 538; x_wconf 77' lang='grc' dir='ltr'><strong><em>ε</em></strong></span> 
     </span>
    </p>

    <p class='ocr_par' dir='ltr' id='par_1_4' title="bbox 309 562 1522 631">
     <span class='ocr_line' id='line_1_6' title="bbox 309 562 1522 631; baseline 0.005 -21"><span class='ocrx_word' id='word_1_29' title='bbox 309 562 460 611; x_wconf 87' lang='lat' dir='ltr'>Sidera</span> <span class='ocrx_word' id='word_1_30' title='bbox 484 563 577 612; x_wconf 87' lang='lat' dir='ltr'><strong>sola</strong></span> <span class='ocrx_word' id='word_1_31' title='bbox 600 565 763 613; x_wconf 84' lang='lat' dir='ltr'>micant</span> <span class='ocrx_word' id='word_1_32' title='bbox 782 585 791 613; x_wconf 93' lang='lat'><strong>:</strong></span> <span class='ocrx_word' id='word_1_33' title='bbox 812 566 866 613; x_wconf 87' lang='lat' dir='ltr'><strong>ad</strong></span> <span class='ocrx_word' id='word_1_34' title='bbox 889 584 984 631; x_wconf 86' lang='lat' dir='ltr'><strong>quae</strong></span> <span class='ocrx_word' id='word_1_35' title='bbox 1006 585 1084 614; x_wconf 88' lang='lat' dir='ltr'><strong>sua</strong></span> <span class='ocrx_word' id='word_1_36' title='bbox 1107 566 1286 615; x_wconf 85' lang='lat' dir='ltr'><strong>brachia</strong></span> <span class='ocrx_word' id='word_1_37' title='bbox 1309 567 1495 617; x_wconf 87' lang='lat' dir='ltr'><strong>tendens</strong></span> <span class='ocrx_word' id='word_1_38' title='bbox 1510 604 1522 625; x_wconf 88' lang='lat'><strong>‚</strong></span> 
     </span>
    </p>

    <p class='ocr_par' dir='ltr' id='par_1_5' title="bbox 309 640 1391 700">
     <span class='ocr_line' id='line_1_7' title="bbox 309 640 1391 700; baseline 0.005 -13"><span class='ocrx_word' id='word_1_39' title='bbox 309 640 398 687; x_wconf 88' lang='lat' dir='ltr'><strong>Ter</strong></span> <span class='ocrx_word' id='word_1_40' title='bbox 420 659 464 689; x_wconf 90' lang='lat' dir='ltr'><strong>se</strong></span> <span class='ocrx_word' id='word_1_41' title='bbox 489 643 730 700; x_wconf 86' lang='lat' dir='ltr'><strong>convertit;</strong></span> <span class='ocrx_word' id='word_1_42' title='bbox 755 654 820 691; x_wconf 85' lang='lat' dir='ltr'><strong>ter</strong></span> <span class='ocrx_word' id='word_1_43' title='bbox 843 643 999 690; x_wconf 85' lang='lat' dir='ltr'><strong>sumtis</strong></span> <span class='ocrx_word' id='word_1_44' title='bbox 1023 642 1202 691; x_wconf 90' lang='lat' dir='ltr'><strong>flumine</strong></span> <span class='ocrx_word' id='word_1_45' title='bbox 1226 644 1391 692; x_wconf 88' lang='lat' dir='ltr'><strong>crinem</strong></span> 
     </span>
    </p>
   </div>
   <div class='ocr_carea' id='block_1_4' title="bbox 311 717 1223 784">
    <p class='ocr_par' dir='ltr' id='par_1_6' title="bbox 311 717 1223 784">
     <span class='ocr_line' id='line_1_8' title="bbox 311 717 1223 784; baseline 0.005 -21"><span class='ocrx_word' id='word_1_46' title='bbox 311 717 521 765; x_wconf 88' lang='lat' dir='ltr'><strong>Irroravit</strong></span> <span class='ocrx_word' id='word_1_47' title='bbox 544 719 694 784; x_wconf 89' lang='lat' dir='ltr'><strong>aquis;</strong></span> <span class='ocrx_word' id='word_1_48' title='bbox 719 719 855 767; x_wconf 87' lang='lat' dir='ltr'><strong>ternis</strong></span> <span class='ocrx_word' id='word_1_49' title='bbox 876 719 1124 775; x_wconf 75' lang='lat' dir='ltr'><strong>ululatibus</strong></span> <span class='ocrx_word' id='word_1_50' title='bbox 1145 740 1223 769; x_wconf 90' lang='lat' dir='ltr'><strong>ora</strong></span> 
     </span>
    </p>
   </div>
   <div class='ocr_carea' id='block_1_5' title="bbox 1616 719 1731 781">
    <p class='ocr_par' dir='ltr' id='par_1_7' title="bbox 1616 719 1731 781">
     <span class='ocr_line' id='line_1_9' title="bbox 1616 719 1731 781; baseline -0.026 -13"><span class='ocrx_word' id='word_1_51' title='bbox 1616 719 1622 722; x_wconf 30' lang='grc' dir='ltr'><strong><em>Δ</em></strong></span> <span class='ocrx_word' id='word_1_52' title='bbox 1670 745 1731 781; x_wconf 71' lang='grc'><strong>190</strong></span> 
     </span>
    </p>
   </div>
   <div class='ocr_carea' id='block_1_6' title="bbox 310 792 1457 1015">
    <p class='ocr_par' dir='ltr' id='par_1_8' title="bbox 310 792 1457 1015">
     <span class='ocr_line' id='line_1_10' title="bbox 310 792 1356 864; baseline 0.006 -23"><span class='ocrx_word' id='word_1_53' title='bbox 310 792 481 843; x_wconf 84' lang='lat' dir='ltr'>Solvit:</span> <span class='ocrx_word' id='word_1_54' title='bbox 503 807 547 844; x_wconf 88' lang='lat' dir='ltr'><strong>et</strong></span> <span class='ocrx_word' id='word_1_55' title='bbox 569 796 615 844; x_wconf 87' lang='lat' dir='ltr'><strong>in</strong></span> <span class='ocrx_word' id='word_1_56' title='bbox 640 796 748 845; x_wconf 87' lang='lat' dir='ltr'><strong>dura</strong></span> <span class='ocrx_word' id='word_1_57' title='bbox 769 797 991 846; x_wconf 87' lang='lat' dir='ltr'><strong>submisso</strong></span> <span class='ocrx_word' id='word_1_58' title='bbox 1015 798 1185 864; x_wconf 83' lang='lat' dir='ltr'><strong>poplite</strong></span> <span class='ocrx_word' id='word_1_59' title='bbox 1210 810 1327 848; x_wconf 85' lang='lat' dir='ltr'><strong>terra</strong></span> <span class='ocrx_word' id='word_1_60' title='bbox 1344 836 1356 857; x_wconf 91' lang='lat'>‚</span> 
     </span>
     <span class='ocr_line' id='line_1_11' title="bbox 315 872 1457 942; baseline 0.005 -24"><span class='ocrx_word' id='word_1_61' title='bbox 315 891 338 911; x_wconf 87' lang='lat'>«</span> <span class='ocrx_word' id='word_1_62' title='bbox 360 872 483 928; x_wconf 84' lang='lat' dir='ltr'><strong>Nox,</strong></span> <span class='ocrx_word' id='word_1_63' title='bbox 507 872 593 929; x_wconf 84' lang='lat' dir='ltr'><strong>ait,</strong></span> <span class='ocrx_word' id='word_1_64' title='bbox 620 873 787 921; x_wconf 87' lang='lat' dir='ltr'><strong>arcanis</strong></span> <span class='ocrx_word' id='word_1_65' title='bbox 811 873 1048 932; x_wconf 89' lang='lat' dir='ltr'><strong>fidissima;</strong></span> <span class='ocrx_word' id='word_1_66' title='bbox 1074 895 1258 942; x_wconf 85' lang='lat' dir='ltr'><strong>quaeque</strong></span> <span class='ocrx_word' id='word_1_67' title='bbox 1287 875 1457 924; x_wconf 83' lang='lat' dir='ltr'><strong>diurnis</strong></span> 
     </span>
     <span class='ocr_line' id='line_1_12' title="bbox 318 947 1439 1015; baseline 0.006 -21"><span class='ocrx_word' id='word_1_68' title='bbox 318 968 341 987; x_wconf 75' lang='lat' dir='ltr'><strong>n</strong></span> <span class='ocrx_word' id='word_1_69' title='bbox 367 947 514 996; x_wconf 85' lang='lat' dir='ltr'><strong>Aurea</strong></span> <span class='ocrx_word' id='word_1_70' title='bbox 537 969 635 1006; x_wconf 79' lang='lat' dir='ltr'><strong>eum</strong></span> <span class='ocrx_word' id='word_1_71' title='bbox 657 951 784 999; x_wconf 89' lang='lat' dir='ltr'><strong>Luna</strong></span> <span class='ocrx_word' id='word_1_72' title='bbox 807 951 1039 1000; x_wconf 85' lang='lat' dir='ltr'><strong>succeditis</strong></span> <span class='ocrx_word' id='word_1_73' title='bbox 1063 952 1268 1015; x_wconf 84' lang='lat' dir='ltr'><strong>ignibus,</strong></span> <span class='ocrx_word' id='word_1_74' title='bbox 1292 964 1410 1001; x_wconf 88' lang='lat' dir='ltr'><strong>astra</strong></span> <span class='ocrx_word' id='word_1_75' title='bbox 1427 989 1439 1010; x_wconf 92' lang='lat'><strong>‚</strong></span> 
     </span>
    </p>
   </div>
   <div class='ocr_carea' id='block_1_7' title="bbox 316 1086 1005 2749">
    <p class='ocr_par' dir='ltr' id='par_1_9' title="bbox 316 1086 993 1236">
     <span class='ocr_line' id='line_1_13' title="bbox 316 1086 990 1132; baseline 0.007 -15"><span class='ocrx_word' id='word_1_76' title='bbox 316 1086 411 1118; x_wconf 83' lang='lat' dir='ltr'><strong>nulla</strong></span> <span class='ocrx_word' id='word_1_77' title='bbox 415 1087 528 1129; x_wconf 82' lang='lat' dir='ltr'><strong>pedes.</strong></span> <span class='ocrx_word' id='word_1_78' title='bbox 539 1086 664 1121; x_wconf 87' lang='lat' dir='ltr'><strong>Horat.</strong></span> <span class='ocrx_word' id='word_1_79' title='bbox 680 1088 697 1122; x_wconf 92' lang='lat' dir='ltr'>I</span> <span class='ocrx_word' id='word_1_80' title='bbox 710 1114 719 1131; x_wconf 89' lang='lat'>‚</span> <span class='ocrx_word' id='word_1_81' title='bbox 739 1086 812 1122; x_wconf 92' lang='lat' dir='ltr'><strong>Sat.</strong></span> <span class='ocrx_word' id='word_1_82' title='bbox 822 1098 896 1122; x_wconf 85' lang='lat' dir='ltr'><strong>vm</strong></span> <span class='ocrx_word' id='word_1_83' title='bbox 906 1114 915 1132; x_wconf 87' lang='lat'>,</span> <span class='ocrx_word' id='word_1_84' title='bbox 930 1090 990 1132; x_wconf 79' lang='lat'><strong>24,</strong></span> 
     </span>
     <span class='ocr_line' id='line_1_14' title="bbox 317 1138 992 1186; baseline 0.007 -15"><span class='ocrx_word' id='word_1_85' title='bbox 317 1138 409 1173; x_wconf 84' lang='lat' dir='ltr'><strong>curri</strong></span> <span class='ocrx_word' id='word_1_86' title='bbox 414 1142 568 1182; x_wconf 73' lang='lat' dir='ltr'><strong>tpedibus</strong></span> <span class='ocrx_word' id='word_1_87' title='bbox 579 1142 679 1174; x_wconf 82' lang='lat' dir='ltr'><strong>nudis</strong></span> <span class='ocrx_word' id='word_1_88' title='bbox 682 1154 848 1186; x_wconf 82' lang='lat' dir='ltr'><strong>passoque</strong></span> <span class='ocrx_word' id='word_1_89' title='bbox 857 1143 992 1185; x_wconf 75' lang='lat' dir='ltr'><strong>capillo.</strong></span> 
     </span>
     <span class='ocr_line' id='line_1_15' title="bbox 319 1191 993 1236; baseline 0.007 -14"><span class='ocrx_word' id='word_1_90' title='bbox 319 1191 417 1223; x_wconf 84' lang='lat' dir='ltr'><strong>-De</strong></span> <span class='ocrx_word' id='word_1_91' title='bbox 427 1194 528 1224; x_wconf 78' lang='lat' dir='ltr'><strong>mutis</strong></span> <span class='ocrx_word' id='word_1_92' title='bbox 536 1193 680 1226; x_wconf 74' lang='lat' dir='ltr'><strong>silenitis</strong></span> <span class='ocrx_word' id='word_1_93' title='bbox 690 1220 697 1233; x_wconf 91' lang='lat'><strong><em>‚</em></strong></span> <span class='ocrx_word' id='word_1_94' title='bbox 707 1192 786 1227; x_wconf 85' lang='lat' dir='ltr'><strong>vide</strong></span> <span class='ocrx_word' id='word_1_95' title='bbox 795 1192 837 1227; x_wconf 86' lang='lat' dir='ltr'><strong>ad</strong></span> <span class='ocrx_word' id='word_1_96' title='bbox 845 1193 910 1236; x_wconf 88' lang='lat' dir='ltr'><strong>IV,</strong></span> <span class='ocrx_word' id='word_1_97' title='bbox 920 1193 993 1236; x_wconf 79' lang='lat'><strong>433.</strong></span> 
     </span>
    </p>

    <p class='ocr_par' dir='ltr' id='par_1_10' title="bbox 318 1240 1005 2749">
     <span class='ocr_line' id='line_1_16' title="bbox 365 1240 995 1290; baseline 0.006 -16"><span class='ocrx_word' id='word_1_98' title='bbox 365 1240 437 1276; x_wconf 84' lang='lat'><strong>185.</strong></span> <span class='ocrx_word' id='word_1_99' title='bbox 449 1243 610 1277; x_wconf 81' lang='lat' dir='ltr'><strong>Homines</strong></span> <span class='ocrx_word' id='word_1_100' title='bbox 618 1270 626 1284; x_wconf 88' lang='lat'><strong>,</strong></span> <span class='ocrx_word' id='word_1_101' title='bbox 640 1246 789 1278; x_wconf 83' lang='lat' dir='ltr'><strong>volucres</strong></span> <span class='ocrx_word' id='word_1_102' title='bbox 801 1251 865 1278; x_wconf 89' lang='lat' dir='ltr'><strong>etc.</strong></span> <span class='ocrx_word' id='word_1_103' title='bbox 879 1244 995 1290; x_wconf 58' lang='lat' dir='ltr'><strong>Maga,</strong></span> 
     </span>
     <span class='ocr_line' id='line_1_17' title="bbox 318 1295 993 1330; baseline 0.007 -5"><span class='ocrx_word' id='word_1_104' title='bbox 318 1298 427 1327; x_wconf 89' lang='lat' dir='ltr'><strong>noctu</strong></span> <span class='ocrx_word' id='word_1_105' title='bbox 453 1300 543 1328; x_wconf 84' lang='lat' dir='ltr'><strong>artes</strong></span> <span class='ocrx_word' id='word_1_106' title='bbox 567 1307 644 1329; x_wconf 87' lang='lat' dir='ltr'><strong>suas</strong></span> <span class='ocrx_word' id='word_1_107' title='bbox 671 1296 887 1330; x_wconf 80' lang='lat' dir='ltr'><strong>exercebant.</strong></span> <span class='ocrx_word' id='word_1_108' title='bbox 913 1295 993 1330; x_wconf 91' lang='lat' dir='ltr'><strong>Hoc</strong></span> 
     </span>
     <span class='ocr_line' id='line_1_18' title="bbox 318 1347 994 1391; baseline 0.007 -14"><span class='ocrx_word' id='word_1_109' title='bbox 318 1351 462 1379; x_wconf 73' lang='lat' dir='ltr'><strong>notatur</strong></span> <span class='ocrx_word' id='word_1_110' title='bbox 473 1359 491 1380; x_wconf 91' lang='lat' dir='ltr'><strong>a</strong></span> <span class='ocrx_word' id='word_1_111' title='bbox 503 1347 614 1391; x_wconf 86' lang='lat' dir='ltr'><strong>poetis</strong></span> <span class='ocrx_word' id='word_1_112' title='bbox 627 1373 636 1390; x_wconf 90' lang='lat'>,</span> <span class='ocrx_word' id='word_1_113' title='bbox 653 1354 690 1382; x_wconf 88' lang='lat' dir='ltr'><strong>et</strong></span> <span class='ocrx_word' id='word_1_114' title='bbox 702 1348 743 1382; x_wconf 82' lang='lat' dir='ltr'><strong>ab</strong></span> <span class='ocrx_word' id='word_1_115' title='bbox 760 1347 922 1382; x_wconf 82' lang='lat' dir='ltr'><strong>omnibus</strong></span> <span class='ocrx_word' id='word_1_116' title='bbox 931 1360 994 1382; x_wconf 93' lang='lat' dir='ltr'><strong>eo-</strong></span> 
     </span>
     <span class='ocr_line' id='line_1_19' title="bbox 319 1395 994 1443; baseline 0.009 -14"><span class='ocrx_word' id='word_1_117' title='bbox 319 1395 402 1430; x_wconf 89' lang='lat' dir='ltr'><strong>dem</strong></span> <span class='ocrx_word' id='word_1_118' title='bbox 429 1397 536 1432; x_wconf 89' lang='lat' dir='ltr'><strong>modo</strong></span> <span class='ocrx_word' id='word_1_119' title='bbox 566 1412 636 1433; x_wconf 83' lang='lat' dir='ltr'><strong>nox</strong></span> <span class='ocrx_word' id='word_1_120' title='bbox 659 1399 805 1434; x_wconf 83' lang='lat' dir='ltr'><strong>describi</strong></span> <span class='ocrx_word' id='word_1_121' title='bbox 835 1400 922 1435; x_wconf 87' lang='lat' dir='ltr'><strong>solet</strong></span> <span class='ocrx_word' id='word_1_122' title='bbox 937 1426 946 1443; x_wconf 89' lang='lat'><em>,</em></span> <span class='ocrx_word' id='word_1_123' title='bbox 975 1413 994 1434; x_wconf 88' lang='lat' dir='ltr'><strong>a</strong></span> 
     </span>
     <span class='ocr_line' id='line_1_20' title="bbox 319 1448 995 1496; baseline 0.006 -14"><span class='ocrx_word' id='word_1_124' title='bbox 319 1448 434 1493; x_wconf 84' lang='lat' dir='ltr'><strong>quiete</strong></span> <span class='ocrx_word' id='word_1_125' title='bbox 463 1449 657 1485; x_wconf 82' lang='lat' dir='ltr'><strong>volucrium</strong></span> <span class='ocrx_word' id='word_1_126' title='bbox 675 1477 684 1494; x_wconf 89' lang='lat'>,</span> <span class='ocrx_word' id='word_1_127' title='bbox 715 1453 871 1486; x_wconf 86' lang='lat' dir='ltr'><strong>serarum</strong></span> <span class='ocrx_word' id='word_1_128' title='bbox 891 1478 901 1496; x_wconf 94' lang='lat'><em>,</em></span> <span class='ocrx_word' id='word_1_129' title='bbox 930 1458 995 1486; x_wconf 88' lang='lat' dir='ltr'><strong>etc.</strong></span> 
     </span>
     <span class='ocr_line' id='line_1_21' title="bbox 319 1501 994 1548; baseline 0.003 -14"><span class='ocrx_word' id='word_1_130' title='bbox 319 1501 446 1535; x_wconf 80' lang='lat' dir='ltr'><strong>Noster</strong></span> <span class='ocrx_word' id='word_1_131' title='bbox 462 1503 608 1548; x_wconf 85' lang='lat' dir='ltr'><strong>respexit</strong></span> <span class='ocrx_word' id='word_1_132' title='bbox 629 1503 712 1538; x_wconf 89' lang='lat' dir='ltr'><strong>AEn.</strong></span> <span class='ocrx_word' id='word_1_133' title='bbox 730 1504 796 1547; x_wconf 94' lang='lat' dir='ltr'><strong>IV,</strong></span> <span class='ocrx_word' id='word_1_134' title='bbox 816 1505 878 1538; x_wconf 84' lang='lat'><strong>522</strong></span> <span class='ocrx_word' id='word_1_135' title='bbox 895 1516 969 1548; x_wconf 83' lang='lat' dir='ltr'><strong>sqq.</strong></span> <span class='ocrx_word' id='word_1_136' title='bbox 984 1529 994 1547; x_wconf 87' lang='lat'><em>‚</em></span> 
     </span>
     <span class='ocr_line' id='line_1_22' title="bbox 318 1552 996 1599; baseline 0.006 -14"><span class='ocrx_word' id='word_1_137' title='bbox 318 1552 378 1586; x_wconf 86' lang='lat' dir='ltr'><strong>ubi</strong></span> <span class='ocrx_word' id='word_1_138' title='bbox 392 1560 428 1587; x_wconf 87' lang='lat' dir='ltr'><strong>et</strong></span> <span class='ocrx_word' id='word_1_139' title='bbox 444 1553 517 1589; x_wconf 78' lang='lat' dir='ltr'><strong>haec</strong></span> <span class='ocrx_word' id='word_1_140' title='bbox 531 1567 539 1588; x_wconf 89' lang='lat'><strong>:</strong></span> <span class='ocrx_word' id='word_1_141' title='bbox 551 1557 644 1588; x_wconf 70' lang='lat' dir='ltr'><strong>siloe</strong></span> <span class='ocrx_word' id='word_1_142' title='bbox 658 1558 813 1599; x_wconf 79' lang='lat' dir='ltr'><strong>quierant</strong></span> <span class='ocrx_word' id='word_1_143' title='bbox 819 1567 831 1598; x_wconf 84' lang='lat'><em>;</em></span> <span class='ocrx_word' id='word_1_144' title='bbox 889 1557 996 1598; x_wconf 80' lang='lat' dir='ltr'><strong>Quum</strong></span> 
     </span>
     <span class='ocr_line' id='line_1_23' title="bbox 320 1608 998 1651; baseline 0.006 -15"><span class='ocrx_word' id='word_1_145' title='bbox 320 1608 413 1639; x_wconf 76' lang='lat' dir='ltr'><strong>lacet</strong></span> <span class='ocrx_word' id='word_1_146' title='bbox 425 1609 533 1640; x_wconf 78' lang='lat' dir='ltr'><strong>omnis</strong></span> <span class='ocrx_word' id='word_1_147' title='bbox 545 1619 644 1650; x_wconf 77' lang='lat' dir='ltr'><strong>ager,</strong></span> <span class='ocrx_word' id='word_1_148' title='bbox 671 1609 819 1649; x_wconf 82' lang='lat' dir='ltr'><strong>pecudes</strong></span> <span class='ocrx_word' id='word_1_149' title='bbox 834 1610 998 1651; x_wconf 70' lang='lat' dir='ltr'><strong>pictaque</strong></span> 
     </span>
     <span class='ocr_line' id='line_1_24' title="bbox 321 1658 997 1701; baseline 0.003 -12"><span class='ocrx_word' id='word_1_150' title='bbox 321 1658 470 1691; x_wconf 83' lang='lat' dir='ltr'><strong>volucres</strong></span> <span class='ocrx_word' id='word_1_151' title='bbox 479 1683 487 1697; x_wconf 91' lang='lat'><em>‚</em></span> <span class='ocrx_word' id='word_1_152' title='bbox 501 1659 716 1700; x_wconf 59' lang='lat' dir='ltr'><strong>eta—Quies</strong></span> <span class='ocrx_word' id='word_1_153' title='bbox 727 1684 735 1698; x_wconf 93' lang='lat'><strong>,</strong></span> <span class='ocrx_word' id='word_1_154' title='bbox 757 1670 901 1692; x_wconf 88' lang='lat' dir='ltr'><strong>somnus</strong></span> <span class='ocrx_word' id='word_1_155' title='bbox 910 1684 919 1701; x_wconf 89' lang='lat'>,</span> <span class='ocrx_word' id='word_1_156' title='bbox 932 1659 997 1691; x_wconf 87' lang='lat' dir='ltr'><strong>sre-</strong></span> 
     </span>
     <span class='ocr_line' id='line_1_25' title="bbox 324 1707 997 1752; baseline 0.001 -11"><span class='ocrx_word' id='word_1_157' title='bbox 324 1712 475 1751; x_wconf 86' lang='lat' dir='ltr'><strong>quenter</strong></span> <span class='ocrx_word' id='word_1_158' title='bbox 491 1707 617 1743; x_wconf 88' lang='lat' dir='ltr'><strong>dicitur</strong></span> <span class='ocrx_word' id='word_1_159' title='bbox 634 1715 727 1743; x_wconf 84' lang='lat' dir='ltr'><strong>artus</strong></span> <span class='ocrx_word' id='word_1_160' title='bbox 739 1734 748 1752; x_wconf 92' lang='lat'>‚</span> <span class='ocrx_word' id='word_1_161' title='bbox 772 1709 889 1744; x_wconf 87' lang='lat' dir='ltr'><strong>oculos</strong></span> <span class='ocrx_word' id='word_1_162' title='bbox 902 1735 911 1752; x_wconf 91' lang='lat'>‚</span> <span class='ocrx_word' id='word_1_163' title='bbox 931 1716 997 1743; x_wconf 91' lang='lat' dir='ltr'><strong>etc.</strong></span> 
     </span>
     <span class='ocr_line' id='line_1_26' title="bbox 323 1759 998 1806; baseline 0.004 -14"><span class='ocrx_word' id='word_1_164' title='bbox 323 1765 426 1794; x_wconf 79' lang='lat' dir='ltr'><strong>antea</strong></span> <span class='ocrx_word' id='word_1_165' title='bbox 446 1759 600 1795; x_wconf 84' lang='lat' dir='ltr'><strong>intentos</strong></span> <span class='ocrx_word' id='word_1_166' title='bbox 620 1767 656 1794; x_wconf 88' lang='lat' dir='ltr'><strong>et</strong></span> <span class='ocrx_word' id='word_1_167' title='bbox 684 1767 866 1806; x_wconf 84' lang='lat' dir='ltr'><strong>occupatos</strong></span> <span class='ocrx_word' id='word_1_168' title='bbox 884 1786 894 1804; x_wconf 92' lang='lat'>,</span> <span class='ocrx_word' id='word_1_169' title='bbox 918 1763 998 1794; x_wconf 89' lang='lat' dir='ltr'><strong>sol-</strong></span> 
     </span>
     <span class='ocr_line' id='line_1_27' title="bbox 326 1811 998 1857; baseline 0 -12"><span class='ocrx_word' id='word_1_170' title='bbox 326 1824 416 1854; x_wconf 75' lang='lat' dir='ltr'><strong>vere,</strong></span> <span class='ocrx_word' id='word_1_171' title='bbox 437 1811 474 1846; x_wconf 86' lang='lat' dir='ltr'><strong>id</strong></span> <span class='ocrx_word' id='word_1_172' title='bbox 500 1819 573 1856; x_wconf 84' lang='lat' dir='ltr'><strong>est,</strong></span> <span class='ocrx_word' id='word_1_173' title='bbox 601 1813 781 1848; x_wconf 80' lang='lat' dir='ltr'><strong>remittere</strong></span> <span class='ocrx_word' id='word_1_174' title='bbox 799 1839 808 1857; x_wconf 88' lang='lat'>‚</span> <span class='ocrx_word' id='word_1_175' title='bbox 833 1814 998 1848; x_wconf 85' lang='lat' dir='ltr'><strong>relaxare.</strong></span> 
     </span>
     <span class='ocr_line' id='line_1_28' title="bbox 328 1863 1000 1911; baseline 0.001 -13"><span class='ocrx_word' id='word_1_176' title='bbox 328 1863 425 1899; x_wconf 76' lang='lat' dir='ltr'><strong>Hinc</strong></span> <span class='ocrx_word' id='word_1_177' title='bbox 455 1869 540 1904; x_wconf 64' lang='lat' dir='ltr'><strong>{farm</strong></span> <span class='ocrx_word' id='word_1_178' title='bbox 565 1870 729 1911; x_wconf 80' lang='grc' dir='ltr'><strong><em>λυσιμελὴς</em></strong></span> <span class='ocrx_word' id='word_1_179' title='bbox 741 1865 833 1911; x_wconf 82' lang='lat' dir='ltr'><strong>apud</strong></span> <span class='ocrx_word' id='word_1_180' title='bbox 855 1867 1000 1900; x_wconf 87' lang='lat' dir='ltr'><strong>Home—</strong></span> 
     </span>
     <span class='ocr_line' id='line_1_29' title="bbox 324 1916 1000 1953; baseline 0.003 -3"><span class='ocrx_word' id='word_1_181' title='bbox 324 1929 416 1950; x_wconf 87' lang='lat' dir='ltr'><strong>rum.</strong></span> <span class='ocrx_word' id='word_1_182' title='bbox 440 1916 607 1952; x_wconf 84' lang='lat' dir='ltr'><strong>Occurrit</strong></span> <span class='ocrx_word' id='word_1_183' title='bbox 630 1918 736 1953; x_wconf 88' lang='lat' dir='ltr'><strong>etiam</strong></span> <span class='ocrx_word' id='word_1_184' title='bbox 756 1920 891 1953; x_wconf 70' lang='lat' dir='ltr'><strong>soluiin</strong></span> <span class='ocrx_word' id='word_1_185' title='bbox 909 1931 1000 1952; x_wconf 85' lang='lat' dir='ltr'><strong>som-</strong></span> 
     </span>
     <span class='ocr_line' id='line_1_30' title="bbox 325 1971 1000 2016; baseline 0.001 -13"><span class='ocrx_word' id='word_1_186' title='bbox 325 1982 422 2011; x_wconf 82' lang='lat' dir='ltr'><strong>num,</strong></span> <span class='ocrx_word' id='word_1_187' title='bbox 451 1977 492 2005; x_wconf 91' lang='lat' dir='ltr'><strong>ut</strong></span> <span class='ocrx_word' id='word_1_188' title='bbox 513 1971 616 2016; x_wconf 83' lang='lat' dir='ltr'><strong>paulo</strong></span> <span class='ocrx_word' id='word_1_189' title='bbox 637 1978 723 2016; x_wconf 85' lang='lat' dir='ltr'><strong>post.</strong></span> <span class='ocrx_word' id='word_1_190' title='bbox 744 1989 788 1997; x_wconf 89' lang='lat'>—</span> <span class='ocrx_word' id='word_1_191' title='bbox 802 1973 907 2006; x_wconf 89' lang='lat' dir='ltr'><strong>Nullo</strong></span> <span class='ocrx_word' id='word_1_192' title='bbox 925 1984 1000 2005; x_wconf 85' lang='lat' dir='ltr'><strong>cum</strong></span> 
     </span>
     <span class='ocr_line' id='line_1_31' title="bbox 326 2024 1001 2070; baseline 0.003 -14"><span class='ocrx_word' id='word_1_193' title='bbox 326 2036 486 2058; x_wconf 83' lang='lat' dir='ltr'><strong>murmure</strong></span> <span class='ocrx_word' id='word_1_194' title='bbox 512 2036 617 2068; x_wconf 87' lang='lat' dir='ltr'><strong>sepes.</strong></span> <span class='ocrx_word' id='word_1_195' title='bbox 644 2024 742 2059; x_wconf 86' lang='lat' dir='ltr'><strong>Olim</strong></span> <span class='ocrx_word' id='word_1_196' title='bbox 771 2024 909 2070; x_wconf 78' lang='lat' dir='ltr'><strong>vulgata</strong></span> <span class='ocrx_word' id='word_1_197' title='bbox 932 2024 1001 2058; x_wconf 83' lang='lat' dir='ltr'><strong>ha-</strong></span> 
     </span>
     <span class='ocr_line' id='line_1_32' title="bbox 325 2075 998 2121; baseline 0.003 -12"><span class='ocrx_word' id='word_1_198' title='bbox 325 2075 428 2109; x_wconf 86' lang='lat' dir='ltr'><strong>bebat</strong></span> <span class='ocrx_word' id='word_1_199' title='bbox 452 2078 544 2110; x_wconf 83' lang='lat' dir='ltr'><strong>nullo</strong></span> <span class='ocrx_word' id='word_1_200' title='bbox 564 2089 639 2110; x_wconf 83' lang='lat' dir='ltr'><strong>cum</strong></span> <span class='ocrx_word' id='word_1_201' title='bbox 660 2089 820 2111; x_wconf 84' lang='lat' dir='ltr'><strong>murmure</strong></span> <span class='ocrx_word' id='word_1_202' title='bbox 840 2089 974 2121; x_wconf 74' lang='lat' dir='ltr'><strong>serpens</strong></span> <span class='ocrx_word' id='word_1_203' title='bbox 988 2103 998 2118; x_wconf 88' lang='lat'>‚</span> 
     </span>
     <span class='ocr_line' id='line_1_33' title="bbox 327 2126 1003 2169; baseline 0.004 -10"><span class='ocrx_word' id='word_1_204' title='bbox 327 2126 451 2169; x_wconf 74' lang='lat' dir='ltr'><strong>Sopitir</strong></span> <span class='ocrx_word' id='word_1_205' title='bbox 473 2129 601 2161; x_wconf 83' lang='lat' dir='ltr'><strong>similes</strong></span> <span class='ocrx_word' id='word_1_206' title='bbox 626 2131 719 2162; x_wconf 86' lang='lat' dir='ltr'><strong>nullo</strong></span> <span class='ocrx_word' id='word_1_207' title='bbox 742 2141 817 2163; x_wconf 84' lang='lat' dir='ltr'><strong>cum</strong></span> <span class='ocrx_word' id='word_1_208' title='bbox 843 2141 1003 2163; x_wconf 78' lang='lat' dir='ltr'><strong>murmure</strong></span> 
     </span>
     <span class='ocr_line' id='line_1_34' title="bbox 325 2180 1001 2226; baseline 0.004 -15"><span class='ocrx_word' id='word_1_209' title='bbox 325 2190 420 2226; x_wconf 80' lang='lat' dir='ltr'><strong>sepes</strong></span> <span class='ocrx_word' id='word_1_210' title='bbox 431 2205 440 2220; x_wconf 91' lang='lat'><strong>,</strong></span> <span class='ocrx_word' id='word_1_211' title='bbox 466 2181 674 2225; x_wconf 76' lang='lat' dir='ltr'><strong>Immotaeque</strong></span> <span class='ocrx_word' id='word_1_212' title='bbox 687 2186 751 2215; x_wconf 85' lang='lat' dir='ltr'><strong>etc.</strong></span> <span class='ocrx_word' id='word_1_213' title='bbox 770 2180 883 2225; x_wconf 86' lang='lat' dir='ltr'><strong>Quies</strong></span> <span class='ocrx_word' id='word_1_214' title='bbox 907 2187 1001 2214; x_wconf 85' lang='lat' dir='ltr'><strong>recte</strong></span> 
     </span>
     <span class='ocr_line' id='line_1_35' title="bbox 327 2233 1001 2279; baseline 0 -11"><span class='ocrx_word' id='word_1_215' title='bbox 327 2233 470 2278; x_wconf 83' lang='lat' dir='ltr'><strong>quidem</strong></span> <span class='ocrx_word' id='word_1_216' title='bbox 485 2247 609 2278; x_wconf 79' lang='lat' dir='ltr'><strong>serpere</strong></span> <span class='ocrx_word' id='word_1_217' title='bbox 624 2233 769 2277; x_wconf 88' lang='lat' dir='ltr'><strong>dicitur,</strong></span> <span class='ocrx_word' id='word_1_218' title='bbox 787 2234 927 2279; x_wconf 87' lang='lat' dir='ltr'><strong>quando</strong></span> <span class='ocrx_word' id='word_1_219' title='bbox 943 2235 1001 2268; x_wconf 88' lang='lat' dir='ltr'><strong>la—</strong></span> 
     </span>
     <span class='ocr_line' id='line_1_36' title="bbox 330 2286 1001 2331; baseline -0.001 -10"><span class='ocrx_word' id='word_1_220' title='bbox 330 2293 448 2321; x_wconf 83' lang='lat' dir='ltr'><strong>tenter</strong></span> <span class='ocrx_word' id='word_1_221' title='bbox 459 2286 848 2328; x_wconf 81' lang='lat' dir='ltr'><strong>membrisinsunditur;</strong></span> <span class='ocrx_word' id='word_1_222' title='bbox 860 2286 919 2321; x_wconf 91' lang='lat' dir='ltr'><strong>sed</strong></span> <span class='ocrx_word' id='word_1_223' title='bbox 932 2299 1001 2331; x_wconf 91' lang='lat' dir='ltr'><strong>quo</strong></span> 
     </span>
     <span class='ocr_line' id='line_1_37' title="bbox 327 2338 1003 2382; baseline 0.001 -10"><span class='ocrx_word' id='word_1_224' title='bbox 327 2339 404 2382; x_wconf 83' lang='lat' dir='ltr'><strong>jure</strong></span> <span class='ocrx_word' id='word_1_225' title='bbox 433 2338 572 2374; x_wconf 80' lang='lat' dir='ltr'><strong>additur</strong></span> <span class='ocrx_word' id='word_1_226' title='bbox 597 2341 689 2373; x_wconf 85' lang='lat' dir='ltr'><strong>nullo</strong></span> <span class='ocrx_word' id='word_1_227' title='bbox 714 2351 787 2372; x_wconf 88' lang='lat' dir='ltr'><strong>cum</strong></span> <span class='ocrx_word' id='word_1_228' title='bbox 812 2352 970 2373; x_wconf 85' lang='lat' dir='ltr'><strong>murmure</strong></span> <span class='ocrx_word' id='word_1_229' title='bbox 983 2341 1003 2377; x_wconf 71' lang='grc' dir='ltr'><strong>,Ρ</strong></span> 
     </span>
     <span class='ocr_line' id='line_1_38' title="bbox 329 2389 1001 2437; baseline -0.003 -11"><span class='ocrx_word' id='word_1_230' title='bbox 329 2392 425 2426; x_wconf 88' lang='lat' dir='ltr'><strong>Tum</strong></span> <span class='ocrx_word' id='word_1_231' title='bbox 450 2391 611 2437; x_wconf 82' lang='lat' dir='ltr'><strong>repetitio</strong></span> <span class='ocrx_word' id='word_1_232' title='bbox 632 2389 841 2425; x_wconf 84' lang='lat' dir='ltr'><strong>eorumdem</strong></span> <span class='ocrx_word' id='word_1_233' title='bbox 869 2391 1001 2425; x_wconf 83' lang='lat' dir='ltr'><strong>verbo—</strong></span> 
     </span>
     <span class='ocr_line' id='line_1_39' title="bbox 329 2442 1003 2487; baseline -0.003 -10"><span class='ocrx_word' id='word_1_234' title='bbox 329 2456 410 2477; x_wconf 89' lang='lat' dir='ltr'><strong>rum</strong></span> <span class='ocrx_word' id='word_1_235' title='bbox 440 2456 542 2478; x_wconf 85' lang='lat' dir='ltr'><strong>versu</strong></span> <span class='ocrx_word' id='word_1_236' title='bbox 575 2442 734 2487; x_wconf 83' lang='lat' dir='ltr'><strong>sequenti</strong></span> <span class='ocrx_word' id='word_1_237' title='bbox 763 2442 1003 2477; x_wconf 86' lang='lat' dir='ltr'><strong>molestissima</strong></span> 
     </span>
     <span class='ocr_line' id='line_1_40' title="bbox 331 2494 1005 2541; baseline -0.003 -10"><span class='ocrx_word' id='word_1_238' title='bbox 331 2503 393 2531; x_wconf 86' lang='lat' dir='ltr'><strong>est.</strong></span> <span class='ocrx_word' id='word_1_239' title='bbox 418 2497 539 2541; x_wconf 84' lang='lat' dir='ltr'><strong>ltaque</strong></span> <span class='ocrx_word' id='word_1_240' title='bbox 559 2495 752 2541; x_wconf 82' lang='lat' dir='ltr'><strong>Naugerius</strong></span> <span class='ocrx_word' id='word_1_241' title='bbox 766 2520 775 2538; x_wconf 87' lang='lat'>‚</span> <span class='ocrx_word' id='word_1_242' title='bbox 802 2494 954 2539; x_wconf 87' lang='lat' dir='ltr'><strong>Scaliger</strong></span> <span class='ocrx_word' id='word_1_243' title='bbox 969 2501 1005 2529; x_wconf 89' lang='lat' dir='ltr'><strong>et</strong></span> 
     </span>
     <span class='ocr_line' id='line_1_41' title="bbox 331 2546 1002 2593; baseline -0.003 -11"><span class='ocrx_word' id='word_1_244' title='bbox 331 2548 498 2583; x_wconf 82' lang='lat' dir='ltr'><strong>Heinsius</strong></span> <span class='ocrx_word' id='word_1_245' title='bbox 510 2547 673 2582; x_wconf 87' lang='lat' dir='ltr'><strong>viderunt</strong></span> <span class='ocrx_word' id='word_1_246' title='bbox 685 2574 694 2591; x_wconf 89' lang='lat'>,</span> <span class='ocrx_word' id='word_1_247' title='bbox 712 2546 900 2593; x_wconf 82' lang='lat' dir='ltr'><strong>legendum</strong></span> <span class='ocrx_word' id='word_1_248' title='bbox 910 2560 982 2581; x_wconf 83' lang='lat' dir='ltr'><strong>esse</strong></span> <span class='ocrx_word' id='word_1_249' title='bbox 993 2573 1002 2591; x_wconf 92' lang='lat'>,</span> 
     </span>
     <span class='ocr_line' id='line_1_42' title="bbox 330 2597 1003 2644; baseline -0.001 -12"><span class='ocrx_word' id='word_1_250' title='bbox 330 2611 425 2642; x_wconf 85' lang='lat' dir='ltr'><strong>sepes</strong></span> <span class='ocrx_word' id='word_1_251' title='bbox 435 2626 443 2639; x_wconf 91' lang='lat'>,</span> <span class='ocrx_word' id='word_1_252' title='bbox 463 2601 685 2644; x_wconf 81' lang='lat' dir='ltr'><strong>Immotaeque,</strong></span> <span class='ocrx_word' id='word_1_253' title='bbox 705 2597 828 2632; x_wconf 81' lang='lat' dir='ltr'><strong>mediis</strong></span> <span class='ocrx_word' id='word_1_254' title='bbox 841 2597 981 2632; x_wconf 82' lang='lat' dir='ltr'><strong>exclusis</strong></span> <span class='ocrx_word' id='word_1_255' title='bbox 993 2623 1003 2641; x_wconf 85' lang='lat'><em>‚</em></span> 
     </span>
     <span class='ocr_line' id='line_1_43' title="bbox 333 2649 1005 2694; baseline -0.001 -11"><span class='ocrx_word' id='word_1_256' title='bbox 333 2662 409 2694; x_wconf 85' lang='lat' dir='ltr'><strong>quae</strong></span> <span class='ocrx_word' id='word_1_257' title='bbox 427 2650 532 2684; x_wconf 89' lang='lat' dir='ltr'><strong>etiam</strong></span> <span class='ocrx_word' id='word_1_258' title='bbox 550 2650 674 2684; x_wconf 88' lang='lat' dir='ltr'><strong>absunt</strong></span> <span class='ocrx_word' id='word_1_259' title='bbox 690 2663 707 2684; x_wconf 90' lang='lat' dir='ltr'><strong>a</strong></span> <span class='ocrx_word' id='word_1_260' title='bbox 725 2649 832 2684; x_wconf 87' lang='lat' dir='ltr'><strong>MSS.</strong></span> <span class='ocrx_word' id='word_1_261' title='bbox 856 2649 1005 2694; x_wconf 85' lang='lat' dir='ltr'><strong>quibus-</strong></span> 
     </span>
     <span class='ocr_line' id='line_1_44' title="bbox 333 2701 1004 2749; baseline -0.001 -13"><span class='ocrx_word' id='word_1_262' title='bbox 333 2701 426 2736; x_wconf 87' lang='lat' dir='ltr'><strong>dam.</strong></span> <span class='ocrx_word' id='word_1_263' title='bbox 440 2720 485 2729; x_wconf 86' lang='lat'><strong>—</strong></span> <span class='ocrx_word' id='word_1_264' title='bbox 502 2702 622 2737; x_wconf 85' lang='lat' dir='ltr'><strong>Codex</strong></span> <span class='ocrx_word' id='word_1_265' title='bbox 635 2703 763 2749; x_wconf 85' lang='lat' dir='ltr'><strong>Regius</strong></span> <span class='ocrx_word' id='word_1_266' title='bbox 780 2703 810 2737; x_wconf 92' lang='lat' dir='ltr'>A</span> <span class='ocrx_word' id='word_1_267' title='bbox 823 2702 870 2736; x_wconf 89' lang='lat' dir='ltr'><strong>ita</strong></span> <span class='ocrx_word' id='word_1_268' title='bbox 882 2702 1004 2736; x_wconf 85' lang='lat' dir='ltr'><strong>habet:</strong></span> 
     </span>
    </p>
   </div>
   <div class='ocr_carea' id='block_1_8' title="bbox 332 2754 1007 2798">
    <p class='ocr_par' dir='ltr' id='par_1_11' title="bbox 332 2754 1007 2798">
     <span class='ocr_line' id='line_1_45' title="bbox 332 2754 1007 2798; baseline -0.003 -10"><span class='ocrx_word' id='word_1_269' title='bbox 332 2756 426 2788; x_wconf 74' lang='lat' dir='ltr'><strong>nullo</strong></span> <span class='ocrx_word' id='word_1_270' title='bbox 446 2768 518 2789; x_wconf 83' lang='lat' dir='ltr'><strong>cum</strong></span> <span class='ocrx_word' id='word_1_271' title='bbox 540 2768 701 2790; x_wconf 86' lang='lat' dir='ltr'><strong>murmure</strong></span> <span class='ocrx_word' id='word_1_272' title='bbox 722 2767 855 2798; x_wconf 76' lang='lat' dir='ltr'><strong>serpens</strong></span> <span class='ocrx_word' id='word_1_273' title='bbox 866 2781 875 2795; x_wconf 76' lang='lat'>⁷</span> <span class='ocrx_word' id='word_1_274' title='bbox 894 2754 1007 2797; x_wconf 79' lang='lat' dir='ltr'><strong>Sopita</strong></span> 
     </span>
    </p>
   </div>
   <div class='ocr_carea' id='block_1_9' title="bbox 1057 1090 1749 2792">
    <p class='ocr_par' dir='ltr' id='par_1_12' title="bbox 1057 1090 1738 1695">
     <span class='ocr_line' id='line_1_46' title="bbox 1057 1090 1736 1133; baseline 0.001 -11"><span class='ocrx_word' id='word_1_275' title='bbox 1057 1091 1200 1129; x_wconf 74' lang='lat' dir='ltr'><strong>similis,</strong></span> <span class='ocrx_word' id='word_1_276' title='bbox 1226 1090 1319 1123; x_wconf 82' lang='lat' dir='ltr'><strong>nullo</strong></span> <span class='ocrx_word' id='word_1_277' title='bbox 1341 1102 1417 1124; x_wconf 86' lang='lat' dir='ltr'><strong>cum</strong></span> <span class='ocrx_word' id='word_1_278' title='bbox 1439 1101 1601 1123; x_wconf 80' lang='lat' dir='ltr'><strong>murmure</strong></span> <span class='ocrx_word' id='word_1_279' title='bbox 1624 1092 1736 1133; x_wconf 73' lang='lat' dir='ltr'><strong>serpit·</strong></span> 
     </span>
     <span class='ocr_line' id='line_1_47' title="bbox 1062 1141 1732 1184; baseline -0.001 -9"><span class='ocrx_word' id='word_1_280' title='bbox 1062 1141 1181 1176; x_wconf 83' lang='lat' dir='ltr'><strong>Codex</strong></span> <span class='ocrx_word' id='word_1_281' title='bbox 1193 1141 1222 1176; x_wconf 93' lang='grc' dir='ltr'>Β</span> <span class='ocrx_word' id='word_1_282' title='bbox 1235 1167 1244 1184; x_wconf 93' lang='grc'><strong><em>,</em></strong></span> <span class='ocrx_word' id='word_1_283' title='bbox 1257 1143 1349 1175; x_wconf 86' lang='lat' dir='ltr'><strong>nullo</strong></span> <span class='ocrx_word' id='word_1_284' title='bbox 1359 1154 1435 1176; x_wconf 89' lang='lat' dir='ltr'><strong>cum</strong></span> <span class='ocrx_word' id='word_1_285' title='bbox 1448 1153 1609 1175; x_wconf 68' lang='lat' dir='ltr'><strong>murmure</strong></span> <span class='ocrx_word' id='word_1_286' title='bbox 1619 1153 1714 1184; x_wconf 77' lang='lat' dir='ltr'><strong>sepes</strong></span> <span class='ocrx_word' id='word_1_287' title='bbox 1724 1166 1732 1181; x_wconf 83' lang='lat'><em>‚</em></span> 
     </span>
     <span class='ocr_line' id='line_1_48' title="bbox 1058 1195 1737 1238; baseline -0.001 -11"><span class='ocrx_word' id='word_1_288' title='bbox 1058 1195 1183 1238; x_wconf 87' lang='lat' dir='ltr'><strong>Sopilis</strong></span> <span class='ocrx_word' id='word_1_289' title='bbox 1206 1197 1345 1235; x_wconf 72' lang='lat' dir='ltr'><strong>similis,</strong></span> <span class='ocrx_word' id='word_1_290' title='bbox 1375 1195 1467 1227; x_wconf 86' lang='lat' dir='ltr'><strong>nullo</strong></span> <span class='ocrx_word' id='word_1_291' title='bbox 1482 1206 1556 1227; x_wconf 85' lang='lat' dir='ltr'><strong>cum</strong></span> <span class='ocrx_word' id='word_1_292' title='bbox 1577 1205 1737 1226; x_wconf 86' lang='lat' dir='ltr'><strong>murmure</strong></span> 
     </span>
     <span class='ocr_line' id='line_1_49' title="bbox 1058 1243 1737 1290; baseline -0.001 -11"><span class='ocrx_word' id='word_1_293' title='bbox 1058 1258 1191 1290; x_wconf 79' lang='lat' dir='ltr'><strong>serpens</strong></span> <span class='ocrx_word' id='word_1_294' title='bbox 1207 1259 1217 1280; x_wconf 89' lang='lat'><em>:</em></span> <span class='ocrx_word' id='word_1_295' title='bbox 1236 1245 1296 1280; x_wconf 87' lang='lat' dir='ltr'><strong>sed</strong></span> <span class='ocrx_word' id='word_1_296' title='bbox 1312 1252 1423 1290; x_wconf 68' lang='lat' dir='ltr'><strong>poetae</strong></span> <span class='ocrx_word' id='word_1_297' title='bbox 1439 1245 1544 1290; x_wconf 78' lang='lat' dir='ltr'><strong>ipsius</strong></span> <span class='ocrx_word' id='word_1_298' title='bbox 1566 1243 1737 1290; x_wconf 78' lang='lat' dir='ltr'><strong>elegantia</strong></span> 
     </span>
     <span class='ocr_line' id='line_1_50' title="bbox 1058 1294 1735 1343; baseline -0.004 -11"><span class='ocrx_word' id='word_1_299' title='bbox 1058 1297 1171 1342; x_wconf 84' lang='lat' dir='ltr'><strong>rejicit</strong></span> <span class='ocrx_word' id='word_1_300' title='bbox 1194 1297 1350 1343; x_wconf 87' lang='lat' dir='ltr'><strong>ineptam</strong></span> <span class='ocrx_word' id='word_1_301' title='bbox 1373 1296 1622 1338; x_wconf 79' lang='lat' dir='ltr'><strong>iterationem3</strong></span> <span class='ocrx_word' id='word_1_302' title='bbox 1649 1294 1735 1330; x_wconf 87' lang='lat' dir='ltr'><strong>nihil</strong></span> 
     </span>
     <span class='ocr_line' id='line_1_51' title="bbox 1058 1348 1735 1394; baseline -0.003 -11"><span class='ocrx_word' id='word_1_303' title='bbox 1058 1349 1114 1384; x_wconf 90' lang='lat' dir='ltr'><strong>hic</strong></span> <span class='ocrx_word' id='word_1_304' title='bbox 1124 1349 1166 1383; x_wconf 90' lang='lat' dir='ltr'><strong>de</strong></span> <span class='ocrx_word' id='word_1_305' title='bbox 1179 1356 1354 1394; x_wconf 85' lang='lat' dir='ltr'><strong>serpente,</strong></span> <span class='ocrx_word' id='word_1_306' title='bbox 1365 1348 1425 1384; x_wconf 86' lang='lat' dir='ltr'><strong>sed</strong></span> <span class='ocrx_word' id='word_1_307' title='bbox 1443 1348 1485 1382; x_wconf 89' lang='lat' dir='ltr'><strong>de</strong></span> <span class='ocrx_word' id='word_1_308' title='bbox 1498 1354 1617 1391; x_wconf 87' lang='lat' dir='ltr'><strong>nocte,</strong></span> <span class='ocrx_word' id='word_1_309' title='bbox 1629 1360 1735 1393; x_wconf 88' lang='lat' dir='ltr'><strong>quarn</strong></span> 
     </span>
     <span class='ocr_line' id='line_1_52' title="bbox 1058 1399 1736 1447; baseline -0.003 -11"><span class='ocrx_word' id='word_1_310' title='bbox 1058 1402 1187 1437; x_wconf 86' lang='lat' dir='ltr'><strong>Noster</strong></span> <span class='ocrx_word' id='word_1_311' title='bbox 1213 1402 1407 1447; x_wconf 76' lang='lat' dir='ltr'><strong>exprimere</strong></span> <span class='ocrx_word' id='word_1_312' title='bbox 1435 1401 1545 1436; x_wconf 84' lang='lat' dir='ltr'><strong>voluit</strong></span> <span class='ocrx_word' id='word_1_313' title='bbox 1577 1400 1619 1435; x_wconf 88' lang='lat' dir='ltr'><strong>ad</strong></span> <span class='ocrx_word' id='word_1_314' title='bbox 1650 1399 1736 1434; x_wconf 83' lang='lat' dir='ltr'><strong>illud</strong></span> 
     </span>
     <span class='ocr_line' id='line_1_53' title="bbox 1060 1453 1737 1501; baseline -0.003 -13"><span class='ocrx_word' id='word_1_315' title='bbox 1060 1454 1218 1501; x_wconf 87' lang='lat' dir='ltr'><strong>Virgilii,</strong></span> <span class='ocrx_word' id='word_1_316' title='bbox 1238 1454 1380 1489; x_wconf 86' lang='lat' dir='ltr'><strong>AEneid.</strong></span> <span class='ocrx_word' id='word_1_317' title='bbox 1397 1454 1457 1497; x_wconf 90' lang='lat'><strong>11,</strong></span> <span class='ocrx_word' id='word_1_318' title='bbox 1482 1453 1545 1488; x_wconf 75' lang='lat'><strong>268</strong></span> <span class='ocrx_word' id='word_1_319' title='bbox 1563 1464 1572 1486; x_wconf 88' lang='lat'><strong>:</strong></span> <span class='ocrx_word' id='word_1_320' title='bbox 1594 1454 1737 1497; x_wconf 75' lang='lat' dir='ltr'><strong>Tempus</strong></span> 
     </span>
     <span class='ocr_line' id='line_1_54' title="bbox 1058 1507 1737 1552; baseline -0.004 -11"><span class='ocrx_word' id='word_1_321' title='bbox 1058 1512 1133 1541; x_wconf 80' lang='lat' dir='ltr'><strong>erat</strong></span> <span class='ocrx_word' id='word_1_322' title='bbox 1159 1520 1257 1551; x_wconf 86' lang='lat' dir='ltr'><strong>quum</strong></span> <span class='ocrx_word' id='word_1_323' title='bbox 1279 1510 1391 1552; x_wconf 84' lang='lat' dir='ltr'><strong>prima</strong></span> <span class='ocrx_word' id='word_1_324' title='bbox 1415 1508 1508 1551; x_wconf 77' lang='lat' dir='ltr'><strong>quies</strong></span> <span class='ocrx_word' id='word_1_325' title='bbox 1539 1507 1737 1539; x_wconf 79' lang='lat' dir='ltr'><strong>mortalibus</strong></span> 
     </span>
     <span class='ocr_line' id='line_1_55' title="bbox 1059 1559 1735 1603; baseline -0.003 -11"><span class='ocrx_word' id='word_1_326' title='bbox 1059 1562 1155 1603; x_wconf 70' lang='lat' dir='ltr'><strong>egris</strong></span> <span class='ocrx_word' id='word_1_327' title='bbox 1168 1560 1308 1603; x_wconf 80' lang='lat' dir='ltr'><strong>Incipit,</strong></span> <span class='ocrx_word' id='word_1_328' title='bbox 1326 1563 1361 1592; x_wconf 83' lang='lat' dir='ltr'><strong>et</strong></span> <span class='ocrx_word' id='word_1_329' title='bbox 1373 1559 1497 1592; x_wconf 61' lang='lat' dir='ltr'><strong>Binum</strong></span> <span class='ocrx_word' id='word_1_330' title='bbox 1512 1559 1598 1591; x_wconf 85' lang='lat' dir='ltr'><strong>dono</strong></span> <span class='ocrx_word' id='word_1_331' title='bbox 1607 1559 1735 1601; x_wconf 75' lang='lat' dir='ltr'><strong>gratis-</strong></span> 
     </span>
     <span class='ocr_line' id='line_1_56' title="bbox 1059 1608 1738 1654; baseline -0.003 -10"><span class='ocrx_word' id='word_1_332' title='bbox 1059 1614 1147 1643; x_wconf 84' lang='lat' dir='ltr'><strong>sima</strong></span> <span class='ocrx_word' id='word_1_333' title='bbox 1156 1614 1268 1653; x_wconf 81' lang='lat' dir='ltr'><strong>serpit.</strong></span> <span class='ocrx_word' id='word_1_334' title='bbox 1281 1610 1537 1644; x_wconf 81' lang='lat' dir='ltr'><strong>Ed.—-Imm0tae·</strong></span> <span class='ocrx_word' id='word_1_335' title='bbox 1548 1636 1557 1650; x_wconf 92' lang='lat'><em>‚</em></span> <span class='ocrx_word' id='word_1_336' title='bbox 1580 1621 1653 1642; x_wconf 88' lang='lat' dir='ltr'><strong>non</strong></span> <span class='ocrx_word' id='word_1_337' title='bbox 1666 1608 1738 1654; x_wconf 82' lang='lat' dir='ltr'><strong>agi-</strong></span> 
     </span>
     <span class='ocr_line' id='line_1_57' title="bbox 1061 1661 1277 1695; baseline -0.005 0"><span class='ocrx_word' id='word_1_338' title='bbox 1061 1668 1141 1695; x_wconf 72' lang='lat' dir='ltr'><strong>tatae</strong></span> <span class='ocrx_word' id='word_1_339' title='bbox 1154 1661 1277 1695; x_wconf 86' lang='lat' dir='ltr'><strong>ventis.</strong></span> 
     </span>
    </p>

    <p class='ocr_par' dir='ltr' id='par_1_13' title="bbox 1061 1712 1749 2486">
     <span class='ocr_line' id='line_1_58' title="bbox 1108 1712 1736 1757; baseline -0.005 -10"><span class='ocrx_word' id='word_1_340' title='bbox 1108 1713 1180 1747; x_wconf 85' lang='lat'><strong>188.</strong></span> <span class='ocrx_word' id='word_1_341' title='bbox 1195 1712 1259 1746; x_wconf 84' lang='lat' dir='ltr'><strong>Ad</strong></span> <span class='ocrx_word' id='word_1_342' title='bbox 1263 1725 1334 1757; x_wconf 80' lang='lat' dir='ltr'><strong>quae</strong></span> <span class='ocrx_word' id='word_1_343' title='bbox 1345 1719 1409 1746; x_wconf 87' lang='lat' dir='ltr'><strong>s&#39;ua</strong></span> <span class='ocrx_word' id='word_1_344' title='bbox 1422 1713 1562 1746; x_wconf 76' lang='lat' dir='ltr'><strong>brachia</strong></span> <span class='ocrx_word' id='word_1_345' title='bbox 1576 1712 1714 1746; x_wconf 78' lang='lat' dir='ltr'><strong>tendens</strong></span> <span class='ocrx_word' id='word_1_346' title='bbox 1725 1722 1736 1752; x_wconf 86' lang='lat'><strong>‚·</strong></span> 
     </span>
     <span class='ocr_line' id='line_1_59' title="bbox 1061 1761 1739 1808; baseline -0.003 -10"><span class='ocrx_word' id='word_1_347' title='bbox 1061 1770 1166 1799; x_wconf 86' lang='lat' dir='ltr'><strong>notus</strong></span> <span class='ocrx_word' id='word_1_348' title='bbox 1181 1776 1257 1798; x_wconf 85' lang='lat' dir='ltr'><strong>mos</strong></span> <span class='ocrx_word' id='word_1_349' title='bbox 1268 1776 1392 1797; x_wconf 86' lang='lat' dir='ltr'><strong>manus</strong></span> <span class='ocrx_word' id='word_1_350' title='bbox 1408 1762 1609 1808; x_wconf 83' lang='lat' dir='ltr'><strong>porrigendi</strong></span> <span class='ocrx_word' id='word_1_351' title='bbox 1622 1761 1664 1797; x_wconf 87' lang='lat' dir='ltr'><strong>ad</strong></span> <span class='ocrx_word' id='word_1_352' title='bbox 1679 1775 1739 1796; x_wconf 85' lang='lat' dir='ltr'><strong>eos</strong></span> 
     </span>
     <span class='ocr_line' id='line_1_60' title="bbox 1063 1813 1738 1860; baseline -0.003 -11"><span class='ocrx_word' id='word_1_353' title='bbox 1063 1815 1159 1850; x_wconf 85' lang='lat' dir='ltr'><strong>Deos</strong></span> <span class='ocrx_word' id='word_1_354' title='bbox 1171 1841 1180 1859; x_wconf 88' lang='lat'>,</span> <span class='ocrx_word' id='word_1_355' title='bbox 1199 1827 1285 1860; x_wconf 89' lang='lat' dir='ltr'><strong>quos</strong></span> <span class='ocrx_word' id='word_1_356' title='bbox 1295 1814 1485 1849; x_wconf 86' lang='lat' dir='ltr'><strong>adorabant</strong></span> <span class='ocrx_word' id='word_1_357' title='bbox 1498 1828 1505 1857; x_wconf 91' lang='lat'>;</span> <span class='ocrx_word' id='word_1_358' title='bbox 1523 1813 1615 1859; x_wconf 85' lang='lat' dir='ltr'><strong>quod</strong></span> <span class='ocrx_word' id='word_1_359' title='bbox 1627 1826 1738 1859; x_wconf 91' lang='lat' dir='ltr'><strong>quum</strong></span> 
     </span>
     <span class='ocr_line' id='line_1_61' title="bbox 1061 1866 1740 1910; baseline -0.003 -9"><span class='ocrx_word' id='word_1_360' title='bbox 1061 1867 1232 1901; x_wconf 87' lang='lat' dir='ltr'><strong>faciebant</strong></span> <span class='ocrx_word' id='word_1_361' title='bbox 1252 1893 1262 1910; x_wconf 87' lang='lat'>‚</span> <span class='ocrx_word' id='word_1_362' title='bbox 1293 1866 1396 1901; x_wconf 82' lang='lat' dir='ltr'><strong>simul</strong></span> <span class='ocrx_word' id='word_1_363' title='bbox 1411 1866 1447 1900; x_wconf 90' lang='lat' dir='ltr'><strong>in</strong></span> <span class='ocrx_word' id='word_1_364' title='bbox 1465 1866 1587 1900; x_wconf 88' lang='lat' dir='ltr'><strong>orbem</strong></span> <span class='ocrx_word' id='word_1_365' title='bbox 1603 1878 1641 1900; x_wconf 84' lang='lat' dir='ltr'><strong>se</strong></span> <span class='ocrx_word' id='word_1_366' title='bbox 1656 1878 1740 1900; x_wconf 85' lang='lat' dir='ltr'><strong>con-</strong></span> 
     </span>
     <span class='ocr_line' id='line_1_62' title="bbox 1064 1917 1737 1959; baseline -0.001 -7"><span class='ocrx_word' id='word_1_367' title='bbox 1064 1921 1251 1953; x_wconf 81' lang='lat' dir='ltr'><strong>vertebant.-</strong></span> <span class='ocrx_word' id='word_1_368' title='bbox 1262 1918 1330 1952; x_wconf 89' lang='lat' dir='ltr'><strong>vid.</strong></span> <span class='ocrx_word' id='word_1_369' title='bbox 1345 1920 1474 1952; x_wconf 85' lang='lat' dir='ltr'><strong>Dacier</strong></span> <span class='ocrx_word' id='word_1_370' title='bbox 1479 1917 1522 1952; x_wconf 85' lang='lat' dir='ltr'><strong>ad</strong></span> <span class='ocrx_word' id='word_1_371' title='bbox 1535 1917 1737 1959; x_wconf 87' lang='lat' dir='ltr'><strong>Horatium,</strong></span> 
     </span>
     <span class='ocr_line' id='line_1_63' title="bbox 1066 1970 1740 2015; baseline -0.003 -9"><span class='ocrx_word' id='word_1_372' title='bbox 1066 1972 1144 2015; x_wconf 91' lang='lat'>111,</span> <span class='ocrx_word' id='word_1_373' title='bbox 1168 1970 1239 2006; x_wconf 89' lang='lat' dir='ltr'><strong>Od.</strong></span> <span class='ocrx_word' id='word_1_374' title='bbox 1257 1982 1344 2005; x_wconf 78' lang='lat' dir='ltr'><strong>xxvl</strong></span> <span class='ocrx_word' id='word_1_375' title='bbox 1356 1997 1365 2014; x_wconf 94' lang='lat'>,</span> <span class='ocrx_word' id='word_1_376' title='bbox 1394 1972 1424 2005; x_wconf 89' lang='grc'><strong>5.</strong></span> <span class='ocrx_word' id='word_1_377' title='bbox 1449 1988 1492 1996; x_wconf 90' lang='grc'><strong>-</strong></span> <span class='ocrx_word' id='word_1_378' title='bbox 1522 1970 1680 2004; x_wconf 74' lang='lat' dir='ltr'><strong>Ululatas</strong></span> <span class='ocrx_word' id='word_1_379' title='bbox 1704 1977 1740 2004; x_wconf 87' lang='lat' dir='ltr'><strong>et</strong></span> 
     </span>
     <span class='ocr_line' id='line_1_64' title="bbox 1064 2021 1738 2069; baseline -0.001 -10"><span class='ocrx_word' id='word_1_380' title='bbox 1064 2028 1192 2060; x_wconf 77' lang='lat' dir='ltr'><strong>ululare</strong></span> <span class='ocrx_word' id='word_1_381' title='bbox 1209 2024 1253 2059; x_wconf 86' lang='lat' dir='ltr'><strong>de</strong></span> <span class='ocrx_word' id='word_1_382' title='bbox 1269 2024 1378 2069; x_wconf 80' lang='lat' dir='ltr'><strong>magis</strong></span> <span class='ocrx_word' id='word_1_383' title='bbox 1389 2023 1494 2059; x_wconf 86' lang='lat' dir='ltr'><strong>etiam</strong></span> <span class='ocrx_word' id='word_1_384' title='bbox 1507 2050 1516 2067; x_wconf 88' lang='lat'>,</span> <span class='ocrx_word' id='word_1_385' title='bbox 1534 2023 1636 2069; x_wconf 87' lang='lat' dir='ltr'>XIV,</span> <span class='ocrx_word' id='word_1_386' title='bbox 1656 2021 1738 2067; x_wconf 74' lang='grc' dir='ltr'>4ο5;</span> 
     </span>
     <span class='ocr_line' id='line_1_65' title="bbox 1066 2076 1740 2124; baseline -0.006 -10"><span class='ocrx_word' id='word_1_387' title='bbox 1066 2086 1102 2114; x_wconf 85' lang='lat' dir='ltr'><strong>et</strong></span> <span class='ocrx_word' id='word_1_388' title='bbox 1128 2078 1219 2124; x_wconf 88' lang='lat' dir='ltr'><strong>apud</strong></span> <span class='ocrx_word' id='word_1_389' title='bbox 1246 2078 1459 2121; x_wconf 78' lang='lat' dir='ltr'><strong>Horatium,</strong></span> <span class='ocrx_word' id='word_1_390' title='bbox 1488 2077 1559 2112; x_wconf 89' lang='lat' dir='ltr'><strong>Sat.</strong></span> <span class='ocrx_word' id='word_1_391' title='bbox 1585 2076 1602 2111; x_wconf 92' lang='lat'>1</span> <span class='ocrx_word' id='word_1_392' title='bbox 1614 2103 1623 2120; x_wconf 96' lang='lat'>,</span> <span class='ocrx_word' id='word_1_393' title='bbox 1641 2086 1712 2110; x_wconf 84' lang='lat' dir='ltr'><strong>vm</strong></span> <span class='ocrx_word' id='word_1_394' title='bbox 1730 2101 1740 2119; x_wconf 84' lang='lat'>,</span> 
     </span>
     <span class='ocr_line' id='line_1_66' title="bbox 1068 2127 1739 2176; baseline -0.007 -10"><span class='ocrx_word' id='word_1_395' title='bbox 1068 2133 1108 2166; x_wconf 80' lang='lat'><strong>25</strong></span> <span class='ocrx_word' id='word_1_396' title='bbox 1121 2146 1130 2174; x_wconf 78' lang='lat'><em>3</em></span> <span class='ocrx_word' id='word_1_397' title='bbox 1142 2131 1342 2176; x_wconf 81' lang='lat' dir='ltr'><strong>Virgilium,</strong></span> <span class='ocrx_word' id='word_1_398' title='bbox 1353 2129 1482 2176; x_wconf 78' lang='lat' dir='ltr'><strong>Geor-g.</strong></span> <span class='ocrx_word' id='word_1_399' title='bbox 1494 2130 1524 2173; x_wconf 90' lang='lat' dir='ltr'><strong>I,</strong></span> <span class='ocrx_word' id='word_1_400' title='bbox 1539 2129 1614 2172; x_wconf 77' lang='lat'><strong>485.</strong></span> <span class='ocrx_word' id='word_1_401' title='bbox 1626 2127 1739 2171; x_wconf 65' lang='lat' dir='ltr'><strong>Idem,</strong></span> 
     </span>
     <span class='ocr_line' id='line_1_67' title="bbox 1067 2181 1749 2226; baseline -0.006 -9"><span class='ocrx_word' id='word_1_402' title='bbox 1067 2182 1208 2217; x_wconf 87' lang='lat' dir='ltr'><strong>AEneid.</strong></span> <span class='ocrx_word' id='word_1_403' title='bbox 1225 2183 1299 2226; x_wconf 86' lang='lat' dir='ltr'><strong>IV,</strong></span> <span class='ocrx_word' id='word_1_404' title='bbox 1319 2184 1383 2216; x_wconf 84' lang='lat'><strong>510</strong></span> <span class='ocrx_word' id='word_1_405' title='bbox 1400 2193 1409 2216; x_wconf 70' lang='grc' dir='ltr'>ε</span> <span class='ocrx_word' id='word_1_406' title='bbox 1431 2181 1637 2215; x_wconf 76' lang='lat' dir='ltr'><strong>Tercentum</strong></span> <span class='ocrx_word' id='word_1_407' title='bbox 1648 2184 1749 2214; x_wconf 51' lang='lat' dir='ltr'><strong>tonat*</strong></span> 
     </span>
     <span class='ocr_line' id='line_1_68' title="bbox 1066 2231 1744 2269; baseline -0.004 0"><span class='ocrx_word' id='word_1_408' title='bbox 1066 2248 1123 2269; x_wconf 86' lang='lat' dir='ltr'><strong>ore</strong></span> <span class='ocrx_word' id='word_1_409' title='bbox 1138 2236 1240 2268; x_wconf 85' lang='lat' dir='ltr'><strong>Deos.</strong></span> <span class='ocrx_word' id='word_1_410' title='bbox 1264 2235 1442 2268; x_wconf 74' lang='lat' dir='ltr'><strong>Ter-narius</strong></span> <span class='ocrx_word' id='word_1_411' title='bbox 1455 2245 1625 2267; x_wconf 84' lang='lat' dir='ltr'><strong>numerus</strong></span> <span class='ocrx_word' id='word_1_412' title='bbox 1647 2231 1744 2266; x_wconf 84' lang='lat' dir='ltr'><strong>Inse-</strong></span> 
     </span>
     <span class='ocr_line' id='line_1_69' title="bbox 1068 2285 1745 2329; baseline -0.006 -7"><span class='ocrx_word' id='word_1_413' title='bbox 1068 2288 1115 2322; x_wconf 88' lang='lat' dir='ltr'><strong>ris</strong></span> <span class='ocrx_word' id='word_1_414' title='bbox 1129 2289 1434 2322; x_wconf 67' lang='lat' dir='ltr'><strong>sacen—Flumine</strong></span> <span class='ocrx_word' id='word_1_415' title='bbox 1447 2289 1575 2320; x_wconf 77' lang='lat' dir='ltr'><strong>sumtis.</strong></span> <span class='ocrx_word' id='word_1_416' title='bbox 1592 2285 1644 2319; x_wconf 92' lang='lat' dir='ltr'><strong>Ea</strong></span> <span class='ocrx_word' id='word_1_417' title='bbox 1656 2296 1745 2329; x_wconf 89' lang='lat' dir='ltr'><strong>aqua</strong></span> 
     </span>
     <span class='ocr_line' id='line_1_70' title="bbox 1067 2336 1740 2385; baseline -0.006 -11"><span class='ocrx_word' id='word_1_418' title='bbox 1067 2340 1138 2374; x_wconf 84' lang='lat' dir='ltr'><strong>vim</strong></span> <span class='ocrx_word' id='word_1_419' title='bbox 1154 2338 1324 2385; x_wconf 85' lang='lat' dir='ltr'><strong>purgandi</strong></span> <span class='ocrx_word' id='word_1_420' title='bbox 1341 2338 1498 2372; x_wconf 88' lang='lat' dir='ltr'><strong>habebat.</strong></span> <span class='ocrx_word' id='word_1_421' title='bbox 1527 2336 1598 2372; x_wconf 89' lang='lat' dir='ltr'><strong>Sed</strong></span> <span class='ocrx_word' id='word_1_422' title='bbox 1615 2337 1740 2371; x_wconf 87' lang='lat' dir='ltr'><strong>Horat.</strong></span> 
     </span>
     <span class='ocr_line' id='line_1_71' title="bbox 1070 2387 1743 2436; baseline -0.006 -11"><span class='ocrx_word' id='word_1_423' title='bbox 1070 2391 1135 2436; x_wconf 90' lang='lat' dir='ltr'><strong>Ep.</strong></span> <span class='ocrx_word' id='word_1_424' title='bbox 1149 2402 1187 2434; x_wconf 87' lang='lat' dir='ltr'><strong>v,</strong></span> <span class='ocrx_word' id='word_1_425' title='bbox 1201 2390 1242 2424; x_wconf 82' lang='lat'><strong>26</strong></span> <span class='ocrx_word' id='word_1_426' title='bbox 1257 2405 1265 2432; x_wconf 82' lang='lat'><em>3</em></span> <span class='ocrx_word' id='word_1_427' title='bbox 1286 2389 1408 2435; x_wconf 82' lang='lat' dir='ltr'><strong>virgil.</strong></span> <span class='ocrx_word' id='word_1_428' title='bbox 1418 2387 1558 2423; x_wconf 88' lang='lat' dir='ltr'><strong>AEneid.</strong></span> <span class='ocrx_word' id='word_1_429' title='bbox 1576 2388 1642 2431; x_wconf 87' lang='lat' dir='ltr'><strong>IV,</strong></span> <span class='ocrx_word' id='word_1_430' title='bbox 1656 2389 1718 2422; x_wconf 80' lang='lat'><strong>512</strong></span> <span class='ocrx_word' id='word_1_431' title='bbox 1732 2413 1743 2431; x_wconf 84' lang='lat'>‚</span> 
     </span>
     <span class='ocr_line' id='line_1_72' title="bbox 1068 2439 1562 2486; baseline -0.008 -9"><span class='ocrx_word' id='word_1_432' title='bbox 1068 2444 1248 2477; x_wconf 69' lang='lat' dir='ltr'><strong>Avernalis</strong></span> <span class='ocrx_word' id='word_1_433' title='bbox 1262 2454 1352 2486; x_wconf 80' lang='lat' dir='ltr'><strong>aqua</strong></span> <span class='ocrx_word' id='word_1_434' title='bbox 1368 2439 1562 2474; x_wconf 84' lang='lat' dir='ltr'><strong>adhibetur.</strong></span> 
     </span>
    </p>

    <p class='ocr_par' dir='ltr' id='par_1_14' title="bbox 1067 2488 1748 2792">
     <span class='ocr_line' id='line_1_73' title="bbox 1118 2488 1748 2541; baseline -0.006 -14"><span class='ocrx_word' id='word_1_435' title='bbox 1118 2494 1190 2541; x_wconf 83' lang='lat'>¹93·</span> <span class='ocrx_word' id='word_1_436' title='bbox 1200 2493 1317 2527; x_wconf 77' lang='lat' dir='ltr'><strong>Aurea</strong></span> <span class='ocrx_word' id='word_1_437' title='bbox 1327 2506 1401 2526; x_wconf 86' lang='lat' dir='ltr'><strong>cum</strong></span> <span class='ocrx_word' id='word_1_438' title='bbox 1411 2493 1510 2526; x_wconf 86' lang='lat' dir='ltr'><strong>Luna</strong></span> <span class='ocrx_word' id='word_1_439' title='bbox 1524 2498 1588 2526; x_wconf 89' lang='lat' dir='ltr'><strong>etc.</strong></span> <span class='ocrx_word' id='word_1_440' title='bbox 1605 2490 1681 2535; x_wconf 87' lang='lat' dir='ltr'><strong>Qui</strong></span> <span class='ocrx_word' id='word_1_441' title='bbox 1689 2488 1748 2523; x_wconf 79' lang='lat' dir='ltr'><strong>hic</strong></span> 
     </span>
     <span class='ocr_line' id='line_1_74' title="bbox 1067 2543 1739 2588; baseline -0.006 -9"><span class='ocrx_word' id='word_1_442' title='bbox 1067 2546 1275 2580; x_wconf 88' lang='lat' dir='ltr'><strong>invocantur</strong></span> <span class='ocrx_word' id='word_1_443' title='bbox 1290 2571 1298 2588; x_wconf 94' lang='lat'>,</span> <span class='ocrx_word' id='word_1_444' title='bbox 1323 2547 1452 2588; x_wconf 71' lang='lat' dir='ltr'><strong>magici</strong></span> <span class='ocrx_word' id='word_1_445' title='bbox 1463 2545 1531 2578; x_wconf 86' lang='lat' dir='ltr'><strong>Dii</strong></span> <span class='ocrx_word' id='word_1_446' title='bbox 1549 2543 1712 2577; x_wconf 86' lang='lat' dir='ltr'><strong>dicuntur</strong></span> <span class='ocrx_word' id='word_1_447' title='bbox 1731 2554 1739 2581; x_wconf 88' lang='grc'><strong>;</strong></span> 
     </span>
     <span class='ocr_line' id='line_1_75' title="bbox 1070 2595 1746 2640; baseline -0.01 -8"><span class='ocrx_word' id='word_1_448' title='bbox 1070 2598 1185 2633; x_wconf 89' lang='lat' dir='ltr'><strong>Tibul.</strong></span> <span class='ocrx_word' id='word_1_449' title='bbox 1205 2598 1220 2631; x_wconf 94' lang='lat' dir='ltr'>I</span> <span class='ocrx_word' id='word_1_450' title='bbox 1237 2624 1246 2640; x_wconf 90' lang='lat'>,</span> <span class='ocrx_word' id='word_1_451' title='bbox 1265 2608 1294 2630; x_wconf 86' lang='lat'><strong>11</strong></span> <span class='ocrx_word' id='word_1_452' title='bbox 1307 2623 1316 2640; x_wconf 90' lang='lat'>,</span> <span class='ocrx_word' id='word_1_453' title='bbox 1337 2597 1390 2631; x_wconf 79' lang='lat'><strong>62.</strong></span> <span class='ocrx_word' id='word_1_454' title='bbox 1402 2597 1550 2630; x_wconf 79' lang='lat' dir='ltr'><em>—Luna</em></span> <span class='ocrx_word' id='word_1_455' title='bbox 1563 2602 1598 2630; x_wconf 87' lang='lat' dir='ltr'><strong>et</strong></span> <span class='ocrx_word' id='word_1_456' title='bbox 1614 2595 1746 2628; x_wconf 64' lang='lat' dir='ltr'><strong>Hecaoe</strong></span> 
     </span>
     <span class='ocr_line' id='line_1_76' title="bbox 1071 2644 1745 2691; baseline -0.01 -7"><span class='ocrx_word' id='word_1_457' title='bbox 1071 2649 1194 2685; x_wconf 83' lang='lat' dir='ltr'><strong>eadem</strong></span> <span class='ocrx_word' id='word_1_458' title='bbox 1223 2649 1299 2683; x_wconf 89' lang='lat' dir='ltr'><strong>Dea</strong></span> <span class='ocrx_word' id='word_1_459' title='bbox 1314 2663 1321 2691; x_wconf 88' lang='lat'>;</span> <span class='ocrx_word' id='word_1_460' title='bbox 1339 2648 1399 2683; x_wconf 88' lang='lat' dir='ltr'><strong>sed</strong></span> <span class='ocrx_word' id='word_1_461' title='bbox 1424 2648 1502 2682; x_wconf 83' lang='lat' dir='ltr'><strong>alias</strong></span> <span class='ocrx_word' id='word_1_462' title='bbox 1527 2647 1616 2691; x_wconf 80' lang='lat' dir='ltr'><strong>vires</strong></span> <span class='ocrx_word' id='word_1_463' title='bbox 1639 2644 1745 2689; x_wconf 86' lang='lat' dir='ltr'><strong>hujus</strong></span> 
     </span>
     <span class='ocr_line' id='line_1_77' title="bbox 1070 2700 1747 2738; baseline -0.012 -2"><span class='ocrx_word' id='word_1_464' title='bbox 1070 2701 1226 2736; x_wconf 87' lang='lat' dir='ltr'><strong>numinis</strong></span> <span class='ocrx_word' id='word_1_465' title='bbox 1234 2700 1428 2735; x_wconf 86' lang='lat' dir='ltr'><strong>declarabat</strong></span> <span class='ocrx_word' id='word_1_466' title='bbox 1439 2700 1588 2733; x_wconf 87' lang='lat' dir='ltr'><strong>Hecates</strong></span> <span class='ocrx_word' id='word_1_467' title='bbox 1596 2708 1747 2738; x_wconf 76' lang='lat' dir='ltr'><strong>nomen,</strong></span> 
     </span>
     <span class='ocr_line' id='line_1_78' title="bbox 1073 2751 1745 2792; baseline -0.012 -4"><span class='ocrx_word' id='word_1_468' title='bbox 1073 2754 1153 2788; x_wconf 77' lang='lat' dir='ltr'><strong>alias</strong></span> <span class='ocrx_word' id='word_1_469' title='bbox 1176 2753 1294 2787; x_wconf 81' lang='lat' dir='ltr'><strong>Lunae.</strong></span> <span class='ocrx_word' id='word_1_470' title='bbox 1322 2752 1416 2786; x_wconf 86' lang='lat' dir='ltr'><strong>Hinc</strong></span> <span class='ocrx_word' id='word_1_471' title='bbox 1439 2757 1474 2784; x_wconf 85' lang='lat' dir='ltr'><strong>et</strong></span> <span class='ocrx_word' id='word_1_472' title='bbox 1491 2751 1621 2784; x_wconf 77' lang='lat' dir='ltr'><strong>Hecate</strong></span> <span class='ocrx_word' id='word_1_473' title='bbox 1642 2755 1745 2792; x_wconf 85' lang='lat' dir='ltr'><strong>atque</strong></span> 
     </span>
    </p>
   </div>
  </div>
 </body>
</html>
