1832 3100
349 248 352 251 ι
397 216 1082 263 METAMORPHOSEON
1113 219 1242 263 LIB.
1278 220 1336 264 V.

154 313 335 375 Frigora
358 311 467 359 dant
486 307 622 367 rami,⁴
645 309 804 375 Tyrios
827 308 991 358 humus
1015 310 1198 359 humida
1219 311 1348 360 flores
1364 349 1375 369 ‚

1487 219 1576 279 389

1509 327 1575 371 390

153 384 422 456 Perpetuam
446 406 522 436 ver
544 398 612 436 est
631 406 642 435 :
663 405 754 453 quo
777 387 883 436 dum
906 388 1170 455 Proserpina
1195 388 1295 437 luco

151 467 311 525 Ludit,
337 478 382 515 et
403 477 480 515 aut
499 465 637 514 violas
653 504 665 524 ‚
689 477 766 514 aut
788 465 971 515 candida
993 465 1084 514 lilia
1109 466 1277 532 carpit;

152 545 358 611 Dumque
378 543 566 611 puellari
590 544 738 593 studio
764 543 1050 610 calathosque
1075 541 1309 608 sinumque

150 621 313 688 Implet
327 659 339 680 ‚
363 633 408 670 et
431 620 619 688 aequales
643 632 780 669 certat
804 639 1008 687 superare
1026 619 1238 684 legend03

151 699 280 748 Paene
302 699 549 748 simul'vis'a
573 711 664 758 est,
694 699 961 766 dilectaque,
985 710 1198 765 raptaque
1222 697 1318 745 Diti
1338 719 1348 746 :

1513 712 1578 759 395

152 777 307 844 Usque
328 776 438 825 adeo
461 788 728 843 properatur
747 778 896 824 amor!
923 777 1018 824 Dea
1042 775 1192 823 territa
1215 787 1374 824 moesto

150 853 214 904 Et
237 866 419 903 matrem
433 891 446 913 ‚
472 866 516 902 et
538 855 720 902 comites
735 891 747 911 ‚
772 854 850 902 sed
869 865 1052 901 matrem
1077 853 1237 920 saepius
1251 890 1262 911 ,
1289 873 1363 903 ore

153 930 349 989 Clamat;
378 943 527 990 et3'ut
551 951 722 980 summa
742 943 908 980 vestem
930 931 1113 979 laniarat
1137 932 1192 979 ab
1219 950 1320 989 ora,

156 1009 347 1059 Collecti
370 1010 501 1059 flores
524 1010 686 1058 tunicis
710 998 903 1058 cecidere
924 1008 1120 1056 remissis
1139 1027 1149 1056 ε

152 1087 385 1154 Tantaque
409 1086 669 1154 simplicitas
691 1085 942 1153 puerilibus
963 1085 1104 1134 adfuit
1126 1085 1254 1134 annis
1271 1105 1285 1145 ;*

152 1226 266 1262 nostri
284 1225 408 1272 Regii,
426 1225 488 1262 se'd
511 1225 661 1261 Heinsio
679 1233 713 1261 et
730 1226 834 1262 docto

158 1278 290 1323 Gierig.
303 1277 491 1314 adsentior.
507 1280 573 1313 Ed.
592 1297 637 1305 —
651 1281 745 1314 Ictus
761 1279 834 1314 Soli

150 1331 358 1376 frequenter
379 1328 604 1374 tribuuntur3
631 1331 719 1366 radii
737 1331 834 1366 enim

152 1385 229 1431 ejus
238 1391 321 1420 sunt
332 1384 439 1420 veluti
453 1385 534 1429 tela,
546 1397 624 1431 quae
636 1385 837 1431 percutiunt

153 1445 188 1474 et
198 1439 388 1474 verberant
396 1450 554 1485 corpora,
567 1439 694 1474 Horat.
706 1438 742 1474 11
752 1466 761 1481 ‚
774 1450 834 1481 xv,

151 1504 174 1538 9
184 1517 193 1534 ‚
221 1495 325 1525 ramis
353 1493 471 1526 laurea
485 1491 641 1536 ‚fervidos
671 1492 840 1525 Excludil

150 1547 249 1579 iclus.
264 1561 309 1570 —-
330 1545 469 1591 Tyrios,
488 1556 552 1590 pro
568 1548 684 1579 varios
695 1572 703 1585 ‚
725 1545 761 1578 H
765 1544 836 1578 ein—

150 1595 221 1632 sius
236 1609 278 1632 ex
290 1592 499 1634 Florentino
515 1596 551 1631 S.
567 1596 679 1631 Marci
694 1622 704 1639 ,
732 1596 834 1631 Nea—

149 1648 305 1695 politano
321 1656 357 1685 et
370 1648 526 1685 secundo
543 1649 708 1684 Mediceo
725 1648 832 1683 dedit.

154 1701 276 1748 ,Tyrios
284 1702 399 1747 flores.
423 1700 561 1749 Eodem
580 1714 685 1736 sensu
708 1700 835 1736 dicitur

155 1753 277 1799 Tyrius
289 1758 406 1788 cr‘ocus
417 1781 425 1793 ‚
452 1754 556 1801 Tyria
566 1755 719 1800 chlamys
732 1780 740 1794 ‚
765 1755 836 1799 Ty-

147 1800 220 1839 riusv
232 1809 342 1846 torus,
370 1807 492 1853 Tsn‘us
498 1805 606 1850 sucus
614 1816 627 1847 ;
646 1805 730 1840 etin
745 1804 834 1838 libro

150 1855 203 1892 IX
214 1883 224 1901 ,
238 1858 368 1904 'Tyrios
384 1861 520 1892 imitala
534 1859 662 1892 colores
684 1864 748 1891 etc.
761 1871 770 1898 ;
798 1861 834 1890 e‘t

148 1908 238 1944 libro
250 1910 284 1944 X
296 1936 306 1953 ,
330 1911 493 1956 Tyrioque
502 1912 660 1943 nilenlior
672 1914 761 1943 ostro
762 1910 836 1952 flos

149 1965 262 1997 oritur.
280 1961 347 1995 Ed.
362 1979 407 1986 -—
425 1959 605 1994 Arnobius
629 1959 688 1994 dat
698 1973 833 2004 purpu-

151 2026 248 2058 reos‚·
262 2014 297 2049 id
308 2022 359 2050 est
369 2042 379 2058 ‚
394 2015 543 2049 omnino
554 2014 717 2060 pulchros
731 2028 739 2056 3
761 2022 835 2049 ete-

153 2066 229 2101 nim
249 2065 462 2110 Tolsueranl
471 2067 554 2106 illic,
566 2071 647 2110 quot
657 2068 760 2100 habet
769 2079 835 2100 na·-

153 2122 229 2154 tura
242 2145 251 2160 ‚
278 2120 421 2159 colores,
441 2118 533 2153 Fast.
560 2118 593 2153 d.
617 2118 637 2152 l.
661 2120 725 2165 429
737 2144 746 2161 ‚
774 2117 833 2152 ubi

152 2171 252 2218 copia
266 2171 414 2207 istorum
428 2170 559 2206 florum
576 2179 790 2207 recensetur.

197 2225 273 2274 39²·
290 2226 415 2266 ludit,
434 2230 469 2260 et
482 2230 545 2259 au!
553 2227 683 2266 violas,
703 2232 766 2260 etc.
790 2224 834 2259 In

153 2288 196 2311 eo
210 2277 437 2312 consentiunt
448 2289 584 2320 omues,
597 2283 733 2322 raptam
746 2276 834 2311 Pro·

152 2329 328 2375 set-pinam
339 2356 348 2373 ,
383 2341 494 2375 quum
507 2331 613 2375 stores
641 2332 764 2374 legeret
775 2356 784 2371 ‚
815 2341 834 2364 a

153 2392 224 2426 quo
234 2393 308 2415 non
319 2379 438 2423 differt
447 2381 597 2415 alterum
606 2383 729 2422 ludere,
739 2380 834 2426 quod

154 2431 198 2467 de
221 2433 321 2468 omni
345 2445 452 2479 opera
475 2445 549 2467 non
566 2434 655 2468 seria
680 2433 833 2479 ponitur.

154 2485 238 2520 Jam
258 2486 439 2532 pamphus
463 2487 644 2537 scripserat
662 2513 671 2531 ,
697 2495 833 2533 raptam

154 2549 233 2573 eam
251 2550 324 2573 esse
338 2544 505 2580 παίζουσαν
516 2544 569 2575 καὶ
584 2541 656 2581 ἄνθη
675 2543 835 2585 συλλέγου-

155 2606 224 2634 σαν,
235 2602 382 2636 eamque
391 2589 572 2636 deceptam
581 2604 667 2635 esse,
680 2604 755 2626 non
766 2595 835 2626 vio-

154 2645 209 2683 lis,
218 2642 280 2678 sed
288 2645 461 2677 narem-Ae.
470 2643 618 2678 Pausan.
627 2644 680 2678 lx
691 2670 700 2686 ‚
716 2657 748 2689 p.
762 2644 833 2690 173.

157 2695 326 2730 Similiter
347 2695 456 2731 Hom.
480 2695 603 2743 hymn.
620 2695 657 2729 in
682 2695 764 2730 Cer.
787 2699 806 2730 5
822 2722 832 2739 ,

157 2755 323 2792 παιζουσκν
357 2750 445 2785 ἄνθεα
476 2748 503 2787 τ’
535 2751 706 2793 αἰνυμένην.
738 2749 835 2784 Tum

1513 1101 1578 1147 s500

900 1229 1072 1262 narc1lrsus
1111 1226 1245 1262 eximiae
1280 1224 1548 1272 pulchritudinis
1570 1255 1579 1271 ,

901 1294 1007 1326 quem
1023 1281 1254 1326 decerpserit,
1273 1286 1582 1314 commemoratur.

903 1333 958 1368 Cs.
975 1333 1055 1369 sch.
1070 1333 1232 1378 Sophocl.
1251 1332 1293 1367 ad
1309 1331 1490 1371 OEquol.
1505 1332 1580 1378 647.

901 1386 942 1420 In
960 1387 1115 1427 nummis
1139 1385 1180 1420 ab
1197 1385 1421 1419 Ennensibus
1440 1385 1477 1419 in
1495 1397 1581 1419 me·-

899 1439 1049 1472 moriam
1068 1438 1171 1482 hujus
1190 1444 1308 1482 raptus
1328 1437 1415 1471 cusis
1431 1444 1465 1471 et
1483 1439 1581 1471 wbloe

899 1491 963 1526 flos
980 1492 1147 1526 cernitur.
1171 1491 1363 1536 Spanhem.
1378 1490 1419 1524 ad
1441 1489 1580 1526 Gallim.

903 1547 952 1579 15.
966 1543 1187 1579 Schirachius
1198 1551 1338 1587 monet,
1357 1542 1580 1578 dulcedinem

898 1595 1012 1630 versui
1029 1596 1140 1630 inesse
1155 1622 1164 1639 ,
1182 1603 1302 1630 natam
1319 1608 1358 1630 ex
1373 1594 1520 1641 repetita
1538 1595 1580 1630 li-

898 1655 972 1683 tera
989 1661 1031 1688 a,
1059 1648 1165 1693 idque
1183 1649 1314 1683 sactum
1338 1654 1409 1682 eSse
1437 1660 1478 1681 ex
1493 1647 1582 1681 imi-

898 1703 1029 1737 tatione
1048 1701 1183 1748 Virgilii
1198 1715 1206 1737 :
1226 1703 1350 1736 Mollia
1365 1703 1491 1736 luteola
1501 1703 1583 1745 pin-

896 1757 949 1798 gi!
961 1758 1119 1788 vaccinia
1132 1755 1257 1787 caltha.

941 1806 1016 1853 393.
1035 1806 1090 1839 De
1108 1806 1268 1844 calathis,
1290 1803 1367 1838 vide
1384 1803 1427 1837 ad
1443 1803 1581 1846 IVsm.

900 1858 1141 1893 Inserviebant
1152 1858 1258 1892 etiam
1264 1856 1410 1892 floribus
1421 1857 1583 1893 collectis.

897 1929 941 1936 -
966 1912 1155 1954 AEqualium
1175 1908 1421 1957 Nympharum
1445 1909 1581 1943 catalo—

899 1976 981 2009 gum
1003 1963 1125 2010 hymn.
1151 1963 1260 1998 Hom.
1279 1964 1342 2006 418
1358 1989 1366 2005 ,
1385 1962 1501 1997 habet.
1528 1962 1581 1997 Ex

897 2015 937 2050 iis
961 2015 1051 2049 infra
1082 2016 1214 2049 Sirenes
1242 2020 1580 2049 commemorantur.

898 2068 954 2103 De
965 2067 1212 2103 cerlamt'neillo
1224 2065 1408 2102 claudian.
1424 2066 1459 2101 11
1469 2093 1479 2110 ,
1498 2067 1556 2112 137
1571 2080 1579 2102 :

897 2121 1037 2154 AEstuat
1050 2124 1130 2154 ante
1149 2120 1241 2153 alias
1262 2120 1361 2153 auido
1371 2118 1506 2163 fervore
1528 2121 1576 2153 le-

895 2175 1002 2217 gendi
1056 2174 1155 2208 Nunc
1171 2173 1327 2214 calathos
1340 2174 1471 2216 implet,
1494 2185 1582 2207 nunc

897 2238 971 2260 sese
978 2229 1098 2270 dquam
1106 2230 1246 2260 coronat
1252 2252 1260 2265 ‚
1278 2225 1315 2259 A
1316 2227 1465 2269 agurium
1465 2223 1581 2268 fatale

897 2279 970 2312 tori.
977 2297 1021 2304 —-
1029 2276 1198 2312 Celeritas
1207 2284 1325 2322 raptus
1334 2276 1425 2311 bene
1436 2283 1580 2311 notatur

897 2330 1012 2365 verbis
1038 2331 1141 2365 Poene
1162 2331 1266 2363 simul
1290 2336 1377 2373 etc.,
1402 2329 1438 2363 in
1456 2328 1580 2373 quibus

897 2383 1004 2417 etiam
1031 2394 1224 2417 numerum
1249 2381 1403 2416 observa.
1433 2380 1580 2415 Dictum

898 2433 965 2468 hoc
981 2434 1023 2469 ad
1040 2433 1125 2468 illud
1147 2432 1293 2468 Caesaris
1305 2458 1314 2475 ‚
1346 2434 1454 2472 Veni,
1476 2433 1553 2466 vidi
1565 2459 1574 2472 ,

897 2490 975 2521 vici.
999 2506 1044 2513 —
1063 2488 1263 2531 Proper-alut
1283 2497 1398 2526 amor,
1431 2497 1580 2530 propere

898 2539 1020 2575 satisfit
1039 2541 1161 2575 amori.

944 2593 1020 2640 397.
1036 2594 1196 2633 Matrem,
1214 2603 1292 2637 quae
1306 2591 1344 2626 in
1359 2590 1456 2638 hym.
1470 2589 1580 2624 Hom.

900 2645 1008 2680 etiam
1037 2643 1135 2678 audit
1166 2644 1241 2689 ejus
1267 2655 1400 2678 vocem.
1438 2642 1494 2676 De
1524 2642 1581 2676 illa

898 2709 1029 2730 summa
1044 2709 1103 2730 ora
1117 2695 1194 2730 vide
1207 2695 1250 2730 ad
1263 2695 1319 2730 III
1334 2722 1343 2739 ,
1363 2694 1581 2739 480.—St'm-

894 2750 1036 2793 plicitas
1057 2761 1153 2784 nunc
1176 2748 1211 2783 in
1230 2761 1272 2787 eo
1289 2746 1468 2791 cernitur,
1487 2744 1582 2791 quod
