1832 3100
313 181 1026 231 METAMORPHosEoN
1059 186 1191 228 ΜΒ.
1217 167 1317 230 Ἦ.

1434 185 1516 240 461

105 283 210 349 Ipsa
230 281 373 348 jacet,
397 291 609 346 terraque
633 289 823 326 tremens
847 277 1153 326 immurmurat
1173 290 1301 327 atrae:

107 361 259 427 thue
281 357 407 412 salire
431 356 546 406 solet
567 355 780 405 mutilatae
803 354 942 404 cauda
964 353 1158 403 colubrae
1173 392 1185 412 ‚

109 436 329 504 Palpitat,
354 445 401 484 et
420 433 616 483 moriens
630 433 829 502 *dominae
852 431 1036 495 vestigia
1057 432 1224 498 quaerit.

1466 447 1531 482 560

111 515 210 564 Hoc
233 531 411 581 quoque
431 523 538 580 post
559 511 756 570 facinus,
781 511 853 561 vix
877 510 1017 560 ausim
1041 510 1216 558 credere
1233 547 1245 569 ‚
1270 509 1412 558 fertur

112 591 236 659 Saepe
259 610 339 640 sua
355 589 547 640 lacerum
565 589 776 656 repetisse
802 588 990 637 libidine
1010 590 1187 654 corpus.

113 668 314 717 Sustinet
333 668 390 717 ad
412 668 615 717 Procnen
635 679 742 734 post
765 665 869 716 talia
886 666 999 715 facta
1021 665 1179 714 reverti
1197 684 1207 724 ;

114 747 316 813 Conjuge
343 766 441 814 quae
462 747 556 796 viso
578 765 829 810 germanam
855 745 1013 812 quaerit
1031 765 1041 793 :
1062 756 1107 793 at
1128 743 1203 793 ille

112 827 203 876 Dat
225 826 416 890 gemitus
437 825 567 874 fictos
582 862 594 883 ,
619 835 956 890 commentaque
979 823 1135 872 funera
1157 835 1318 872 narrat.

112 905 175 952 Et
192 902 392 971 lacrymae
415 903 557 953 fecere
579 902 712 952 fidem
734 921 744 950 :
765 901 981 951 velamina
1003 902 1175 950 Procne

114 980 293 1048 Deripit
313 1001 367 1030 ex
387 981 610 1039 humeris,
634 999 742 1029 auro
764 978 982 1044 fulgentia
1002 978 1121 1037 lato;

116 1060 412 1127 Induiturque
437 1072 552 1109 atras
574 1070 741 1117 vestes3
767 1070 812 1107 et
837 1058 967 1107 inane
993 1057 1243 1124 sepulcrum

121 1136 393 1196 Constituit,
416 1136 626 1204 falsisque
650 1134 824 1203 piacula
844 1134 1050 1183 manibus
1074 1133 1208 1182 infert
1228 1152 1239 1191 ;

121 1218 182 1265 Et
201 1214 347 1280 luget,
372 1234 467 1264 non
487 1215 550 1264 sic
571 1213 774 1277 lugendae
796 1213 885 1262 fata
909 1212 1087 1261 sororis.
1481 1225 1547 1271 570

121 1296 260 1360 Signa
277 1295 399 1344 Deus
422 1294 495 1344 bis
520 1313 596 1343 sex
620 1304 720 1341 acto
741 1291 1004 1340 lustraverat
1024 1308 1156 1337 anno.

122 1377 250 1442 Quid
270 1376 403 1426 faciat
424 1373 708 1425 Philomela?
728 1373 879 1436 fugam
903 1370 1106 1420 custodia
1128 1369 1293 1419 claudit
1311 1389 1321 1417 ε

123 1531 226 1554 mens.
241 1517 410 1553 Heinsius
426 1516 526 1552 malit
534 1516 688 1562 fremens
698 1543 707 1557 ‚
724 1515 804 1561 quia

124 1571 283 1617 sequitur
299 1572 459 1615 palpitat.
487 1568 589 1615 Regii
610 1567 721 1603 nostri
747 1567 805 1602 ha-

123 1624 210 1659 bent
223 1627 426 1658 tremens.—-
439 1622 547 1656 Terre
559 1624 803 1661 immurmurat,

126 1676 163 1711 in
179 1675 233 1711 his
247 1674 361 1711 verbis
375 1672 632 1709 intolerabilem
651 1685 724 1707 esse
742 1671 807 1706 lu-

127 1735 205 1763 sum
228 1724 283 1762 vir
306 1725 430 1761 doetus
449 1724 583 1771 judicat
606 1724 644 1759 in
666 1723 808 1759 Biblio—

127 1779 229 1815 theca
239 1779 361 1825 Tigur.
372 1791 405 1824 p.
415 1778 468 1813 58.
484 1776 555 1813 Sed
568 1782 603 1811 et
619 1775 676 1811 alii
688 1776 736 1811 sic
752 1775 809 1810 lu-

128 1838 269 1875 serunt,
286 1838 327 1866 ut
350 1829 394 1865 ad
410 1829 457 1874 V,
480 1831 562 1873 105,
579 1835 754 1863 notatum.
767 1845 812 1854 ·—

134 1885 242 1930 thue
266 1885 371 1918 salire
397 1888 463 1917 etc.
493 1879 653 1925 Quintus
678 1879 811 1926 Smyr-—

131 1948 226 1971 naeus
237 1962 247 1980 ‚
259 1935 313 1971 XI
325 1961 334 1979 ,
348 1937 388 1982 74
401 1947 410 1969 t
424 1935 476 1970 ἅτε
486 1938 644 1983 βλοσυροῖο
657 1933 813 1982 δράκοντος

135 1991 204 2038 οὐρὴ
230 1985 429 2032 &torp-noae?
446 1986 659 2020 ἀναπάλλεται.
673 2001 718 2010 ·-
730 1985 814 2018 Do-

133 2044 231 2076 mina·
244 2043 389 2085 vestigia
405 2042 538 2085 qnoerit,·
556 2037 641 2073 illud
657 2043 814 2073 sumtum

134 2107 176 2130 ex
184 2093 268 2129 AEn.
278 2093 313 2129 X
321 2119 330 2138 ,
339 2093 404 2141 395
417 2106 426 2129 ι
442 2093 491 2127 Te
496 2094 613 2127 decim
621 2104 715 2126 suum
723 2118 732 2133 ,
742 2092 816 2126 Lu-

133 2147 220 2188 ride,
233 2148 371 2181 dextera
386 2148 522 2192 quoeril,
540 2146 819 2189 Semianimesque

134 2201 265 2234 micant
277 2201 392 2243 digiti,
397 2198 588 2244 firmatque
602 2200 796 2231 retractant.

179 2251 254 2287 561.
287 2252 364 2285 Hoc
399 2262 528 2296 quoque
548 2253 631 2294 post
646 2248 814 2292 sucinum

134 2311 213 2350 post
226 2309 417 2338 extractam
433 2302 601 2349 linguam.
616 2302 682 2336 Ed.
692 2319 736 2327 ·—-
746 2302 818 2336 Lu-

136 2369 246 2392 cerum
255 2369 384 2402 corpas,
402 2355 603 2391 mutilatum
614 2354 742 2400 lingua.
755 2355 822 2388 Ed.

171 2408 246 2443 565.
259 2409 452 2445 Commenta
453 2407 582 2453 funera
591 2433 601 2451 ,
610 2405 730 2442 fictam
738 2404 820 2440 Phi-

137 2459 274 2495 lomelae
289 2467 454 2495 mortem.
470 2459 536 2494 Ed.

182 2512 256 2548 565.
280 2514 330 2548 Et
342 2514 507 2559 lac-ryme.
520 2512 689 2548 Heinsius
703 2511 821 2546 scribit

144 2566 202 2600 Ut.
214 2582 260 2591 --
275 2565 447 2612 lacrymo
456 2565 573 2609 secere
575 2566 684 2610 fidem
697 2576 709 2607 ;
727 2564 822 2598 esse-

141 2623 266 2652 cerunt
282 2616 442 2663 lacrymae
460 2623 499 2651 ut
515 2616 652 2651 Procne
667 2623 836 2651 mox-tems

144 2669 349 2705 Philomelae
360 2681 480 2704 veram
491 2681 563 2704 esse
575 2668 745 2703 crederet.
757 2669 824 2702 Ed.

190 2722 263 2759 568.
288 2724 394 2759 Inane
422 2723 609 2766 sepulcrum
633 2722 824 2757 Constituit.

870 1514 959 1549 Tres
969 1540 979 1558 ‚
997 1514 1170 1553 Instituit,
1194 1511 1288 1557 quod
1299 1511 1489 1557 elegantius
1502 1513 1553 1547 vi-

871 1567 975 1601 detur
984 1563 1352 1608 Rammium—Regii
1365 1565 1474 1598 nostri
1485 1564 1552 1599 ha-

871 1619 958 1654 bent
976 1620 1160 1652 Constituit
1167 1629 1179 1660 ‚·
1196 1616 1231 1651 id
1247 1616 1459 1651 servandum
1471 1630 1553 1652 cen—

872 1684 952 1715 seo,
968 1670 1063 1716 quod
1077 1670 1206 1704 molem
1225 1670 1450 1704 monumenti
1467 1669 1554 1704 aedi-

873 1723 965 1759 ficati
976 1722 1100 1757 melius
1108 1721 1287 1767 significat.
1295 1721 1555 1756 Eat—Veteres

875 1788 987 1821 quum
994 1774 1156 1820 insepulti
1165 1773 1318 1818 corporis
1326 1773 1419 1807 anim
1425 1773 1561 1820 amSty-

879 1840 961 1874 gem
974 1827 1120 1861 transire
1130 1824 1222 1860 haud
1235 1837 1332 1869 posse
1343 1825 1559 1859 arbitraren—

878 1887 955 1923 tur,
972 1878 1119 1913 mortuis
1133 1904 1142 1922 ,
1163 1890 1315 1922 quorum
1331 1889 1477 1922 corpora
1493 1890 1559 1911 re—

879 1932 994 1978 perire
1004 1944 1079 1966 non
1091 1937 1230 1977 possent
1238 1956 1247 1973 ,
1262 1932 1381 1964 inania
1389 1931 1555 1974 sepulcra,

879 1986 1040 2032 muoz-nique:
1053 2010 1063 2027 ‚
1081 1990 1256 2018 exstruere
1266 1982 1433 2017 solebant.
1445 1982 1540 2016 Infra
1551 2007 1560 2024 ‚

881 2038 973 2082 XII,
987 2038 1007 2071 3
1020 2064 1029 2081 ‚
1041 2041 1160 2072 inanes
1176 2035 1320 2080 infima,
1344 2047 1421 2080 quae
1433 2034 1563 2068 dantur

880 2090 1038 2136 sepulcro
1065 2089 1173 2124 inani.
1203 2088 1276 2123 Pro
1302 2087 1434 2132 inseritis·
1463 2100 1561 2121 nunc

881 2142 967 2177 dixit
985 2144 1126 2186 piacula
1141 2141 1253 2186 salsis
1264 2168 1272 2181 ‚
1302 2139 1387 2174 salso
1412 2140 1563 2175 creditis.

881 2214 926 2221 -
939 2194 1065 2239 Inserre
1081 2194 1228 2228 verbum
1245 2193 1426 2239 proprium
1444 2192 1481 2226 in
1498 2192 1563 2227 hac

883 2248 1144 2291 re.-Lugendae
1160 2245 1303 2291 quidem
1313 2272 1322 2289 ,
1334 2245 1395 2280 sed
1411 2258 1478 2279 non
1494 2248 1564 2286 sic,

883 2300 981 2336 inani
997 2299 1156 2345 sepulcro
1172 2306 1207 2333 et
1225 2298 1368 2333 inferiis.

930 2355 1004 2398 571.
1025 2352 1129 2397 Signa
1137 2353 1233 2386 Deus
1244 2358 1307 2385 etc.
1329 2350 1473 2395 Apollo,
1485 2349 1545 2384 Sol
1554 2376 1566 2395 ,

885 2411 921 2441 et
936 2412 988 2440 est
1004 2403 1089 2439 anni
1106 2403 1246 2438 rotatio.
1269 2404 1333 2437 Ed.

930 2460 1003 2503 572.
1029 2458 1168 2492 Claudi!
1183 2455 1383 2501 exquisitius
1396 2481 1405 2498 ,
1434 2468 1540 2500 quam
1557 2482 1566 2499 ,

890 2508 1037 2556 impedit
1049 2535 1058 2553 ‚
1071 2509 1239 2555 quoniam
1256 2509 1326 2554 ipsa
1338 2508 1451 2542 clausa
1469 2515 1570 2543 tene-

885 2563 998 2598 batur.
1009 2562 1092 2597 Non
1105 2562 1186 2596 satis
1202 2567 1272 2604 est,
1286 2560 1379 2606 quod
1394 2561 1566 2595 Burman-

887 2628 955 2650 nus
969 2613 1106 2657 laudat,
1124 2613 1255 2658 auferre
1278 2620 1313 2647 et
1334 2615 1480 2648 adimere
1495 2614 1569 2658 su-

884 2681 984 2713 gam,
1007 2667 1044 2701 in
1061 2666 1186 2712 quibus
1197 2666 1306 2711 suga,
1326 2666 1483 2712 fugiendi
1507 2667 1568 2701 sa-

889 2718 1008 2755 cultas.
1044 2718 1186 2754 Rectius
1222 2718 1435 2763 comparabis
1462 2717 1534 2751 Vll
1555 2743 1564 2761 ,
