1832 3100
202 216 291 277 294

583 217 633 259 P.
669 217 909 261 ov1n11
941 218 1236 279 NASONIS

197 310 407 365 Pacatus,
432 307 663 375 mitisque,
690 322 848 372 rogant
872 310 1135 368 Ismenides,
1159 311 1302 369 adsis;

194 386 224 432 J
227 404 412 451 ussaque
437 404 555 434 sacra
573 385 759 442 colunt:
784 386 888 436 solae
911 387 1156 455 Minyeides
1178 388 1299 436 intus
1319 425 1330 446 ‚

195 463 508 529 Intempestiva
529 463 757 513 turbantes
775 464 883 512 festa
908 465 1108 514 Minerva
1124 502 1136 524 ‚

193 540 287 588 Aut
309 540 476 609 ducunt
500 540 644 599 lanas,
671 553 747 589 aut
770 541 955 589 stamina
975 541 1135 608 pollice
1157 554 1330 607 versant
1345 579 1356 600 ‚

196 616 291 664 Aut
314 617 479 665 haerent
498 616 619 684 telae,
642 617 916 684 famulasque
939 618 1168 667 laboribus
1189 631 1361 682 urgent.
1570 633 1615 668 35

195 695 235 741 E
259 693 421 760 quibus
446 713 535 742 una
557 693 641 741 levi
667 694 887 743 deducens
910 695 1070 762 pollice
1094 695 1244 755 filum,

198 776 319 824 Dum
342 788 512 824 cessant
530 775 623 824 aliae
636 814 647 833 ‚
674 788 1006 844 commentaque
1027 796 1147 827 sacra
1170 778 1450 845 frequentant
1468 815 1480 837 ‚

206 880 228 902 «
253 860 350 906 Nos
375 878 553 925 quoquc
567 896 578 915 .,
606 879 714 925 quas
732 859 876 909 Pallas
891 898 903 918 ‚
926 860 1082 909 melior
1101 863 1216 920 Dea,
1237 862 1424 920 detinet,
1445 860 1611 928 inquit,

196 961 220 982 >›
250 939 371 988 Utile
392 959 505 1006 opus
527 960 736 989 manuum
758 942 878 990 vario
904 962 1102 991 sermone
1127 943 1342 1001 levemus;

196 1044 221 1063 »
249 1022 422 1087 Perque
443 1022 559 1070 vices
583 1021 751 1089 aliquid
765 1060 777 1081 ‚
803 1024 925 1091 quod
947 1036 1146 1091 tempora
1167 1024 1303 1088 longa
1325 1023 1465 1072 videri
1571 1037 1618 1083 40

193 1164 312 1198 altero.
322 1164 485 1199 -Immo
497 1163 601 1199 lectio
611 1165 763 1209 Heinsii,
771 1179 876 1201 sensu

193 1231 314 1252 carens
324 1244 333 1260 ,
343 1226 472 1254 nostrae
483 1219 714 1264 explanationi
727 1220 875 1254 omnino

194 1277 376 1315 repugnat.
393 1271 459 1305 Ed.

234 1321 285 1356 31.
304 1323 456 1356 Pacatus
470 1335 511 1357 ex
522 1335 596 1358 uno
610 1323 740 1368 recepit
757 1322 875 1357 Hein-

190 1371 260 1406 sius
279 1386 342 1416 pro
350 1375 535 1416 placalus-‚⁶
562 1373 605 1408 de
630 1373 692 1408 hac
708 1373 874 1408 varietate

191 1423 339 1458 solemni
352 1424 428 1458 vide
443 1425 601 1459 Lambin.
620 1425 662 1459 ad
678 1426 818 1460 Lucret.
835 1426 872 1469 Ι,

191 1489 222 1524 9.
242 1494 288 1502 -
313 1476 429 1510 Nostri
454 1477 554 1522 Regii
580 1477 711 1511 habent
734 1490 874 1522 quoque

184 1530 353 1571 placalus.
377 1547 421 1553 -
438 1530 588 1562 Paculus
604 1535 639 1562 et
654 1532 746 1562 milis
759 1555 767 1568 ‚
803 1541 874 1562 vo-

191 1580 310 1614 cabula
334 1580 503 1614 solemnia
529 1580 565 1614 in
594 1580 874 1614 invocationibus

190 1632 362 1666 Deorum.
373 1650 418 1657 ·—
428 1634 565 1675 lingant
573 1633 766 1665 Ismenides.
776 1630 874 1664 The-

188 1684 289 1719 banae
322 1692 449 1719 matres
460 1710 469 1727 ,
503 1691 542 1718 ut
569 1684 647 1718 felix
671 1685 874 1729 faustusque

195 1736 282 1770 adsis
294 1762 303 1779 ,
321 1743 520 1781 precantur.
535 1737 601 1769 Ed.

235 1789 288 1822 32.
301 1790 398 1823 Solas
409 1788 470 1822 has
484 1788 563 1822 Deo
575 1787 769 1822 adversatas
779 1800 850 1822 esse
862 1813 873 1831 ,

192 1848 316 1875 monet
332 1840 436 1875 etiam
457 1839 624 1874 AElianus.
642 1857 685 1865 —
699 1841 814 1882 Iulus;
836 1839 874 1873 in

192 1894 339 1941 aedibus,
360 1906 470 1938 quum
490 1893 632 1938 reliquae
650 1892 815 1927 mulieres
837 1893 874 1927 in

196 1946 398 1982 Cithaerone
426 1946 690 1981 baccharentur.
711 1965 756 1972 ·-·
784 1947 876 1979 Tur-

191 2001 286 2035 barc.
305 1999 489 2044 profanare
505 1997 598 2043 quod
611 2023 620 2041 ‚
643 1998 708 2044 390
719 2023 728 2040 ,
747 1996 875 2031 substi-

191 2051 311 2083 tuitur.
327 2049 400 2084 Cic.
415 2051 462 2084 H.
475 2050 516 2083 R.
534 2049 572 2083 16
588 2062 706 2083 :sacra
718 2051 877 2092 ludosque

194 2104 411 2136 conlurbare:
431 2101 600 2145 Quinctil.
615 2100 712 2134 Decl.
726 2101 802 2143 265,
809 2113 877 2143 pu-

192 2156 283 2188 blica
302 2159 404 2197 sarro'
425 2155 566 2187 turbare.
583 2172 627 2179 —
643 2155 878 2197 intempesma

193 2207 356 2243 Mam-raa,
378 2218 487 2250 quum
496 2204 610 2239 alieno
622 2211 780 2249 tempore
792 2217 878 2249 ope-

195 2271 273 2292 ram
292 2257 417 2292 darent
441 2257 591 2291 lanificio
603 2283 612 2300 ,
640 2257 695 2290 cui
714 2257 878 2291 Minerva

194 2316 351 2354 praeerat.
366 2309 492 2343 AElian.
512 2313 546 2344 αι’
556 2312 612 2353 μέν
628 2315 695 2357 περὶ
711 2314 776 2363 ‘togis
794 2312 878 2350 ἱςούς

195 2367 279 2405 εἶχον
302 2366 354 2396 καὶ
381 2363 532 2396 ἐπονοῦντο
559 2365 625 2409 περὶ
650 2365 703 2401 τὴν
729 2361 877 2408 Edu-pianr).

202 2415 319 2446 Texlis
340 2416 474 2456 operari
486 2413 645 2446 xmncrvoe
660 2411 744 2445 dixit
762 2411 876 2445 Tibul.

195 2463 232 2498 II
245 2490 253 2507 ,
273 2475 286 2497 1
296 2490 305 2506 ,
321 2464 375 2498 65.
391 2483 436 2490 -—
450 2463 522 2497 Aut
537 2465 693 2498 ducunt...
708 2464 878 2496 laboribus

194 2520 327 2558 urgent,
350 2516 471 2561 triplex
484 2515 673 2549 mulierum
687 2527 878 2559 graecarum

194 2578 289 2611 opus.
306 2586 350 2591 —
369 2569 508 2601 Ducunt
524 2569 634 2600 lanas.
657 2566 735 2601 vid.
755 2565 796 2600 ad
816 2566 876 2610 11,

196 2620 270 2660 411.
301 2619 443 2653 Plenius
475 2618 658 2654 Claudian.
685 2630 733 2653 xx
753 2644 763 2662 ,
788 2619 877 2652 385:

204 2671 335 2703 Vellera
344 2683 408 2713 per
421 2675 534 2704 leuues
538 2670 631 2714 ferri
636 2672 816 2714 producere
824 2673 879 2704 ri·-

193 2735 275 2756 mas.
286 2739 330 2748 -
345 2724 483 2759 Versari
494 2736 514 2757 a
534 2723 677 2758 lanificis
692 2723 822 2757 dicitur
843 2729 879 2757 et

940 1173 1069 1202 stamen
1082 1195 1091 1209 ‚
1118 1168 1217 1203 filum
1230 1194 1239 1210 ‚
1258 1175 1293 1203 et
1308 1167 1416 1211 susus
1429 1193 1438 1208 ,
1470 1173 1510 1202 ut
1529 1178 1616 1208 2215

942 1221 1014 1256 VII
1027 1246 1036 1263 ,
1056 1235 1096 1255 aa
1111 1234 1120 1261 ;
1148 1220 1264 1255 Tibul.
1282 1220 1318 1255 II
1332 1246 1342 1263 ,
1362 1230 1376 1254 1
1391 1244 1401 1259 ‚
1424 1219 1469 1263 64
1483 1231 1493 1253 ;
1507 1219 1618 1253 Fusus

939 1276 1091 1317 apposilo
1104 1275 1230 1317 pollice
1249 1277 1363 1307 versat
1376 1283 1470 1315 opus.
1481 1271 1618 1304 —Hae-

939 1330 1013 1361 rent
1026 1325 1077 1360 rei
1096 1351 1106 1369 ,
1133 1332 1193 1360 aut
1214 1325 1250 1359 in
1266 1337 1304 1358 re
1322 1324 1454 1369 aliqua,
1477 1322 1536 1368 qui
1553 1333 1617 1357 se·-

940 1376 1023 1411 dulo
1038 1390 1117 1412 eam
1131 1383 1289 1412 tractant.
1306 1377 1438 1410 Haerere
1448 1377 1485 1409 in
1499 1376 1616 1414 libna,

942 1429 1015 1465 Cic.
1028 1430 1132 1465 Attic.
1144 1430 1236 1465 XIII
1248 1455 1258 1473 ‚
1276 1431 1315 1473 4;
1332 1430 1465 1463 Ila-rere
1479 1430 1515 1462 ia
1519 1426 1611 1471 jure,

941 1480 1041 1516 Orat.
1059 1482 1096 1524 1,
1118 1482 1170 1516 38.

983 1533 1036 1567 35.
1060 1533 1156 1572 Una,
1175 1532 1360 1576 Leucippe.
1374 1547 1419 1558 —-
1429 1530 1619 1564 Deducere:

939 1583 1017 1617 vide
1033 1583 1074 1616 ad
1092 1584 1108 1617 Ι
1119 1609 1128 1626 ,
1147 1585 1177 1626 4.
1192 1601 1237 1610 ·-
1251 1584 1482 1625 Leuipollice.
1496 1587 1537 1615 ut
1547 1580 1619 1623 VI,

940 1648 992 1668 22.
1004 1634 1175 1669 Hercules
1185 1641 1306 1669 contra
1317 1659 1327 1676 ‚
1342 1633 1450 1678 Epist.
1464 1633 1516 1666 IX
1528 1657 1549 1674 ,.
1558 1643 1616 1676 77:

939 1699 1056 1720 crassa
1072 1688 1205 1719 robusto
1219 1686 1355 1719 deduci!
1359 1686 1485 1727 pollice
1481 1685 1561 1727 fila.
1575 1700 1620 1708 —

939 1739 1050 1771 Filum
1068 1737 1198 1771 habent
1214 1736 1323 1770 nostri
1339 1735 1450 1781 Regii.
1468 1733 1619 1769 Duode-

939 1788 1009 1823 cim
1023 1815 1032 1832 ‚
1049 1788 1190 1831 fusum,
1216 1795 1256 1822 ut
1278 1788 1352 1830 Vl,
1378 1801 1438 1827 υς
1459 1785 1521 1821 sed
1539 1784 1618 1820 vide

940 1840 1190 1874 Burmannum
1210 1839 1253 1873 ad
1277 1838 1399 1873 Amor.
1423 1838 1462 1882 I,
1485 1848 1570 1879 xxv,
1591 1849 1621 1882 7.

939 1911 985 1919 —
1000 1885 1154 1932 Deliriel,
1172 1890 1323 1925 lanificio
1338 1897 1517 1935 occupatas
1534 1888 1621 1923 reti-

940 1951 1014 1978 net.
1038 1943 1154 1977 Etiam
1175 1943 1216 1976 ab
1234 1943 1366 1977 Anton.
1383 1954 1454 1977 vrr.
1479 1946 1620 1991 φίλεργοι.

940 2014 985 2021 -
1004 1996 1097 2039 Opus
1111 1998 1251 2030 levemus
1263 1994 1335 2040 ipse
1352 1993 1495 2039 explicat
1505 2019 1516 2037 ,
1534 1994 1626 2038 quod

941 2052 1088 2092 tempora
1095 2050 1196 2091 longa
1208 2050 1318 2081 viden·
1325 2048 1401 2081 Non
1411 2049 1512 2082 sinat.
1525 2045 1621 2080 Insra

943 2102 1007 2147 295
1018 2126 1027 2143 ,
1044 2100 1092 2135 sic
1107 2103 1251 2134 minuere
1265 2101 1409 2133 laborem
1421 2109 1434 2140 ‚·
1458 2098 1512 2132 VI
1525 2122 1535 2140 ,
1554 2097 1598 2131 60
1609 2122 1619 2139 ,

932 2152 1059 2197 fallere
1078 2155 1222 2187 laborem
1234 2163 1246 2193 ;
1273 2151 1376 2186 Trist.
1399 2149 1452 2185 IV
1462 2176 1473 2194 ,
1489 2160 1505 2183 1
1517 2175 1527 2193 ,
1558 2149 1598 2183 13
1610 2174 1621 2192 ,

942 2203 1117 2238 cantando
1133 2205 1278 2237 Fallitur
1287 2204 1420 2237 ancille
1440 2202 1621 2244 decipitur*-

942 2269 1004 2301 que
1024 2259 1143 2296 lab0r‚·
1174 2254 1255 2290 ibid.
1274 2255 1291 2289 1
1303 2280 1313 2298 ,
1341 2254 1382 2296 6,
1401 2265 1501 2297 grave
1515 2253 1625 2286 mollit

942 2320 1034 2352 opus.
1079 2307 1179 2342 Adeo
1209 2307 1337 2342 Noster
1369 2305 1435 2338 hoc
1466 2301 1622 2338 variavit.

943 2360 1065 2405 Virgil.
1084 2359 1211 2403 Georg.
1234 2359 1251 2393 1
1265 2383 1274 2400 ‚
1294 2357 1358 2404 293
1371 2381 1380 2399 ,
1400 2362 1518 2389 texens
1533 2365 1621 2387 mu—

942 2413 1007 2446 lier
1030 2415 1163 2456 longum
1193 2414 1294 2444 cantu
1317 2411 1447 2442 solatur
1466 2409 1621 2441 laborem.

943 2463 1015 2498 Sed
1037 2475 1118 2497 cum
1137 2460 1201 2495 h'oc
1218 2460 1292 2494 loco
1309 2459 1429 2494 confer
1444 2458 1482 2492 in
1501 2456 1622 2503 primis

943 2513 1071 2559 Georg.
1090 2514 1141 2548 IV
1155 2538 1164 2556 ,
1182 2512 1265 2555 345,
1283 2511 1343 2546 ubi
1367 2509 1541 2557 Clymene
1557 2509 1621 2542 in·-

943 2572 997 2600 ter
1013 2577 1149 2599 sorores
1170 2564 1296 2598 vellera
1319 2569 1500 2607 carpentes
1515 2560 1622 2594 Deo-

943 2630 1024 2651 rum
1048 2629 1184 2650 amores
1208 2622 1338 2650 narrat.
1359 2633 1403 2640 —
1429 2615 1532 2648 Vario
1549 2623 1621 2644 ser-

944 2683 1058 2710 mone,
1085 2668 1186 2703 variis
1212 2667 1340 2702 sabellis
1359 2665 1505 2701 vicissim
1528 2676 1619 2697 nar-

943 2721 1071 2757 randis.
1094 2739 1137 2750 -—-·
1159 2722 1295 2756 Vacuus
1309 2746 1319 2762 ‚
1348 2731 1422 2753 non
1439 2721 1618 2762 occupatas
