1832 3100
480 253 1199 301 METAMORPHOSEON.
1495 253 1547 309 41

121 353 231 401 ciam
259 348 488 417 profectus
531 349 747 399 Helenam
783 348 947 416 rapuit.
987 349 1230 416 Raptorem
1272 348 1413 397 secuti
1450 360 1556 397 sunt

126 427 289 486 Graeci,
313 439 552 495 postquam
573 427 761 486 Aulide,
785 436 967 494 serpente
989 426 1184 493 quodam
1200 426 1248 474 in
1264 426 1440 493 lapidem
1458 445 1556 475 mu-

124 517 238 563 tato,
262 505 452 553 Dianam
470 503 644 571 placare
668 504 902 554 voluerant
923 504 1146 572 Iphigenia
1165 503 1335 563 oblata,
1362 505 1433 553 cui
1455 523 1558 552 vero

121 593 301 635 mutatae
314 583 410 631 Dea
429 582 666 631 substituit
686 602 869 632 cervam.
894 583 1081 649 Trojani
1100 603 1239 650 quum
1255 583 1371 632 fama
1393 583 1555 631 adven-

126 672 223 709 tum
241 659 496 709 Graecorum
511 662 842 724 cognovissent,
860 661 1015 731 armati
1026 682 1103 711 eos
1119 674 1388 730 exspectant.
1402 662 1559 710 Primo

126 737 277 787 statim
302 755 546 800 congressu
578 737 740 809 Cycnus
756 778 769 795 ,
806 739 863 787 ab
887 739 1064 789 Achille
1100 759 1236 807 super
1266 739 1460 807 lapidem
1482 759 1564 788 ne-

128 828 277 876 catus,
302 816 579 866 convertitur
619 837 644 866 a
680 817 895 884 Neptuno
937 817 986 866 in
1018 836 1130 868 avem
1164 818 1235 867 sui
1265 817 1476 867 nominis.
1521 819 1566 865 Is

128 906 275 944 autem
289 933 301 954 ,
323 895 402 962 qui
415 894 505 943 telo
523 894 649 944 nullo
665 894 821 944 violari
835 907 1046 963 potuerat
1057 934 1069 955 ,
1095 897 1143 944 in
1159 897 1363 955 convivio
1379 897 1568 945 heroum

127 973 312 1022 Nestori
334 973 384 1023 in
414 974 674 1023 memoriam
703 974 942 1023 revocabat
966 986 1056 1023 tam
1083 973 1265 1032 Coenea,
1306 975 1570 1025 invulnera-

128 1051 267 1100 bilem
291 1063 336 1101 et
359 1051 530 1119 ipsum,
556 1064 689 1119 atque
706 1053 902 1120 primum
920 1072 945 1102 e
964 1053 1128 1102 femina
1145 1054 1192 1101 in
1210 1072 1359 1102 marem
1373 1093 1386 1110 ‚
1411 1054 1572 1103 deinde

130 1128 179 1178 in
202 1129 383 1197 praelio,
411 1150 550 1197 quum
566 1130 780 1179 arborum
806 1130 923 1179 mole
947 1131 1231 1190 obrueretur,
1255 1131 1304 1179 in
1326 1151 1438 1181 avem
1460 1151 1572 1180 con-

130 1226 332 1267 versum,
357 1228 491 1276 quam
525 1209 710 1257 omnino
750 1228 948 1275 pugnam
984 1208 1281 1258 Centaurorum
1306 1229 1407 1259 cum
1430 1209 1572 1276 Lapi-

133 1285 236 1343 this,
264 1305 457 1353 quorum
476 1305 581 1353 pars
601 1287 786 1335 Caeneus
811 1287 967 1336 fuerat.
997 1288 1082 1336 His
1105 1288 1402 1355 appendicula
1425 1288 1577 1337 addita

136 1365 190 1414 de
225 1364 508 1436 Periclymeno
539 1365 588 1413 in
625 1365 804 1432 aquilam
835 1365 1162 1415 transformato.
1194 1368 1435 1434 Neptunus
1468 1386 1572 1415 vero

134 1444 274 1511 Cycni
296 1455 486 1493 mortem
510 1443 668 1492 dolens
692 1443 891 1492 exoravit
914 1443 1175 1511 Apollinem
1194 1483 1205 1503 ,
1232 1457 1284 1494 ut
1306 1445 1483 1494 Paridis
1504 1465 1573 1493 sa-

137 1522 296 1598 gittam
319 1522 367 1570 in
390 1521 607 1572 Achillem
631 1521 850 1580 flecteret,
878 1541 966 1588 qua
989 1521 1062 1571 ille
1085 1523 1232 1590 periit.

201 1641 306 1689 LIB.
343 1641 471 1688 XIII.
514 1640 584 1688 De
605 1639 796 1689 Achillis
818 1640 950 1689 armis
975 1641 1104 1709 Ajax
1122 1653 1166 1690 et
1200 1641 1368 1712 Ulysses
1390 1654 1578 1691 conten-

138 1717 284 1767 dunt:
310 1737 360 1766 ac
386 1716 508 1767 illius
530 1717 732 1785 quidem,
767 1738 848 1768 sua
882 1718 1025 1786 ipsius
1050 1738 1186 1767 manu
1207 1719 1448 1776 interfecti,
1475 1740 1578 1769 san-

139 1795 240 1859 gnis
261 1796 311 1845 in
330 1795 591 1867 lyacinthum
612 1796 816 1845 vertitur.
864 1797 1006 1864 Capta
1027 1797 1118 1862 jam
1140 1798 1278 1864 Troja
1292 1836 1303 1856 ,
1331 1798 1509 1866 Hecuba
1531 1799 1578 1847 in

140 1873 355 1932 Thracia,
376 1873 459 1923 ubi
478 1873 865 1941 Polymnestorem
885 1876 1119 1925 excaecavit
1134 1914 1146 1934 ,
1165 1875 1218 1924 fit
1240 1875 1364 1924 canis.
1386 1876 1496 1942 Ejus
1512 1877 1582 1924 in-

141 1951 394 2001 fortunium
409 1971 550 2019 quum
567 1952 645 2000 Dii
663 1971 817 2002 omnes
833 1951 1140 2020 deplorarent,
1161 1954 1337 2001 Aurora
1354 1952 1441 2003 alio
1456 1954 1582 2004 luctu

145 2030 402 2090 tenebatur,
427 2029 664 2079 Memnonis
687 2030 858 2080 scilicet
879 2030 981 2090 filii,
1008 2031 1134 2097 cujus
1157 2051 1180 2080 e
1200 2032 1424 2081 cineribus
1442 2030 1583 2082 Mem-

146 2107 313 2156 nonides
324 2127 424 2157 aves
437 2108 716 2174 prodierunt.
739 2108 918 2158 AEaeas
928 2129 1065 2176 porro
1087 2110 1308 2178 profugus
1321 2110 1377 2159 ad
1392 2111 1580 2170 Anium,

148 2185 399 2252 cujusfilioe
416 2187 464 2235 in
488 2187 695 2235 columbas
712 2199 838 2236 erant
865 2207 1107 2247 conversae,
1132 2201 1239 2256 post
1267 2189 1351 2238 alia
1377 2190 1584 2257 deinceps

147 2262 248 2312 loca
264 2264 733 2314 transformationibus
752 2258 890 2325 clara,
914 2267 960 2315 in
978 2266 1175 2319 Siciliam
1195 2267 1367 2317 delatus
1383 2281 1477 2327 est,
1501 2269 1585 2317 ubi

148 2342 310 2414 Scylla,
340 2344 412 2392 cui
450 2343 630 2393 Galatea
664 2356 814 2394 narrat
851 2345 1106 2416 Polyphemi
1140 2365 1310 2395 amores
1347 2346 1587 2413 Acl'dquue

150 2421 348 2480 obitum;
370 2441 460 2489 quo
482 2422 600 2471 sacto
615 2460 626 2481 ‚
659 2423 864 2481 Glaucus,
890 2424 938 2472 in
966 2425 1109 2473 Deum
1134 2425 1333 2474 marinum
1356 2437 1553 2474 mutatus
1570 2463 1584 2484 ,

152 2511 349 2566 apparet.

219 2611 322 2659 LIB.
357 2611 480 2659 XIV.
519 2611 701 2683 Scyllam
738 2614 866 2663 Circe
895 2626 1039 2663 mutat
1071 2615 1118 2663 in
1149 2625 1383 2664 monstrum.
1426 2616 1588 2665 AEneas

155 2699 303 2737 autem
326 2688 373 2736 in
402 2688 597 2738 Africam
625 2691 768 2750 venit,
794 2692 874 2740 ubi
898 2712 1000 2741 eum
1023 2692 1146 2741 Dido
1170 2693 1350 2761 excipit.
1390 2694 1591 2743 Tandem

156 2778 230 2826 ut,
254 2766 514 2816 Pithecusas
550 2780 859 2835 praetervectus
878 2807 889 2828 ‚
915 2770 998 2819 ubi
1026 2769 1224 2838 Cercopes
1253 2791 1306 2821 ex
1329 2773 1590 2823 hominibus
