1832 3100
331 225 419 305 234

704 254 757 297 P.
791 252 1026 300 OVIDII
1057 256 1356 310 NASONIS
1419 262 1422 265 ’

399 363 422 385 «
450 342 722 393 Praebuimus
745 345 919 409 longis,
945 348 1196 407 Pentheus,
1216 348 1474 413 ambagibus
1500 367 1624 400 aures
1635 363 1653 411 ,'

331 439 355 460 >›
385 419 560 485 Inquit,
584 433 635 469 ut
655 421 862 472 irassmora
885 425 998 474 vires
1019 427 1246 475 absumere
1269 439 1432 493 posset.

330 516 354 537 »
381 495 650 563 Praecipitem
672 500 823 548 famuli
846 502 985 568 rapite
1005 502 1146 559 hunc3
1172 504 1446 569 cruciataque
1471 503 1577 552 diris

327 591 354 614 >³
387 572 586 639 Corpora
610 577 839 625 tormentis
865 578 1025 643 Stygiae
1049 579 1264 628 demittite
1288 581 1423 628 nocti.
1447 603 1470 623 »
1666 585 1743 639 6'95‘

322 649 536 718 Protinus
559 652 804 702 abstractus
829 654 982 702 solidis
1003 656 1258 721 Tyrrhenus
1278 658 1452 705 Acoetes

325 726 559 777 Clauditur
582 730 628 777 in
654 731 802 797 tectis3
826 744 894 789 et,
920 732 1024 781 dum
1042 734 1234 783 crudelia
1253 735 1384 799 jussae

325 804 624 854 Instrumenta
647 808 765 855 necis
781 845 792 864 ‚
817 807 1070 874 ferrumque
1092 809 1296 876 ignisque
1316 821 1550 875 parantur,

329 880 501 945 Sponte
526 900 603 930 sua
627 883 819 948 patuisse
839 883 954 932 sores
970 922 981 942 ‚
1010 884 1241 952 lapsasque
1263 885 1433 934 lacertis

322 957 493 1023 Sponte
519 978 618 1017 sua,
644 959 757 1008 fama
779 972 866 1018 est,
889 960 1014 1009 nullo
1037 961 1253 1020 solvente,
1279 974 1463 1011 catenas·

322 1034 495 1082 Perstat
518 1035 812 1094 Echionides3
836 1056 916 1085 nec
937 1038 1025 1102 jam
1047 1040 1174 1104 jubet
1196 1040 1258 1088 ire
1273 1077 1285 1098 ‚
1309 1040 1386 1088 sed
1407 1040 1503 1106 ipse

319 1111 365 1162 W
365 1111 482 1170 adit,
507 1112 612 1171 ubi,
639 1112 801 1161 electus
825 1114 1022 1163 facienda
1045 1116 1099 1163 ad
1121 1135 1261 1174 sacra,
1288 1116 1510 1165 Cithaeron

324 1189 542 1238 Cantibus
566 1202 611 1238 et
632 1190 745 1239 clara
766 1191 1058 1240 bacchantum
1080 1213 1185 1259 voce
1208 1194 1405 1242 sonabat.

321 1301 396 1336 dari
417 1301 555 1336 Baccho
578 1302 755 1347 solebant,
785 1303 850 1347 IV,
876 1317 925 1338 11.
942 1304 999 1339 Fit

318 1368 405 1401 ergo
422 1356 559 1391 Acoetes
565 1355 721 1400 famulus
735 1370 902 1391 sacrorum
916 1358 999 1392 Bac·

318 1407 512 1451 chicorum,
528 1421 630 1442 versu
644 1410 717 1453 574.
727 1409 767 1443 In
781 1408 914 1455 hymno
926 1410 999 1443 Ho-

321 1460 454 1494 merico
470 1460 568 1495 Deus
582 1473 665 1495 eum
681 1461 832 1506 retinet,
848 1462 998 1507 facitque

321 1514 487 1547 πανέλέιθν.

366 1563 441 1611 692.
467 1565 672 1598 Proebm'mus
692 1567 801 1609 longis·
816 1573 879 1601 etc.
906 1565 997 1600 Vide

323 1613 368 1648 ad
384 1627 470 1649 vers.
490 1616 564 1660 577.
586 1616 672 1650 Sine
689 1629 780 1650 nexu
795 1617 999 1661 grammati-

321 1678 364 1699 co
376 1693 384 1707 ,
403 1679 422 1701 e
441 1673 565 1701 natura
585 1667 644 1701 irae
658 1693 667 1710 ,
689 1680 771 1702 mox
784 1669 999 1702 convertitur

323 1717 367 1750 ad
392 1718 550 1752 famulos.
579 1735 624 1744 —-
638 1721 845 1763 Proecipitem
865 1723 971 1762 rapite
983 1745 991 1759 ,

323 1769 476 1804 maxima
487 1782 568 1804 cum
577 1770 610 1804 vi
623 1777 658 1805 et
669 1771 843 1806 celeritate
856 1771 999 1805 auferte.

322 1839 367 1848 —-
384 1823 603 1868 Cruciataque
613 1825 706 1857 diris.
718 1822 865 1858 Codices
877 1824 997 1870 Regii,

324 1876 426 1908 duris.
452 1891 496 1901 —·
511 1875 684 1909 Demittite
708 1878 811 1909 nocti.
833 1876 1000 1921 Virgilius

323 1929 492 1962 demittere
498 1941 574 1962 orco
586 1926 670 1962 dixit
680 1927 821 1962 AEneid.
833 1927 885 1962 IX
894 1954 903 1971 ,
915 1930 976 1974 527
989 1942 999 1970 3

321 1985 358 2013 et
367 1981 535 2014 demittere
542 1992 680 2023 corpora
688 1982 788 2020 nocti,
801 1979 929 2014 AEneid
935 2007 942 2013 .
951 1980 998 2023 X,

322 2029 399 2063 662.
428 2030 499 2065 Sed
526 2031 654 2066 Noster
681 2032 848 2064 demittere
879 2032 1000 2076 Stygia

320 2084 431 2122 nocti,
445 2095 485 2116 ex
495 2082 593 2127 cujus
603 2081 798 2117 imitatione
812 2082 915 2117 Silius
927 2083 1001 2117 Ita-

320 2131 419 2177 licus,
431 2134 478 2177 V,
493 2136 553 2178 241
572 2137 750 2170 :damnare
762 2136 884 2182 Stygia·
897 2139 1000 2170 nocti.

322 2185 430 2231 Apud
449 2187 654 2232 Euripidem
668 2213 677 2231 ,
699 2200 781 2222 eum
798 2187 871 2222 vult
892 2187 998 2233 ligare

322 2236 367 2270 ad
382 2249 534 2283 praesepe
547 2252 555 2279 ;
573 2238 634 2273 sed
647 2239 780 2273 insania
795 2246 974 2285 correptus
986 2265 996 2283 ,

321 2288 399 2324 loco
414 2289 559 2333 Bacchi,
578 2297 720 2325 taurum
736 2291 859 2336 alligat.

367 2342 443 2390 696.
476 2343 593 2377 Solida
624 2348 713 2377 tecta
723 2370 732 2384 ‚
762 2356 879 2378 carcer
907 2344 998 2378 bene

324 2395 493 2430 munitus.
518 2394 576 2430 Sic
593 2396 646 2430 1V
659 2421 669 2439 ,
687 2396 751 2439 645
763 2421 772 2439 ,
790 2397 902 2430 solida
914 2410 1000 2430 moe—

323 2450 401 2488 nia,·
420 2453 455 2481 et
471 2447 525 2481 VI
535 2473 544 2491 ,
563 2447 639 2492 573,
652 2450 771 2481 maem'a
781 2449 889 2481 solido
904 2460 999 2482 saxo.

323 2516 368 2525 ·-
387 2500 542 2533 Crudelia
552 2526 560 2540 ‚
589 2498 783 2534 crudelitati
798 2498 999 2533 inservien—

322 2550 381 2585 tia.
398 2568 442 2578 ·--·
456 2551 508 2585 Ex
521 2553 747 2585 instrumentis
759 2554 851 2585 necis
865 2550 1001 2584 arden-

324 2609 376 2636 tes
393 2603 532 2638 laminae
547 2610 870 2638 commemorantur
886 2616 906 2637 a
926 2602 999 2637 Cic.

325 2652 430 2688 Verr.
447 2654 500 2699 V,
523 2655 565 2689 63
578 2681 587 2699 ‚
609 2667 678 2700 quo
700 2655 807 2690 etiam
823 2654 857 2689 h.
876 2654 897 2690 l.
915 2655 1000 2700 fer—

323 2719 394 2740 rum
412 2714 447 2741 et
468 2711 556 2751 ignis
570 2708 742 2753 respicere
766 2708 941 2743 videntur.
957 2726 1001 2734 -——

325 2760 489 2804 Ignisque.
518 2759 667 2796 Codices
683 2761 793 2796 nostri
808 2787 817 2805 ,
835 2764 998 2807 ignesque.

1061 1323 1106 1332 ·--
1130 1307 1232 1340 Nullo
1253 1308 1399 1342 solvente
1420 1306 1568 1341 otiosum
1597 1304 1735 1340 videtur

1066 1355 1279 1403 Caposerreo
1292 1385 1302 1402 ,
1327 1358 1407 1404 quia
1428 1357 1599 1404 praecessit
1619 1361 1735 1402 sponte

1062 1422 1145 1449 sua,
1171 1410 1265 1455 quod
1279 1410 1359 1444 ideo
1379 1417 1492 1445 mutat
1512 1409 1550 1444 in
1571 1411 1733 1444 innocuis.

1062 1460 1169 1496 Male.
1194 1460 1292 1495 Solet
1311 1462 1440 1496 Noster
1460 1460 1584 1506 passim
1602 1460 1651 1494 ita
1666 1471 1733 1493 re—

1063 1512 1263 1547 dundanter
1290 1513 1385 1558 loqui
1403 1539 1412 1557 ,
1442 1520 1482 1548 ut
1500 1514 1517 1549 I
1531 1540 1541 1557 ‚
1572 1525 1639 1560 90,
1663 1524 1735 1556 quae

1062 1567 1193 1598 vindice
1202 1566 1295 1599 nullo
1306 1592 1314 1606 ‚
1332 1566 1452 1608 Sponte
1459 1578 1523 1599 sua
1531 1591 1539 1605 ,
1563 1567 1636 1598 sine
1646 1566 1732 1607 lege,

1063 1622 1098 1649 et
1110 1629 1212 1650 versu
1224 1629 1285 1650 100
1294 1643 1302 1656 ‚
1314 1618 1396 1660 Ipsa
1402 1629 1504 1660 petz...
1514 1628 1552 1650 se
1562 1642 1572 1659 ,
1584 1615 1643 1649 ubi
1655 1613 1734 1648 vide

1062 1674 1193 1701 notam.
1206 1667 1252 1702 Et
1262 1676 1358 1702 nunc
1368 1667 1510 1712 quidem
1525 1666 1608 1700 illud
1620 1670 1737 1710 sponte

1062 1732 1126 1752 sua
1135 1746 1143 1759 ‚
1161 1718 1198 1752 in
1211 1731 1280 1764 quo
1291 1719 1341 1753 vis
1355 1718 1524 1762 miraculi,
1538 1717 1736 1765 urgendum

1065 1776 1150 1804 erat.

1109 1834 1183 1867 701.
1207 1824 1344 1856 Perstat
1369 1823 1581 1857 Echionides.
1617 1820 1736 1855 Exitus

1064 1874 1215 1909 Penthei
1231 1901 1240 1917 ,
1255 1887 1361 1919 quem
1373 1874 1464 1920 apud
1479 1873 1636 1919 Euripid.
1649 1886 1736 1908 vers.

1068 1927 1195 1961 1023-1
1205 1928 1262 1961 151
1277 1953 1286 1970 ,
1306 1927 1454 1961 nuncius
1470 1933 1598 1960 narrat.
1614 1943 1660 1951 —
1677 1926 1736 1959 Ci-

1063 1979 1185 2011 thoeron
1199 1977 1326 2012 electus
1340 1977 1384 2012 ad
1399 1978 1495 2023 orgia
1509 1974 1712 2012 celebranda
1724 2001 1733 2018 ,

1065 2029 1143 2074 quia
1160 2029 1315 2064 Bacchus
1333 2036 1427 2064 amat
1442 2035 1581 2063 montes
1598 2055 1607 2069 ,
1639 2026 1733 2061 unde

1062 2081 1134 2126 ipsc
1148 2085 1247 2130 ὄρειος.
1257 2099 1301 2107 -
1314 2083 1452 2116 Electus
1469 2082 1641 2115 Cithaemn.
1658 2078 1734 2113 Ple-

1064 2135 1165 2179 rique
1191 2142 1326 2170 veteres
1344 2142 1379 2170 et
1401 2142 1520 2170 noster
1537 2133 1659 2168 Codex
1676 2132 1708 2167 A
1721 2158 1731 2175 ,

1054 2188 1169 2232 festus
1178 2198 1189 2230 ‚·
1206 2188 1507 2234 Berneggerianus
1518 2213 1527 2231 ,
1545 2186 1616 2220 duo
1631 2185 1684 2219 alii
1699 2191 1735 2219 et

1064 2246 1184 2274 noster
1202 2239 1324 2274 Codex
1335 2240 1365 2274 B
1377 2266 1384 2280 ,
1401 2244 1519 2280 natus,
1543 2245 1582 2272 ut
1596 2239 1633 2272 in
1647 2238 1735 2272 libro

1065 2291 1102 2326 ΙΙ
1114 2318 1124 2336 ,
1138 2292 1200 2325 223
1210 2318 1219 2335 ‚
1229 2296 1390 2336 natusque
1398 2293 1448 2325 ad
1450 2303 1551 2325 sacra
1563 2291 1735 2324 Citheron.

1065 2343 1109 2378 In
1137 2343 1202 2377 hac
1223 2343 1387 2377 varietate
1411 2342 1498 2375 mihi
1518 2340 1736 2387 potissimum

1065 2394 1195 2429 arridet
1200 2395 1334 2438 sestus‚·
1351 2406 1434 2427 nam
1448 2393 1574 2428 dicitur
1589 2393 1737 2438 elegan-

1065 2455 1119 2483 ter
1117 2448 1232 2492 sestus
1243 2450 1314 2481 dies
1321 2475 1329 2488 ‚
1344 2446 1442 2490 festa
1455 2450 1616 2482 conciam.
1625 2464 1669 2474 --
1678 2448 1738 2481 Ci-

1065 2502 1186 2534 theron
1196 2526 1204 2540 ,
1220 2512 1322 2534 mons
1335 2499 1494 2543 Baeofioe,
1507 2498 1550 2534 de
1562 2511 1632 2544 quo
1643 2497 1741 2542 Virg.

1065 2551 1148 2585 AEn.
1175 2550 1248 2594 IV,
1266 2551 1329 2585 303
1353 2564 1361 2585 :
1386 2552 1518 2596 Thyas,
1543 2552 1604 2585 ubi
1623 2550 1739 2583 audito

1071 2606 1245 2638 stimulant
1259 2607 1424 2638 trieterica
1442 2604 1582 2638 Baccho
1610 2603 1713 2645 Orgia
1726 2628 1734 2640 ,

1064 2660 1305 2701 nocturnusque
1325 2660 1427 2690 vocat
1443 2658 1585 2689 clamore
1608 2654 1739 2687 Gitbae—

1065 2720 1145 2751 ron,·
1163 2716 1197 2743 et
1215 2709 1348 2744 Seneca
1360 2734 1369 2751 ‚
1389 2706 1473 2742 OEd.
1489 2707 1550 2750 487
1568 2717 1687 2739 :sacer
1702 2710 1743 2738 et·

1068 2763 1230 2796 Ct'thoeron
1242 2763 1403 2804 sanguine
1417 2759 1599 2793 mundavit.
1620 2756 1685 2790 Ed.
