1832 3100
375 254 1075 304 METAMORPHOSEON
1110 257 1240 301 LIB.
1279 259 1351 302 II.

154 342 305 395 Pallor
322 343 372 392 in
395 361 471 391 ore
494 341 645 399 sedet;
671 340 831 389 macies
852 339 900 388 in
923 358 1112 407 corpore
1136 351 1234 389 toto
1257 359 1268 400 ;

1493 273 1575 302 211

1519 357 1586 403 775

152 424 383 490 Nusquam
406 431 525 469 recta
547 419 685 477 acies3
708 418 845 467 livent
868 417 1074 481 rubigine
1098 418 1251 467 dentes
1272 437 1282 476 ;

154 499 340 550 Pectora
360 497 461 547 felle
484 497 655 554 virent3
679 497 833 560 lingua
852 507 919 544 est
940 495 1110 545 suffusa
1135 514 1305 544 veneno
1328 515 1339 553 ;

156 578 295 643 Risus
315 576 465 643 abest,
490 574 578 623 nisi
605 594 737 641 quem
758 574 841 622 visi
860 592 1034 622 movere
1057 573 1264 632 dolores;

157 657 252 705 Nec
274 653 438 703 fi‘uitur
459 671 646 711 somno,
673 651 937 715 vigilacibus
962 651 1101 701 excita
1125 652 1243 700 curis
1264 671 1275 710 ;

160 733 250 782 Sed
269 732 389 781 videt
411 732 635 794 ingratos,
655 729 980 796 intabescitque
1003 729 1196 777 videndo
1211 767 1224 788 ,

1529 748 1596 793 780

161 810 400 859 Successus
420 808 655 857 hominum
679 828 689 866 ;
717 807 947 875 carpitque
970 819 1015 856 et
1038 806 1235 874 carpitur
1259 826 1348 856 una
1362 845 1375 866 ‚

160 931 457 979 praestantioribus
466 932 550 966 Dea
559 930 597 965 in
606 933 676 964 ima
685 929 845 964 mutavit.

161 985 302 1022 Verum
324 998 370 1020 ne
389 984 438 1019 sic
458 983 603 1029 quidem
625 983 720 1018 locus
743 995 848 1017 sanus

162 1037 257 1074 visus
275 1043 328 1073 est
346 1037 429 1072 Intt.
451 1036 592 1071 offensis
609 1034 760 1070 formula
777 1036 850 1069 vul-

162 1095 233 1126 tum
259 1091 378 1125 ducere
392 1091 444 1123 ad
455 1091 612 1139 suspiria,
632 1088 748 1122 Faber
762 1099 850 1121 cor-

164 1143 246 1189 rigit
255 1171 263 1184 ,
281 1146 438 1188 vultusque
449 1144 550 1176 decor
558 1143 708 1185 suspiria
725 1142 847 1181 duur,-

166 1196 248 1232 satis
269 1196 464 1231 infeliciter.
496 1194 726 1229 Burmannus
746 1193 820 1227 vult
839 1218 849 1236 ,

167 1250 220 1283 ad
232 1250 420 1293 cultumque
436 1248 520 1281 Deoe
535 1259 626 1291 susp.
640 1249 763 1288 movit,·
781 1257 855 1278 non

169 1299 284 1336 multo
296 1297 613 1334 meliusschirach.
621 1290 775 1342 deniqne
786 1308 858 1330 ma-

169 1354 283 1397 lebat,
307 1354 360 1388 ad
371 1355 560 1397 vultumque
576 1353 660 1386 Dea·
679 1364 706 1385 s.
732 1352 834 1385 dux-il
846 1377 855 1391 ‚

173 1418 281 1452 quam
311 1405 390 1441 lect.
420 1417 505 1439 sane
535 1403 722 1439 confirmat
748 1403 858 1448 glossa

176 1457 267 1505 Cod.
286 1457 384 1493 Leid.
401 1456 476 1493 haec
501 1469 509 1492 :
537 1458 658 1492 Vultus
677 1456 760 1490 Dcoe
768 1458 858 1499 pul-

172 1511 343 1545 cherrt'mae
348 1509 428 1554 suit
439 1520 547 1543 causa
556 1535 565 1549 ‚
590 1520 653 1541 cur
666 1509 858 1550 suspiraret.

174 1561 248 1597 Sed
274 1561 331 1596 ille
357 1560 546 1607 glossator,
581 1559 629 1594 sic
652 1570 858 1594 succurrere

173 1612 284 1649 voluit
305 1612 447 1648 lectioni
469 1611 623 1646 obscurae
636 1636 646 1654 ,
669 1612 860 1655 vultumque

171 1666 266 1700 Dea.
287 1683 333 1692 -
354 1664 437 1707 Jam
454 1663 568 1709 prima
587 1661 734 1698 Invidiae
751 1674 858 1696 com—

172 1718 286 1754 motio
313 1717 564 1764 interponitur.
586 1717 662 1750 Ima
686 1718 834 1760 suspiria
847 1741 856 1756 ‚

173 1782 252 1817 que
269 1769 450 1806 ducuntur
470 1781 512 1803 ex
537 1768 610 1802 imo
634 1774 795 1813 pectore,
819 1772 860 1800 ut

173 1825 248 1859 alta
275 1825 445 1868 suspiria,
473 1819 710 1862 Claudianus,
731 1818 796 1862 ΙΙ,
821 1818 859 1852 in

173 1876 324 1922 Eutrop.
341 1874 408 1909 530
421 1900 430 1917 ,
456 1885 535 1919 quae
546 1871 726 1906 ducuntur
735 1873 807 1905 allo
820 1872 862 1904 de

175 1930 293 1968 corde,
317 1933 359 1961 ut
383 1925 468 1960 dixit
490 1925 642 1968 Noster,
665 1935 768 1957 versu
784 1922 861 1956 522.

177 1981 201 2016 J
203 1992 260 2016 am
269 1981 386 2014 ducem
397 1979 523 2012 vultum
538 1978 589 2011 ad
595 1978 742 2019 suspiria
753 2002 761 2015 ‚
783 1974 863 2008 vul-

178 2041 257 2068 tum
271 2042 486 2077 componere
504 2026 726 2063 accomodate
742 2026 863 2071 suspi-

179 2085 240 2120 riis
251 2111 262 2128 ‚
279 2083 425 2129 suspiria
434 2082 535 2116 vultu
551 2092 690 2126 quoque
701 2077 863 2124 prodere.

183 2137 374 2173 Suetonius
388 2134 534 2181 quidem
546 2160 556 2177 ,
579 2132 658 2168 Tib.
672 2132 715 2166 68
726 2131 738 2175 ,’
756 2130 840 2165 dixit
852 2155 862 2174 ,

181 2191 346 2224 adducere
354 2189 492 2227 vultum,
505 2185 548 2220 ad
558 2184 763 2230 gravitatem
772 2194 865 2217 com-

183 2254 316 2289 ponere
330 2267 341 2285 ,
358 2239 419 2275 ubi
431 2237 580 2274 casaub.
591 2242 792 2282 comparat,
810 2235 866 2269 ob-

181 2298 302 2332 ducere
315 2297 463 2338 vultum,
486 2291 531 2326 ad
549 2290 748 2326 moestitiam
766 2301 867 2325 com-

182 2345 389 2394 ponere.·.Et
404 2345 561 2387 Seneca,
577 2343 642 2388 Ep.
661 2342 722 2385 58,
741 2343 866 2375 vultum

180 2401 324 2435 adducit
345 2399 398 2432 ad
416 2398 601 2431 tnlstitiam.
633 2395 739 2429 Hanc
760 2393 867 2439 igitur

181 2451 372 2487 lectionem
383 2449 537 2485 multum
547 2448 696 2494 praesero
702 2445 866 2480 omnibus

183 2503 491 2540 emendationibus
516 2501 720 2548 propositis,
743 2500 867 2546 quibus

182 2556 356 2604 repetitur
380 2562 519 2590 tantum
547 2553 642 2600 quod
672 2559 775 2599 poeta
795 2553 868 2598 jam

187 2611 331 2646 dixerat.
391 2624 397 2628 ·

231 2666 304 2710 775.
323 2663 444 2698 Pallor
453 2664 490 2695 in
506 2673 563 2695 ore
577 2661 679 2695 sedet.
701 2659 773 2694 Ubi
784 2671 871 2704 pro-

188 2717 265 2763 pius
295 2715 437 2752 accessit
454 2741 464 2758 ‚
490 2715 604 2748 forma
630 2713 706 2757 ejus
733 2711 870 2746 descri-

187 2769 293 2806 bitur.
313 2769 434 2815 Quam
447 2768 537 2803 bene
550 2779 589 2802 ea
599 2764 791 2811 composita
806 2764 869 2806 sit,

913 929 1011 965 facile
1029 930 1183 976 reperies
1197 956 1206 974 ,
1232 930 1259 966 si
1275 931 1481 977 cogitaveris
1494 958 1503 976 ,
1521 945 1599 978 quae

914 983 958 1018 de
970 983 1096 1018 invidis
1112 983 1291 1029 praedicari
1310 984 1454 1020 soleant.
1472 985 1601 1021 Horat.

917 1036 955 1078 Ι,
976 1035 1040 1080 Ep.
1062 1046 1111 1078 11,
1132 1038 1172 1082 57
1193 1049 1200 1070 z
1218 1038 1354 1070 Invidus
1369 1039 1510 1071 ulterius
1520 1050 1604 1072 mu—

916 1092 1040 1123 crescil
1062 1091 1158 1122 rebus
1182 1092 1312 1132 opimis.
1338 1089 1404 1135 Ep.
1430 1100 1492 1124 XIV
1505 1116 1514 1134 ,
1533 1090 1574 1136 37
1594 1103 1604 1126 :

919 1141 996 1176 Non
1010 1144 1088 1175 1Zrtt'c
1100 1143 1233 1185 obliquo
1242 1143 1338 1175 oculo
1347 1155 1422 1176 mea
1432 1145 1608 1177 commoda

920 1195 1094 1237 quisquam
1120 1193 1251 1236 limat,
1276 1206 1343 1227 non
1366 1195 1444 1227 odio
1467 1196 1608 1229 obscum

921 1256 1092 1289 morsuque
1110 1249 1262 1279 venenat.
1285 1244 1353 1289 IV,
1368 1244 1438 1280 Od.
1456 1257 1502 1280 111
1514 1274 1522 1287 ,
1546 1247 1586 1281 16
1601 1260 1610 1282 t

923 1297 1034 1330 Dente
1046 1299 1156 1331 minus
1167 1299 1319 1331 mordeor
1330 1300 1506 1331 1'1191‘d0.·—
1513 1299 1615 1334 Sedet

924 1349 1126 1394 exquisitius
1135 1362 1254 1394 quarn,
1275 1355 1338 1393 est,
1354 1356 1508 1394 apparet,
1528 1359 1566 1386 ut
1580 1352 1610 1396 l,

925 1400 1008 1448 257:
1027 1400 1105 1435 vide
1123 1400 1297 1436 Gronovii
1315 1401 1402 1437 Obs.
1420 1403 1521 1467 ILp.
1538 1406 1611 1439 180.

924 1471 968 1479 —
987 1455 1098 1488 Recta
1112 1458 1214 1488 acies.
1235 1452 1371 1488 Confer
1383 1454 1473 1489 infra
1490 1469 1523 1490 v.
1537 1457 1614 1502 787.

923 1524 967 1532 —
977 1507 1112 1551 Rubigo
1126 1507 1251 1541 vitium
1264 1506 1438 1542 dentium.
1451 1510 1611 1543 —Felin

925 1564 1066 1603 pectore
1084 1558 1224 1603 signum
1240 1558 1614 1595 malevolentiae—Vi-

923 1623 993 1644 rere
1008 1609 1056 1645 sic
1073 1617 1107 1645 et
1126 1609 1310 1645 Claudian.
1331 1613 1389 1658 49,
1404 1612 1447 1660 96
1462 1625 1469 1647 :
1484 1617 1616 1647 viscera

914 1664 1004 1709 selle
1025 1664 1349 1709 virenL—Sussusa
1364 1678 1490 1700 veneno
1504 1693 1512 1706 ‚
1529 1672 1615 1711 μεςὴ

928 1721 974 1753 ἰοῦ
988 1720 1212 1767 θανατηῗέῥου.
1230 1717 1326 1751 Male
1345 1717 1437 1751 Rod.
1454 1731 1519 1751 von
1537 1718 1619 1762 Gis!

926 1769 1040 1815 lmese!
1046 1772 1118 1804 ihre
1130 1771 1255 1815 Zunge.
1267 1769 1403 1816 Lingua
1412 1770 1552 1814 suffusa
1561 1783 1618 1804 ve·

927 1834 1023 1856 neno
1034 1821 1176 1865 dicitur,
1188 1829 1228 1856 ut
1242 1835 1280 1856 os
1289 1822 1460 1866 suffusum
1475 1822 1616 1857 rubore.

974 1876 1046 1921 778.
1071 1876 1179 1909 Risus
1193 1877 1298 1909 abest.
1316 1874 1524 1909 Immanitas
1540 1875 1616 1920 ejus

929 1933 965 1961 et
992 1928 1164 1962 cruciatus
1189 1927 1444 1975 describuntur.
1468 1945 1514 1953 —·
1538 1929 1624 1963 Nisi

929 1993 1033 2025 quem.
1063 1980 1156 2015 Nam
1180 1979 1299 2014 alienis
1319 1980 1419 2015 malis
1444 1987 1617 2026 tanquam

930 2032 999 2067 suis
1014 2033 1115 2067 bonis
1131 2032 1269 2067 laetatur
1281 2059 1291 2077 ,
1314 2036 1492 2078 pascitque
1506 2046 1542 2068 se
1558 2050 1618 2069 κα-

930 2088 1078 2135 κόχαρτος
1091 2112 1100 2128 ,
1124 2087 1362 2136 ἐπιχαιρέκακος.
1384 2087 1449 2120 Ed.
1469 2105 1512 2111 —
1528 2088 1615 2121 Mo-

931 2151 1012 2173 vere.
1042 2136 1212 2173 Ciosanus
1227 2152 1268 2173 ex
1285 2139 1395 2174 MSS.
1412 2139 1617 2174 emendan-

932 2190 1019 2226 dum
1034 2197 1151 2226 censet
1157 2191 1273 2236 fecere
1285 2219 1293 2233 ,
1327 2191 1421 2238 quod
1440 2191 1615 2227 efficacius

930 2243 974 2278 sit
987 2269 997 2288 ,
1029 2255 1135 2289 quam
1158 2257 1294 2279 movere.
1316 2261 1362 2270 -
1397 2246 1618 2289 Vz'gtllacibus.

935 2295 1084 2332 Codices
1100 2297 1210 2331 nostri
1228 2296 1354 2345 Regii,
1376 2299 1613 2341 vt‘gt'lantibus,

933 2350 1028 2396 quod
1045 2362 1257 2396 reponerem
1276 2363 1284 2385 ι
1302 2363 1387 2385 nam
1403 2353 1535 2395 vigilax
1551 2362 1617 2395 pro

932 2405 1098 2448 vffllans,
1120 2410 1275 2437 utcuraz·
1284 2415 1348 2448 pro
1359 2406 1527 2443 curiosus,
1544 2414 1620 2437 non

934 2456 1001 2490 nisi
1025 2456 1068 2490 ab
1094 2455 1293 2490 auctoribus
1314 2453 1500 2489 mediocris
1525 2461 1620 2489 note

935 2514 1119 2553 acceptum
1138 2508 1240 2542 fuisse
1259 2507 1418 2551 reperio;
1450 2512 1486 2540 et
1502 2506 1619 2542 forsan

935 2561 972 2595 in
991 2561 1031 2594 iis
1056 2572 1175 2594 errore
1198 2559 1421 2593 librariorum
1444 2558 1511 2594 hoc
1537 2572 1620 2594 ver-

935 2614 1022 2647 bum
1037 2612 1216 2646 insolitum
1228 2610 1376 2656 irrepsit.
1388 2613 1453 2645 Ed.
1462 2629 1506 2637 —
1518 2613 1626 2656 Carpi

935 2663 1102 2698 dicuntur
1113 2675 1189 2709 quae
1204 2663 1334 2698 sensim
1348 2654 1618 2703 consumuntur,

938 2723 1178 2759 attenuantur,
1195 2715 1403 2761 perduntur.
1418 2716 1516 2762 Virg.
1534 2716 1621 2750 AEn.

940 2770 1007 2812 IV,
1024 2783 1042 2803 2
1056 2794 1066 2812 ,
1078 2781 1166 2802 ceco
1178 2771 1328 2812 carpitur
1337 2771 1424 2813 lyae.
1436 2768 1516 2803 Hoc
1529 2768 1622 2804 bene
