1832 3100
236 232 316 275 168

605 233 657 276 P.
691 233 931 278 OVIDII
969 232 1271 279 NASONIS

229 326 411 375 Dixerat
433 326 525 375 haee
548 327 700 378 Tellus
723 349 734 377 z
754 348 898 396 neque
915 330 1033 378 enim
1061 329 1246 391 tolerare
1270 347 1475 397 vaporem

230 403 430 452 Ulterius
452 407 623 471 potuit,
648 426 728 456 nec
753 408 895 456 dicere
915 407 1066 474 plura;
1093 426 1311 474 suumque

232 481 427 529 Rettulit
451 501 501 530 os
524 482 570 530 in
594 502 664 541 se,
688 484 987 550 propioraque
1008 483 1219 532 Manibus
1241 496 1377 533 antra.

295 559 359 607 At
381 571 505 625 pater
528 561 811 627 omnipotens
838 561 1030 628 Superos
1056 573 1262 619 testatus,
1286 573 1330 610 et
1350 561 1497 628 ipsum

233 637 326 701 Qui
354 637 531 687 dederat
555 658 731 696 currus,
756 638 843 686 nisi
867 657 996 705 opem
1022 637 1157 695 ferat,
1184 639 1331 687 omnia
1350 638 1445 686 fato

1583 649 1648 687 305

231 715 469 764 Interitura
495 717 639 778 gravi3
663 736 881 788 summam¹
903 717 1017 782 petit
1039 717 1202 765 arduus
1227 736 1395 777 arcem,

234 792 365 841 Unde
390 792 504 841 solet
527 792 627 841 latis
651 793 794 841 nubes
817 793 1023 842 inducere
1047 794 1201 851 terris;

236 869 367 917 Unde
391 880 537 917 movet
562 870 753 918 tonitrus
767 908 779 928 ,
803 871 1058 938 vibrataque
1080 871 1264 919 fulmina
1283 871 1429 935 jactat.

237 951 326 999 Sed
352 971 493 1017 neque
508 989 519 1009 ‚
546 971 654 1017 quas
678 964 831 1017 posset
853 953 980 1000 terris
1004 953 1230 1010 inducere,
1252 952 1394 1000 nubes

234 1029 362 1076 Tunc
386 1029 572 1085 habuit;
598 1047 701 1086 nec,
730 1048 841 1094 quos
866 1029 971 1077 caelo
992 1029 1253 1086 dimitteret,
1278 1029 1454 1076 imbres.

1589 1041 1654 1076 310

233 1106 419 1153 Intonat
437 1125 447 1153 :
470 1117 513 1154 et
531 1106 681 1154 dextra
708 1105 918 1154 libratum
940 1106 1106 1154 fulmen
1125 1107 1180 1154 ab
1202 1125 1304 1154 aure

234 1183 364 1230 Misit
387 1183 434 1230 in
457 1183 679 1247 aurigam;
705 1184 956 1250 pariterque
980 1184 1210 1250 animaque
1231 1183 1430 1248 rotisque

234 1264 447 1330 Expulit,
474 1276 519 1313 et
541 1265 664 1313 saevis
686 1267 959 1332 compescuit
980 1266 1159 1328 ignibus
1183 1265 1342 1328 ign'eSs

235 1347 587 1395 Consternantur
610 1347 734 1413 equi;
761 1359 805 1395 et
828 1346 944 1396 saltu
967 1348 1016 1396 in
1036 1347 1254 1396 contraria
1273 1345 1390 1394 facto

233 1489 326 1524 Plin.
339 1489 369 1532 I,
384 1489 491 1534 Epist.
503 1492 696 1524 1.-—·Berum
703 1503 846 1529 summe,
860 1490 917 1524 in-

237 1540 427 1574 columitati
437 1541 542 1575 totius
552 1541 713 1575 universi.
722 1542 779 1575 Sic
787 1554 917 1576 summa

236 1594 423 1636 relpublt'coe
440 1606 527 1638 saepe
557 1593 646 1638 apud
680 1593 915 1628 Ciceronem:

240 1643 318 1678 vide
333 1644 475 1679 Ernesti
489 1645 619 1679 clavem
636 1644 915 1680 Ciceronianam.

285 1695 361 1729 301.
384 1697 554 1739 Vaporem.
582 1694 703 1730 Codex
725 1696 856 1742 Regius
876 1696 917 1730 B.

241 1760 399 1792 vaporem
410 1748 505 1793 parvi
519 1748 672 1783 interest.
681 1767 726 1775 --
740 1750 788 1782 Os
799 1761 892 1782 suum
903 1776 911 1788 ,

242 1799 361 1835 Tellus
370 1826 379 1843 ,
391 1800 467 1834 Dea
480 1827 489 1843 ‚
503 1803 632 1834 rettulit
641 1803 676 1834 1'r1
687 1813 732 1840 se,
748 1801 783 1835 in
797 1801 919 1835 orbem

242 1859 428 1886 terrarum.
461 1851 628 1886 Ciosanus
653 1853 794 1897 putabat
814 1878 823 1895 ,
855 1852 921 1886 hoe

244 1902 388 1937 ductum
413 1916 484 1938 esse
508 1916 526 1936 a
547 1903 725 1938 volumine
742 1904 922 1948 serpentis.

243 1973 287 1980 —
316 1957 538 1999 Propioraque
560 1957 715 1988 manibus
737 1960 846 1988 antra.
880 1955 922 1990 ld

243 2012 297 2041 est
317 2006 497 2050 speluncas
523 2003 642 2040 inseris
663 2005 836 2041 finitimas.
858 2007 922 2040 Ed.

287 2058 361 2101 304.
401 2058 540 2101 Superos
572 2062 724 2091 testatus.
757 2058 923 2092 Testatur

247 2108 343 2143 Deos
358 2135 368 2153 ‚
395 2109 521 2154 quippe
544 2116 730 2143 necaturus
749 2109 925 2143 infelicem

248 2161 417 2206 aurigam.
427 2179 472 2186 —-
480 2161 646 2194 hammam
655 2174 764 2195 arcem
776 2188 782 2198 ,
796 2159 925 2195 altissi-

250 2224 346 2246 mam
363 2212 488 2246 mundi
505 2224 603 2246 oram
618 2213 706 2257 petit
717 2238 724 2250 ‚
748 2218 784 2246 et
798 2212 845 2246 sic
861 2226 926 2245 ar—

245 2269 332 2300 duus
341 2266 480 2311 erat.'—
488 2267 616 2306 Movet,
629 2266 753 2300 excitat
763 2275 769 2297 ε
780 2268 924 2309 vibrata,

250 2319 375 2364 agitata
389 2345 397 2363 ,
415 2318 522 2353 hastae
537 2318 656 2353 instar.
679 2318 744 2352 His
760 2317 926 2362 agitatio—

248 2372 351 2406 nibus
368 2371 579 2405 acceleratur
593 2371 702 2415 jactus
719 2370 778 2404 teli
794 2377 853 2404 aut
864 2370 927 2404 sul-

248 2423 363 2457 minis.
390 2423 475 2456 Mox
489 2425 643 2458 ll‘bratum
648 2422 783 2466 fulmen
800 2421 927 2456 eodem

250 2488 354 2510 sensu
369 2490 376 2515 ;
395 2489 478 2510 nam
488 2479 609 2510 librare
619 2489 670 2521 pr.
685 2475 727 2510 de
739 2482 838 2509 motu
851 2488 929 2509 ma—

252 2540 317 2561 nus
329 2553 338 2569 ‚
358 2540 427 2571 quo
445 2527 662 2572 exploramus
679 2526 844 2572 pondera.
872 2526 929 2562 Si-

253 2579 354 2612 miles
363 2586 479 2612 autem
490 2586 606 2613 motus
616 2579 745 2613 faciunt
754 2604 763 2622 ,
784 2579 842 2623 qui
853 2591 930 2613 ma-

253 2643 322 2676 gna
338 2630 370 2664 vi
388 2631 557 2675 projicere
575 2630 704 2676 aliquid
722 2631 854 2666 volunt.
873 2630 929 2665 Cs.

255 2682 423 2717 Arntzen.
443 2689 478 2716 et
494 2682 667 2716 Schwarz.
690 2682 733 2716 ad
757 2683 845 2717 Plin.
864 2683 930 2717 Pa-

252 2746 330 2780 neg.
345 2734 447 2770 XIII.
456 2751 500 2760 —-
510 2735 683 2770 Libratm
698 2737 742 2769 ab
757 2747 836 2770 aure
848 2747 948 2791 cumx

980 1490 1013 1523 vi
1030 1487 1209 1534 pingendi.
1226 1488 1347 1523 Jacula
1360 1487 1457 1523 enim
1469 1487 1658 1523 mittuntur

981 1541 1034 1575 vel
1053 1541 1094 1574 ab
1111 1553 1193 1574 aure
1206 1566 1215 1583 ,
1233 1541 1286 1574 vel
1303 1553 1322 1575 a
1336 1540 1442 1575 latere
1461 1553 1469 1575 :
1488 1539 1557 1574 vid.
1570 1538 1658 1574 Cer-

983 1592 1026 1626 da
1039 1591 1080 1626 ad
1096 1591 1216 1637 Virgil.
1229 1591 1370 1626 AEneid.
1384 1592 1435 1626 IX
1447 1618 1456 1635 ‚
1474 1593 1557 1638 4¹7³
1576 1591 1634 1626 ubi
1647 1616 1657 1634 ,

983 1656 1111 1678 summa
1125 1646 1225 1677 telum
1238 1646 1386 1677 librabat
1398 1646 1442 1677 ab
1455 1656 1544 1678 aare.
1561 1643 1658 1678 Nost.

983 1697 1074 1731 insra
1089 1709 1176 1730 vers.
1192 1696 1259 1739 624
1283 1708 1291 1729 :
1318 1698 1459 1730 malleus
1474 1697 1593 1737 dextra
1608 1698 1661 1731 li-
1695 1728 1697 1730 ,

984 1752 1098 1783 bratus
1107 1751 1151 1782 ab
1167 1761 1255 1782 aare.
1272 1747 1395 1782 Senec.
1411 1747 1454 1782 de
1467 1747 1590 1783 Benef.
1607 1747 1659 1788 II,

985 1799 1006 1833 6
1024 1812 1031 1833 :
1045 1801 1215 1845 Infinitum
1230 1803 1366 1834 interest
1376 1825 1384 1838 ,
1401 1804 1508 1833 utrum
1519 1811 1662 1833 excusso

984 1855 1108 1887 lacerto
1127 1855 1195 1886 tela
1211 1856 1441 1897 torqueantur,
1461 1864 1508 1886 an
1523 1854 1663 1886 remissa

987 1918 1087 1938 manu
1102 1903 1251 1949 effluant.

1032 1957 1107 1990 312.
1133 1958 1260 1991 Anima
1280 1958 1416 2000 expulit.
1442 1955 1525 1990 Vita
1547 1955 1665 2001 priva-

988 2008 1055 2048 vit,
1072 2015 1110 2051 et
1120 2011 1202 2042 rotis
1212 2035 1220 2047 ‚
1240 2021 1345 2042 curru
1357 2007 1494 2052 dejecit.
1503 2007 1666 2042 Animam

988 2062 1149 2103 expellere
1167 2066 1218 2094 est
1234 2059 1322 2093 insra
1342 2059 1395 2093 Vl
1407 2085 1417 2102 ‚
1434 2059 1510 2093 618.
1522 2058 1665 2093 Durum

991 2111 1133 2157 quidem
1150 2117 1201 2145 est
1216 2115 1332 2145 anima
1343 2113 1503 2154 expellere
1513 2137 1522 2150 ‚
1541 2111 1666 2145 seren-

991 2163 1074 2197 dum
1106 2170 1224 2197 tamen
1253 2163 1290 2197 in
1321 2170 1424 2208 poeta
1437 2188 1446 2206 ‚
1474 2163 1668 2208 praesertim

991 2228 1100 2260 quum
1113 2219 1196 2250 rotis
1205 2214 1362 2249 addatur.
1370 2215 1470 2260 Saepe
1478 2215 1574 2249 enim
1583 2214 1668 2248 duo-

991 2266 1054 2301 bus
1071 2266 1213 2301 diversis
1229 2266 1430 2300 nominibus
1449 2278 1561 2300 unum
1579 2278 1667 2299 ver—

990 2319 1076 2353 bum
1101 2319 1148 2353 sic
1180 2318 1472 2353 accommodatur.
1500 2317 1669 2352 Similiter

993 2377 1111 2404 autem
1124 2364 1202 2405 'sere
1224 2370 1358 2405 locutus
1374 2376 1424 2403 est
1442 2368 1533 2404 Ptin.
1552 2367 1645 2403 VIII
1657 2394 1667 2412 ,

992 2423 1057 2468 Ep.
1075 2435 1113 2458 lv
1130 2437 1137 2457 :
1154 2426 1293 2458 Pulsum
1308 2425 1400 2466 regia
1411 2448 1420 2461 .
1434 2424 1568 2466 pulsum
1585 2424 1670 2455 vita.

990 2493 1035 2501 —
1045 2476 1231 2519 Saeoiignes
1240 2502 1248 2515 ‚
1265 2475 1290 2508 J
1292 2474 1363 2508 ovis
1376 2473 1523 2508 fulmina
1536 2499 1545 2516 ,
1564 2480 1603 2508 ut
1616 2473 1670 2509 IV

993 2528 1098 2562 Trist.
1116 2538 1161 2562 111
1172 2553 1181 2570 ,
1205 2527 1258 2574 69.
1275 2527 1370 2561 Male
1384 2526 1490 2572 igitur
1506 2525 1541 2560 h.
1556 2525 1579 2560 l.
1591 2525 1671 2571 qui-

994 2578 1075 2612 dam
1089 2605 1096 2618 ‚
1116 2591 1230 2612 samos.

1038 2630 1113 2663 313.
1132 2631 1283 2674 Expulit.
1311 2628 1410 2664 Olim
1434 2628 1517 2662 edit.
1541 2628 1668 2667 Exuit,

995 2681 1088 2727 quod
1106 2688 1142 2715 et
1157 2681 1298 2727 plurimi
1317 2680 1431 2715 Codd.
1447 2680 1588 2714 habent.
1604 2678 1671 2737 ᾼῙ-

994 2741 1111 2770 terum
1123 2760 1133 2778 ,
1157 2741 1197 2768 ut
1214 2740 1249 2769 et
1267 2734 1493 2769 Burmannus
1509 2736 1647 2766 monuit
1659 2755 1668 2772 ,
