1832 3100
317 270 365 296 10
831 255 1218 299 PRAEFATIO

306 363 456 392 omnes
476 345 698 393 communi
721 347 1068 413 metamorphosi
1099 346 1421 414 complectitur..
1450 347 1563 412 Quae
1585 347 1717 415 paulo

307 443 406 480 ante
425 431 478 480 de
498 432 613 480 saxis
638 431 747 491 dixi,
772 453 822 482 ea
845 446 888 483 et
907 434 959 482 de
977 453 1090 501 aqua
1112 433 1268 492 valent,
1296 434 1383 483 Sed
1397 434 1444 482 in
1455 433 1590 500 hujus
1604 455 1718 503 quo-

307 540 391 586 que
412 522 673 571 uniformem
687 534 887 571 naturam
900 523 1167 573 mutationes
1186 524 1376 573 suaviter
1387 535 1548 587 narrat.
1564 523 1713 596 Quae,

306 609 368 667 V,
395 610 515 671 428,

383 743 387 752 .
413 747 423 756 .
441 746 451 755 .
468 747 477 757 .
508 719 679 768 Quarum
695 718 816 759 fuerat
833 733 1009 774 magnum
1032 720 1148 760 modo
1167 735 1333 772 numen,
1351 721 1392 760 in
1413 720 1494 761 illas

410 789 647 829 Extenuatur
665 804 779 843 aquas
796 806 804 829 :
822 788 961 830 molliri
981 790 1145 830 membra
1164 791 1332 848 videres,

411 858 507 898 Ossa
528 859 603 912 pati
624 859 761 908 flexus,
779 873 926 915 ungues
943 859 1116 913 posuisse
1136 861 1302 916 rigorem
1323 877 1334 901 ι

410 930 607 982 Primaque
628 930 673 970 de
696 938 775 970 tota
795 931 1013 970 tenuissima
1033 945 1196 984 quaeque
1216 932 1453 985 liquescunt,

411 999 573 1039 Caerulei
594 1001 714 1040 crines
725 1031 737 1050 ,
755 1000 938 1055 digitique
949 1031 962 1052 ‚
977 1010 1016 1040 et
1033 1015 1142 1041 crura
1153 1032 1164 1051 ,
1179 1002 1393 1055 pedesque;

409 1070 505 1109 Nam
524 1070 646 1111 brevis
663 1072 702 1110 in
719 1071 858 1126 gelidas
872 1072 1049 1113 membris
1064 1073 1222 1113 exilibus
1237 1073 1355 1114 undas

410 1140 609 1180 Transitus
628 1149 685 1180 est
701 1156 709 1180 :
725 1149 813 1195 post
831 1142 912 1182 haec
935 1150 1183 1199 tergumque,
1202 1143 1449 1197 humerique,
1466 1143 1657 1198 latusque,

410 1213 646 1266 Pectoraque
666 1214 705 1252 in
727 1221 860 1254 tenues
882 1213 1023 1254 abeunt
1045 1214 1199 1256 evanida*
1215 1215 1331 1256 rivos.

405 1284 581 1337 Denique
603 1300 674 1338 pro
696 1285 784 1326 vivo
802 1287 946 1327 vitiatas
964 1288 1144 1342 sanguine
1163 1301 1275 1327 venas

344 1367 349 1375 s
409 1354 580 1408 Lympha
600 1355 719 1406 subit,
739 1365 930 1410 restatque
949 1357 1067 1408 nihil,
1090 1357 1196 1410 quod
1213 1357 1396 1412 prendere
1414 1357 1547 1413 possis.

302 1446 430 1496 Tolle
451 1447 583 1497 verba
606 1449 723 1497 Nam
743 1449 869 1498 brevis
906 1479 956 1487 -
986 1450 1033 1498 T
1031 1451 1204 1499 ransitus
1223 1460 1284 1499 est
1299 1490 1312 1507 ,
1352 1450 1517 1517 quibus
1539 1450 1719 1499 minime

305 1556 418 1604 opus
436 1549 551 1596 erat,
574 1550 618 1586 et
634 1538 803 1605 reliqua
821 1539 1024 1607 praeclare
1041 1560 1086 1590 se
1099 1540 1279 1590 habent.
1297 1542 1493 1599 Rursus,
1513 1540 1570 1598 V,
1591 1538 1684 1587 632
1704 1575 1716 1596 ,

302 1627 525 1677 Arethusa
546 1628 599 1678 de
622 1649 694 1678 se:

359 1764 363 1767 -
411 1736 586 1788 Occupat
606 1734 780 1776 obsessos
799 1735 915 1783 sudor
936 1736 1029 1776 mihi
1050 1736 1206 1792 frigidus
1226 1745 1350 1786 artus,

412 1806 674 1859 Caeruleaeque
695 1805 833 1846 cadunt
851 1814 934 1846 toto
951 1808 997 1846 de
1017 1821 1179 1861 corpore
1199 1815 1341 1863 guttae3
1369 1858 1371 1862 Α

410 1877 573 1929 Quaque
592 1875 725 1930 pedem
745 1877 869 1927 movi,
891 1884 1015 1916 manat
1030 1877 1139 1917 locus
1153 1907 1165 1927 ,
1182 1892 1280 1930 eque
1303 1875 1445 1931 capillis

407 1950 489 1988 Ros
512 1949 620 1989 cadit.

303 2044 531 2093 Interdum
544 2045 760 2094 nonnulla
770 2045 884 2098 fiunt
901 2046 1016 2114 inter
1029 2041 1335 2117 mutationem,
1352 2032 1429 2091 aut
1437 2041 1721 2109 proferuntur

304 2134 359 2182 ab
381 2134 457 2191 iis,
485 2153 598 2200 quos
619 2133 760 2181 fatum
778 2133 904 2181 illud·
917 2133 1150 2200 opprimit,
1164 2116 1323 2198 vliuns,
1350 2128 1443 2198 575
1463 2151 1561 2199 sqq.
1577 2169 1589 2190 ,
1617 2131 1720 2180 dum

308 2222 490 2272 Cadmus
512 2236 556 2272 et
577 2224 810 2272 Harmonia
833 2236 1059 2290 serpentes
1080 2223 1216 2281 fiunt;
1235 2234 1280 2271 et
1295 2224 1384 2281 IX,
1409 2221 1523 2280 355,
1541 2222 1719 2288 Dryope

306 2313 451 2361 arbor.
479 2314 595 2362 Sunt
618 2315 749 2363 etiam
771 2313 956 2372 fabulae,
983 2313 1028 2361 in
1054 2313 1217 2380 quibus
1231 2312 1444 2361 'transitus
1459 2312 1556 2378 ipse
1567 2310 1720 2379 paucis

305 2415 590 2462 memoratur,
616 2403 694 2452 sed
714 2396 1023 2470 descriptionis
1042 2402 1141 2451 loco
1166 2401 1434 2468 comparatio
1456 2398 1644 2450 additur.
1665 2399 1718 2448 Id

308 2492 435 2557 quale
459 2493 536 2551 sit,
563 2511 615 2540 ex
632 2494 723 2550 IX,
745 2476 947 2558 219-25,
973 2503 1017 2538 et
1036 2490 1148 2549 266,
1174 2488 1467 2552 intelligitur:

356 2594 358 2597 .
408 2609 542 2660 thue
562 2622 685 2648 novus
705 2598 856 2661 serpens
870 2636 881 2657 ,
900 2607 1022 2661 posita
1044 2621 1130 2646 cum
1146 2606 1243 2660 pelle
1262 2614 1435 2656 senecta,

407 2677 613 2717 Luxuriare
633 2676 749 2726 solet,
770 2688 996 2729 squamaque
1016 2675 1135 2717 virere
1157 2675 1323 2723 recenti3

412 2746 473 2785 Sic
496 2745 560 2785 ubi
579 2744 754 2785 mortales
772 2745 998 2797 Tirynthius
1017 2745 1119 2784 exuit
1133 2752 1259 2792 artus,
