1832 3100
307 265 385 320 140

672 269 723 310 P.
761 269 998 313 OVIDII
1030 268 1331 313 NASONIS

299 357 585 424 Fluminaque
600 396 611 415 ‚
638 370 682 406 et
702 360 947 427 Nymphas,
972 372 1016 409 et
1039 372 1189 409 caetera
1212 362 1392 410 numina
1414 362 1541 410 ruris.

299 437 402 483 Haec
426 455 558 501 super
578 436 784 502 imposita
806 449 873 486 est
896 436 987 486 caeli
1012 437 1220 500 fulgentis
1239 437 1384 501 imago
1406 458 1415 495 ;

299 512 519 578 Signaque
544 533 618 561 sex
640 514 812 563 foribus
836 515 1018 572 dextris,
1046 514 1315 580 totidemque
1338 514 1536 564 sinistris.

298 590 403 653 Quo
433 589 562 638 simul
585 590 746 639 acclivo
773 591 1020 658 Clymeneia
1039 591 1176 640 limite
1198 591 1344 658 proles

295 666 449 724 Venit,
474 679 517 715 et
539 667 717 716 intravit
738 668 929 717 dubitati
955 681 1067 717 tecta
1091 669 1309 735 parentis;
1664 693 1706 717 20

296 743 507 792 Protinus
529 745 584 793 ad
605 746 771 812 patrios
794 766 872 795 sua
896 747 981 795 fert
1003 746 1184 810 vestigia
1206 745 1354 795 vultus
1373 764 1384 804 ;

298 820 600 888 Consistitque
624 823 779 889 procul
800 845 809 871 :
833 843 974 891 neque
1000 825 1116 873 enim
1138 824 1348 891 propiora
1369 823 1539 874 ferebat
1565 828 1570 833 ’

294 900 493 947 Lumina.
523 901 749 967 Purpurea
769 902 935 951 velatus
958 915 1075 951 veste
1100 902 1281 951 sedebat

295 981 346 1027 In
371 980 481 1028 solio
507 982 725 1041 Phoebus,
751 982 878 1032 claris
900 983 1072 1032 lucente
1095 983 1351 1046 zmaragdis.

295 1061 337 1107 A
361 1060 512 1109 dextra
536 1061 726 1129 laevaque
742 1101 753 1121 ‚
780 1065 908 1122 Dies,
935 1077 979 1113 et
1002 1066 1193 1122 Mensis,
1215 1076 1256 1112 et
1277 1066 1456 1121 Annus,
1666 1077 1708 1112 25

295 1142 559 1209 SecuIaque,
587 1156 629 1192 et
649 1145 807 1210 positae
830 1145 984 1211 spatiis
1007 1144 1249 1211 aequalibus
1273 1146 1407 1193 Horae
1426 1164 1436 1191 :

296 1225 472 1291 Verque
497 1245 660 1274 novum
684 1227 848 1284 stabat,
874 1226 1062 1275 cinctum
1087 1226 1268 1275 florente
1296 1243 1486 1274 corona:

340 1386 351 1405 1
360 1385 388 1417 7.
404 1373 489 1406 Caeli
497 1376 619 1417 imago,
634 1373 758 1408 eaelum
771 1373 948 1418 :fulgentis
957 1400 966 1414 ‚

294 1423 439 1467 stellati,
462 1428 651 1469 αἰγλήεντος,
674 1426 854 1476 Sug-epicuru.

342 1476 390 1510 18.
407 1477 511 1520 &gna
525 1477 726 1522 simpliciter
742 1477 907 1512 dicuntur
921 1477 969 1511 si-

294 1525 379 1560 dera
401 1527 563 1571 zodiaci,
590 1540 666 1572 quae
686 1535 864 1562 certorum
887 1528 970 1562 ani—

294 1578 469 1612 mantium
480 1605 489 1622 ‚
515 1579 729 1624 aliarumque
746 1593 867 1614 rerum
883 1592 970 1624 spe-

293 1630 385 1664 ciem
406 1632 538 1665 referre
563 1638 752 1676 putantum
779 1631 874 1665 unde
891 1632 970 1664 Zo-

293 1681 411 1717 diacus
425 1682 495 1727 ipse
512 1683 654 1727 stgrm'fiv·
670 1684 771 1717 orbis.
795 1682 868 1718 Cic.
890 1682 970 1716 Div.

295 1734 331 1768 ΙΙ
347 1759 356 1777 ,
382 1735 435 1778 45.
462 1735 545 1769 Jam
569 1735 642 1770 haec
665 1735 851 1770 duodecim
873 1735 971 1780 signa

295 1794 388 1821 secat
412 1787 586 1832 AEquator
608 1789 654 1823 ita
669 1815 679 1832 ,
706 1795 744 1823 ut
765 1802 822 1823 sex
841 1788 910 1823 sint
934 1787 970 1821 in

295 1846 392 1883 parte
418 1841 721 1884 septemtrionali,
754 1840 970 1885 totidemque

296 1891 332 1925 in
357 1892 506 1926 australi.
534 1893 613 1927 Hoc
636 1893 740 1938 igitur
761 1899 973 1938 expresserat

298 1944 443 1979 Vulcan.
464 1958 574 1990 quum
593 1945 773 1980 dimidiam
791 1946 972 1991 signorum

298 2003 435 2041 partem
456 1997 585 2033 dextris
609 1999 740 2033 foribus
764 1998 971 2042 addidisset,

299 2047 482 2082 dimidiam
497 2049 652 2085 sinistris.

346 2100 467 2147 19—30.
483 2102 556 2144 Quo
564 2104 668 2135 simul
673 2105 810 2136 acclivo.
830 2102 974 2136 Interna

296 2154 400 2200 regiae
409 2153 521 2188 facies.
532 2173 577 2181 —
586 2156 737 2196 Acclt'vo,
755 2155 835 2200 quia
845 2154 974 2200 templa

298 2205 336 2239 in
361 2203 463 2239 editis
486 2205 559 2239 sere
586 2205 667 2239 locis
693 2206 775 2251 poni
807 2206 974 2239 solebant.

298 2258 468 2301 Purpurea
478 2263 572 2291 veste
586 2256 706 2300 velati,
725 2264 802 2300 aut,
821 2256 975 2302 epitheto

300 2309 407 2344 veluti
422 2308 585 2355 proprio,
597 2321 752 2353 purpuras
766 2308 893 2353 ubique
910 2321 975 2342 re-

299 2375 357 2408 ges
366 2361 593 2397 inducuntur.
604 2361 755 2396 Praetere
760 2374 778 2395 a
780 2373 975 2404 purpureum

302 2416 451 2450 omnino
466 2414 622 2450 lucidum
636 2421 672 2449 et
683 2414 905 2460 splendidum
918 2426 975 2448 co-

298 2469 411 2503 lorem
420 2468 590 2514 significat
598 2481 606 2503 :
615 2468 708 2502 unde
713 2480 905 2511 purpureum
915 2466 976 2500 So·

299 2521 340 2556 lis
350 2524 457 2556 lumea
470 2521 566 2567 Virg.
578 2521 660 2554 AEn.
672 2520 738 2563 VI,
752 2520 813 2563 641
821 2545 830 2562 ,
842 2525 877 2553 et
887 2518 976 2553 alibi.

347 2586 399 2606 21.
431 2574 519 2606 Fert.
550 2572 699 2607 Plurimi
725 2574 843 2611 vertit,
884 2569 977 2615 quod

305 2624 468 2670 exemplis
479 2625 624 2660 illustrat
634 2625 756 2659 Heius.
770 2623 841 2659 Sed
851 2630 886 2658 et
888 2622 979 2666 serre

304 2681 456 2720 vestigia,
475 2679 610 2720 gradus,
623 2679 725 2720 pedes
738 2677 827 2710 bene
841 2675 976 2717 dicitur,

305 2736 474 2764 monente
488 2729 880 2762 Burmanno.—Noster
891 2739 980 2771 quo-

307 2796 372 2828 que
392 2783 434 2818 R.
455 2782 496 2816 A.
514 2784 563 2817 ad
568 2785 699 2825 patrios
715 2784 815 2815 vertit
829 2782 978 2823 vesltgrt'a.

1080 1373 1133 1406 23.
1146 1373 1299 1406 Lumina.
1312 1371 1384 1406 Pro
1394 1371 1541 1405 lumina
1551 1370 1709 1404 Francos.

1036 1427 1184 1461 Numina
1193 1452 1202 1466 ‚
1236 1424 1330 1470 quod
1352 1424 1548 1458 Burmann.
1573 1430 1707 1458 rectum

1036 1478 1178 1523 putabat
1190 1504 1199 1520 ,
1229 1477 1307 1522 quia
1324 1489 1440 1511 numen
1459 1475 1578 1510 videre
1602 1476 1709 1510 nefas.

1038 1531 1153 1564 Immo
1165 1529 1313 1564 alterum
1324 1528 1456 1562 melius.
1473 1530 1602 1562 Numen
1612 1527 1711 1562 vide—

1035 1583 1095 1617 bat
1112 1583 1217 1616 etiam
1236 1582 1378 1626 procul,
1371 1596 1378 1603 ·
1403 1579 1462 1616 sed
1475 1580 1606 1614 lumina
1622 1592 1710 1625 pro-
1772 1611 1774 1613 ,

1036 1632 1133 1679 piora
1157 1646 1230 1668 non
1255 1633 1397 1666 ferebat.
1430 1630 1484 1666 Cf.
1513 1633 1556 1674 4ο
1574 1643 1647 1676 sqq.
1667 1648 1711 1657 ·—-

1035 1686 1244 1728 Zmaragdt's.
1247 1682 1479 1718 Scribendum
1487 1694 1557 1716 esse
1565 1694 1714 1726 zmarag-

1036 1738 1109 1775 dus,
1123 1749 1196 1770 non
1207 1737 1413 1778 smaragdus,
1427 1727 1712 1768 doeetBrouckh

1037 1787 1080 1821 ad
1098 1787 1334 1832 Propert.11‚
1355 1783 1711 1828 x111‚43.Eth.l.sic

1037 1852 1160 1874 omnes
1176 1839 1283 1874 MSS.
1297 1857 1341 1864 ——
1362 1839 1550 1881 Zmaragdo
1568 1836 1713 1871 tertium

1037 1895 1131 1928 inter
1155 1906 1308 1938 gemmas
1332 1893 1447 1927 locum
1471 1891 1592 1926 tribuit
1620 1890 1713 1925 Plin.

1039 1947 1130 1981 Hist.
1152 1947 1275 1981 Natur.
1298 1944 1498 1987 XXXVII,
1518 1945 1558 1986 5,
1585 1941 1712 1988 quippe

1038 1999 1136 2043 eujus
1151 1997 1294 2043 insignis
1304 1996 1457 2031 viriditas
1467 2007 1652 2054 nunquam
1658 2007 1714 2029 sa—

1039 2051 1101 2085 tiet
1125 2050 1261 2093 oculos,
1291 2061 1349 2084 eos
1378 2048 1493 2094 potius
1523 2046 1711 2108 gratissime

1039 2109 1184 2137 recreet.

1082 2156 1134 2188 25.
1151 2154 1187 2188 A
1202 2154 1320 2187 dextra
1333 2149 1713 2197 etc.1ngeniosumfig—

1038 2213 1222 2248 mentum,
1253 2217 1324 2249 quo
1347 2203 1596 2239 vicissitudines
1621 2209 1713 2236 tem-

1039 2258 1133 2304 poris
1144 2285 1153 2301 ,
1176 2270 1253 2302 quae
1267 2255 1469 2291 efficiuntur
1484 2255 1630 2289 decursu
1645 2253 1714 2288 So-

1039 2311 1079 2345 lis
1091 2337 1100 2354 ,
1120 2317 1234 2344 sumta
1257 2308 1368 2354 specie
1391 2304 1619 2353 personarum
1637 2304 1713 2339 cir-

1040 2368 1214 2397 cumstant
1230 2387 1240 2403 ,
1259 2373 1299 2394 ex
1324 2366 1421 2404 parte
1447 2369 1528 2392 cum
1543 2355 1715 2391 attributis

1040 2415 1128 2454 suis,
1146 2414 1220 2457 ejus
1234 2411 1369 2447 solium.

1085 2465 1136 2499 αθ.
1153 2465 1263 2497 Horoe.
1276 2462 1364 2497 Solis
1375 2461 1561 2503 ministrae,
1579 2459 1714 2502 coelija-

1041 2516 1180 2551 nitrices
1192 2542 1201 2559 ,
1215 2520 1344 2565 πυλωροὶ
1356 2520 1408 2550 τοῦ
1422 2516 1552 2564 δυρανοῦ.
1566 2512 1714 2546 Homer.

1043 2569 1083 2602 Il.
1109 2575 1135 2603 E
1153 2593 1162 2610 ,
1188 2570 1278 2602 πύλαι
1300 2570 1393 2612 μύκον
1421 2567 1540 2612 οὐρανοῦ
1557 2590 1566 2607 ,
1587 2564 1631 2602 ἃς
1647 2577 1715 2606 ιχον

1044 2637 1118 2670 mpori
1136 2626 1200 2653 etc.
1219 2620 1283 2653 Ed.

1087 2686 1139 2716 27.
1172 2674 1266 2706 Ver...
1297 2683 1413 2705 novum
1429 2697 1438 2710 ‚
1465 2668 1591 2702 dicitur
1606 2693 1615 2710 ,
1636 2666 1715 2711 quia

1044 2731 1095 2759 est
1118 2723 1258 2758 initium
1277 2722 1358 2756 anni
1383 2720 1475 2756 novi.
1490 2720 1711 2757 —Flore'nle‚

1045 2790 1063 2810 e
1090 2776 1232 2811 floribus
1245 2801 1254 2818 ,
1274 2780 1444 2819 proventu
1467 2783 1576 2805 verno
1589 2796 1598 2813 ,
1619 2782 1715 2804 nexa.
