1832 3100
256 255 314 310 54

624 256 675 297 P.
709 229 942 301 o‘vmn
975 255 1278 302 NAsoms

255 347 408 410 Quum
422 384 433 404 ‚
461 365 556 412 quae
579 365 728 414 pressa
752 346 828 395 diu
851 366 992 395 massa
1013 347 1177 397 latuere
1202 349 1285 398 sub
1308 349 1382 398 illa
1398 387 1411 408 ‚

254 428 407 477 Sidera
431 441 655 495 coeperunt
678 441 774 477 toto
798 429 1075 490 effervescere
1098 430 1215 479 caelo.

254 511 352 557 Neu
371 509 492 572 regio
512 510 627 559 foret
651 510 741 559 ulla
764 511 854 559 suis
876 511 1168 560 animantibus
1191 512 1324 571 orba,

254 592 389 640 Astra
413 603 562 640 tenent
585 592 751 641 caeleste
776 592 942 650 solum,
967 592 1205 659 formaeque
1230 584 1452 643 Deorum:

259 674 496 722 Cesserunt
518 674 670 722 nitidis
696 674 944 723 habitandae
967 674 1164 741 piscibus
1187 675 1346 724 undae:

255 756 395 804 Terra'
411 755 523 804 feras
547 756 663 823 cepit
688 776 698 805 τ
723 756 921 805 volucres
946 757 1166 820 agitabilis
1189 776 1273 805 aer.
1627 773 1670 819 75

258 838 460 887 Sanctius
484 838 553 886 his
578 838 759 897 animal,
783 839 1028 905 mentisque
1054 839 1253 906 capacius
1276 838 1373 888 altae

256 920 418 968 Deerat
441 920 582 969 adhuc
596 958 607 979 ,
633 932 677 969 et
701 920 822 987 quod
848 920 1064 984 dominari
1087 921 1134 969 in
1157 932 1296 970 cetera
1314 932 1478 987 posset.

256 1053 350 1098 pavit
365 1080 373 1093 ,
409 1060 444 1088 et
467 1053 667 1087 defenditur
697 1066 716 1087 a
746 1052 934 1087 Gebhardo

262 1104 368 1150 Crep.
385 1105 401 1139 I
415 1131 424 1148 ‚
449 1105 470 1138 6
484 1118 492 1145 ;
518 1117 718 1149 quanquam
734 1117 857 1150 parum
874 1105 936 1138 di·-

262 1170 370 1202 gnum
389 1163 441 1191 cst
452 1156 630 1200 majestate
646 1154 832 1191 Creatoris.
846 1157 936 1191 Edd.

260 1208 411 1254 antiquae
423 1235 432 1252 ‚
463 1211 671 1243 discreverat.
688 1209 802 1244 Gisan.
820 1209 938 1244 mallet

259 1263 488 1304 descripserat.
506 1262 696 1304 DIE-sepire,
721 1260 913 1295 describere
926 1286 935 1304 ,

259 1312 407 1346 verbum
432 1313 534 1357 paulo
556 1312 667 1346 rarius
698 1319 731 1347 et
752 1313 938 1358 poeticum.

261 1365 399 1400 Lucret.
418 1366 434 1400 I
447 1392 456 1409 ‚
483 1366 547 1413 998
569 1379 577 1399 :
594 1379 654 1399 aer
667 1368 809 1410 cll‘ssepl'l
824 1368 936 1400 colles.

263 1417 386 1452 Senec.
415 1417 512 1451 Med.
536 1418 618 1457 335,
643 1417 731 1451 sorte
758 1431 798 1451 ex
818 1425 939 1452 nostro

261 1469 337 1503 loco
360 1482 367 1503 ε
391 1471 485 1503 Bene
508 1471 652 1512 dllsseptr'
661 1469 793 1513 saedera
817 1472 940 1504 mundi,

307 1536 323 1567 7
332 1535 343 1555 1
351 1547 358 1553 .
374 1521 600 1566 Effirvescere
607 1521 710 1555 etiam
722 1516 919 1566 exquisitius
928 1547 938 1565 ,

265 1585 368 1616 quam
380 1573 471 1617 quod
487 1572 540 1607 alii
553 1598 562 1616 ‚
576 1586 616 1606 ex
628 1573 914 1618 interpretatione
929 1599 939 1617 ,

264 1625 394 1659 habent
408 1640 415 1667 ;
433 1625 546 1660 sidera
561 1625 656 1658 enim
673 1633 755 1659 sunt
769 1625 942 1671 ignesfi’r-

265 1684 385 1717 rentes,
399 1679 586 1722 etseras‘dus
593 1678 640 1712 sol
651 1679 774 1723 passim
783 1678 942 1713 occurrit.

266 1731 397 1765 Lenzio
421 1730 503 1765 Ιιξν.
526 1729 620 1764 idem
638 1743 708 1765 esse
732 1730 915 1773 videbatur
931 1756 940 1774 ‚

267 1782 360 1827 quod
377 1796 463 1817 vers.
481 1797 520 1828 27
534 1809 543 1825 ‚
561 1785 720 1822 emicare,
741 1789 774 1815 et
793 1782 943 1816 celerem

268 1843 407 1869 motum
432 1835 468 1870 in
499 1835 678 1880 superiora
704 1834 777 1868 loca
802 1833 943 1880 signifi-

267 1888 495 1922 care.Verum
504 1895 588 1922 tunc
594 1888 715 1922 saltem
721 1886 878 1922 scribend
884 1900 944 1920 um

267 1941 285 1974 s
285 1941 386 1974 uisset
394 1940 607 1984 cffireescere
617 1943 652 1973 in
661 1941 785 1978 coelum,
798 1945 838 1973 ut
848 1938 945 1985 Virg.

268 1991 397 2037 Georg.
408 1991 463 2025 lib.
480 1992 509 2034 I,
524 1993 600 2038 471,
615 1990 770 2036 effervere
784 1993 820 2024 iu
835 2004 944 2034 agros.

268 2045 562 2088 -Esservescera
587 2045 676 2079 Edd.
701 2045 851 2090 antiquae
868 2043 947 2088 fal-

268 2110 399 2142 gescere
411 2124 419 2135 ‚
437 2097 544 2130 MSS.
561 2097 715 2142 plerique
728 2124 735 2137 ‚
755 2097 848 2142 iique
862 2110 946 2132 me-

268 2147 372 2185 liores
378 2150 564 2193 firvescere
581 2149 687 2194 (quod
706 2149 838 2194 primus
855 2150 947 2185 Asu-

271 2203 371 2243 lanus
386 2199 562 2248 amplexus
575 2203 640 2244 est)
654 2208 714 2235 aut
727 2201 946 2244 tffirrescere.

274 2256 355 2289 Hoc.
371 2254 568 2299 exquisitius
591 2253 646 2288 atii
662 2254 699 2287 in
718 2254 869 2299 vulgaria
890 2254 948 2288 illa

273 2314 308 2340 et
333 2307 432 2341 obvia
456 2309 636 2340 clarescere
663 2313 698 2340 et
726 2308 950 2349 splendescere

274 2366 466 2394 mutarunt.

322 2426 371 2456 72.
390 2412 483 2451 Suis,
502 2410 565 2444 sibi
583 2410 738 2455 propriis.

319 2464 370 2508 73.
393 2463 509 2496 Etiam
531 2466 625 2495 astra
641 2469 722 2496 sunt
741 2464 946 2502 animantia,

274 2516 311 2550 in
324 2515 444 2560 primis
456 2528 495 2548 ex
506 2522 624 2549 mente
643 2514 840 2548 Stoicorum
853 2513 949 2548 :vide

281 2568 354 2602 Cic..
367 2569 410 2602 N.
427 2568 469 2602 D,
486 2568 543 2611 11,
565 2568 604 2602 15
618 2574 653 2601 et
670 2581 706 2601 21
723 2593 732 2610 ,
751 2578 950 2612 quanquam

279 2628 315 2654 et
331 2633 371 2654 ex
387 2619 551 2663 opinione
568 2619 669 2664 vulgi.
687 2618 774 2654 Inde
796 2622 882 2652 Inter
895 2621 951 2652 si—

277 2674 357 2706 dera
374 2670 501 2716 referri,
523 2671 642 2704 Deum
659 2670 746 2705 fieri.
756 2689 800 2696 —
819 2672 954 2705 Coeleste

277 2725 404 2763 solam,
434 2722 556 2756 caelum
578 2728 744 2766 tanquam
763 2722 953 2767 pavimen—

280 2782 356 2809 tum
370 2800 379 2819 ,
394 2786 462 2819 quo
473 2774 636 2808 insistunt
646 2772 776 2817 :formoe
786 2776 931 2808 Deorum
942 2799 952 2815 ,

999 1053 1111 1088 sidera
1120 1080 1130 1097 ‚
1145 1066 1222 1099 quae
1235 1053 1410 1087 habentur
1419 1052 1565 1086 numina
1578 1060 1586 1084 :
1594 1051 1675 1096 fhr-

1000 1120 1056 1141 ma
1067 1134 1075 1144 .
1092 1111 1220 1150 species
1232 1113 1267 1140 et
1277 1105 1401 1140 similia
1411 1105 1605 1141 inserviunt
1616 1117 1675 1151 pe-

1000 1157 1157 1203 riphrasi.
1174 1158 1269 1192 Infra
1287 1157 1322 1192 II
1334 1184 1343 1198 ‚
1368 1157 1409 1202 78
1425 1155 1675 1200 :sormaefi'ra-

1000 1223 1090 1254 rum‚·
1103 1211 1201 1257 Virg.
1212 1211 1295 1245 AEn.
1311 1210 1407 1254 VII,
1425 1209 1610 1254 18‚somta¹
1620 1211 1676 1243 lu·-

995 1274 1127 1307 porum;
1146 1262 1219 1297 Cic.
1231 1263 1275 1297 N.
1288 1262 1333 1296 D.
1347 1262 1384 1296 II
1394 1287 1404 1305 ‚
1423 1262 1466 1305 4ο
1475 1287 1486 1306 ,
1497 1260 1610 1295 sidera
1621 1259 1677 1294 di-

1001 1322 1130 1351 cuntur
1129 1313 1249 1358 formoe
1257 1317 1373 1359 ignem·
1391 1311 1538 1348 Heroid.
1550 1313 1584 1347 X
1593 1338 1604 1356 ‚
1618 1313 1674 1360 95,

1001 1369 1182 1401 simulacra
1194 1368 1339 1401 Deorum
1350 1369 1445 1400 astra
1455 1369 1490 1400 et
1491 1363 1629 1409 forma,
1647 1364 1678 1405 ἓν,

1004 1423 1058 1456 διὰ
1076 1424 1168 1456 δυοῖν.

1048 1471 1098 1517 74.
1123 1473 1260 1506 Νιϊιᾈιὶς.
1293 1472 1363 1506 Pro
1387 1469 1536 1516 eleganti
1559 1470 1678 1503 mavis

1004 1524 1127 1559 Heins-
1143 1524 1235 1568 conj.
1252 1527 1353 1557 muttlr
1364 1550 1372 1563 ,
1399 1529 1459 1557 aut
1472 1524 1586 1562 sirmtr,
1618 1527 1678 1555 aut

1003 1577 1095 1615 udis,
1118 1587 1268 1620 quorum
1280 1574 1436 1619 primum
1450 1573 1587 1619 vulgare
1600 1597 1610 1615 ,
1628 1571 1679 1606 al·-

1004 1633 1120 1662 terum
1131 1627 1234 1661 nimis
1245 1626 1310 1661 alte
1323 1626 1523 1671 repetitum,
1535 1623 1679 1658 tertium

1005 1680 1155 1714 otiosum
1172 1686 1233 1714 est.
1249 1698 1292 1705 —
1312 1680 1450 1713 M‘lidus
1467 1683 1589 1723 aptum
1603 1676 1680 1721 pis-

1006 1732 1098 1767 cium
1107 1732 1299 1779 epitheton,
1307 1738 1450 1776 propter
1456 1740 1682 1774 squamarum

1006 1784 1191 1819 laevitatem
1207 1790 1243 1818 et
1255 1782 1488 1817 lubricitatem
1503 1794 1512 1816 ε
1527 1781 1579 1816 IX
1589 1805 1599 1824 ,
1617 1780 1682 1824 264

1008 1834 1051 1869 de
1075 1842 1235 1881 serpente
1247 1859 1257 1878 ,
1283 1846 1485 1879 squamaque
1505 1835 1609 1867 nitere
1629 1843 1684 1866 re-

1007 1890 1104 1921 cenlae'.

1053 1941 1104 1985 75.
1121 1939 1316 1982 Agilabilts.
1339 1937 1585 1983 Significanter
1599 1939 1683 1979 agi-

1008 1993 1135 2025 tabilis.
1152 1990 1276 2024 senec.
1294 1989 1339 2025 N.
1358 1989 1405 2034 Q.
1425 1989 1478 2023 VI
1491 2014 1501 2032 ,
1521 1987 1579 2022 16:
1597 1988 1687 2022 nihil

1008 2048 1061 2078 est
1082 2048 1151 2077 tam
1171 2043 1335 2084 versabile
1350 2046 1385 2075 et
1397 2043 1581 2085 agitatione
1597 2052 1684 2084 gau-

1010 2097 1092 2129 dens
1105 2121 1114 2136 ‚
1137 2106 1236 2138 quam
1252 2105 1320 2128 aer.

1055 2147 1106 2192 75.
1123 2148 1278 2181 Sanctius
1294 2147 1348 2179 his
1361 2147 1492 2180 animal
1503 2149 1568 2178 ete.
1590 2141 1684 2178 Ori-

1012 2199 1129 2245 ginem
1145 2197 1297 2232 hominis
1313 2196 1492 2239 describit,
1514 2201 1553 2230 ut
1564 2200 1685 2239 postu-

1011 2251 1058 2285 lat
1074 2251 1148 2294 ejus
1163 2249 1319 2294 dignitas.
1336 2249 1418 2283 Non
1434 2247 1530 2282 enim
1544 2251 1684 2280 mutum

1012 2309 1048 2336 et
1071 2308 1172 2346 turpe
1201 2313 1305 2345 pecus
1335 2312 1354 2334 e
1381 2307 1474 2334 terra
1495 2308 1686 2342 erepsimus

1014 2353 1143 2388 ovidio
1157 2379 1165 2395 ,
1177 2351 1236 2386 sed
1246 2345 1397 2386 sancitus
1406 2377 1415 2391 ,
1433 2349 1512 2383 Deo
1522 2347 1664 2383 similius
1674 2373 1684 2390 ,

1014 2411 1115 2449 atque
1133 2403 1220 2438 adeo
1235 2399 1430 2437 reverentia
1446 2399 1583 2445 dignius
1601 2401 1686 2433 ani—

1013 2461 1090 2492 mal.
1100 2476 1144 2483 —-
1157 2454 1252 2502 Ergo
1263 2453 1514 2499 comparativus
1527 2465 1591 2499 pro
1599 2451 1687 2497 posi-

1014 2510 1085 2544 tivo
1098 2510 1186 2543 bene
1202 2513 1386 2555 usurpatur
1402 2517 1495 2540 :non
1511 2504 1607 2539 enim
1620 2515 1688 2539 εω-

1016 2570 1090 2598 tera
1115 2560 1275 2596 animalia
1299 2565 1415 2595 sancta
1431 2564 1542 2604 erant.
1563 2558 1629 2591 Ed.
1644 2573 1689 2584 -

1016 2615 1115 2647 Meus
1124 2615 1198 2646 alla
1207 2639 1214 2653 ‚
1232 2611 1321 2646 ratio
1335 2637 1344 2655 ,
1359 2622 1435 2656 quae
1446 2609 1512 2643 alta
1523 2608 1686 2654 cogitare,

1017 2666 1201 2711 cogitando
1218 2679 1253 2700 se
1270 2664 1313 2700 ad
1328 2663 1451 2700 caelum
1464 2661 1617 2698 attollere
1629 2672 1688 2706 po-

1018 2726 1094 2754 test.
1122 2717 1194 2753 Cic.
1220 2717 1297 2752 Mil.
1318 2717 1337 2750 8
1355 2727 1363 2748 :
1385 2717 1481 2750 homo
1502 2716 1637 2757 sapiens
1655 2715 1691 2745 et

1017 2775 1091 2807 alta
1108 2776 1142 2807 et
1160 2773 1274 2806 dc'vina
1293 2771 1434 2815 quadam
1450 2771 1554 2802 mente
1561 2767 1691 2810 proedz-
