1832 3100
351 217 1046 285 ME,TAMORPHOSEON
1079 233 1208 278 Lm.
1250 233 1289 277 1.

1479 232 1537 294 57

113 333 286 400 Sponte
309 349 411 389 sua,
435 329 529 379 sine
553 329 649 413 lesse
663 367 675 388 ‚
697 327 830 378 fidem
849 339 1108 395 rectumque
1130 326 1320 376 colebat.
1499 353 1544 388 9⁰

111 411 248 460 Poena
268 420 502 475 metusque
523 407 734 465 aberant3
760 425 841 455 nee
861 405 997 454 verba
1014 404 1202 453 minacia
1221 403 1312 452 fixo

60 504 67 511 “
110 489 218 538 AEre
240 486 524 550 legebantur;
547 503 630 534 nec
651 483 843 551 supplex
865 483 995 532 turba
1017 482 1235 531 timebant

110 564 282 618 Judicis
305 583 381 613 ora
403 563 473 613 sui
496 583 506 611 :
532 562 612 612 sed
630 573 756 611 erant
782 561 875 611 sine
895 559 1044 627 judice
1069 559 1169 608 tuti.

111 708 231 745 Status
241 708 439 756 primorum
454 708 642 743 hominum
653 713 793 742 natura-

109 763 152 799 lis
167 763 375 799 describitur
386 762 521 808 ‚qualis
534 775 566 797 v,
582 775 610 796 c.
625 761 695 796 vita
709 759 792 808 Cy—

109 818 252 863 clopum
269 816 362 862 apud
379 816 530 851 Homer.
559 814 630 851 Od.
649 810 672 850 1'
691 841 700 858 ‚
731 814 793 849 106

111 883 187 916 sqq.
200 896 210 914 ,
229 876 333 916 atque
355 869 462 905 etiam
477 869 581 921 hoglie
598 868 793 904 multaruni

110 923 268 969 gentium
285 922 524 958 barbararum.
547 922 618 957 Sed
634 935 792 957 accesse-

109 982 196 1011 runt
207 975 341 1011 colores
349 975 495 1024 mythici
507 982 543 1011 et
551 975 688 1021 poetici.
699 974 793 1009 Vide

107 1041 214 1074 super
225 1027 294 1064 hac
312 1041 351 1063 re
369 1027 676 1074 philosophantem
692 1026 793 1062 Posi-

109 1079 258 1116 donium
271 1092 324 1126 ap.
337 1079 461 1114 Senec.
475 1079 541 1125 Ep.
552 1091 606 1127 9⁰·
618 1097 662 1104 —-
672 1079 790 1118 AEtas,

109 1144 221 1178 genus
229 1130 428 1167 hominum.
443 1130 517 1167 Cic.
533 1131 579 1166 N.
595 1130 641 1165 D.
656 1130 709 1170 ΙΙ,
726 1129 768 1164 63
782 1155 792 1173 ,

107 1197 242 1219 aureum
256 1197 373 1229 genus.
389 1183 513 1230 Virgil.
530 1183 603 1218 Ecl.
622 1182 677 1217 IV
689 1209 699 1227 ,
724 1195 795 1216 au-

107 1249 167 1271 rea
187 1249 291 1281 gens,
325 1249 367 1272 ex
385 1235 532 1271 Hesiod.
560 1238 687 1285 xpu'eew
704 1236 795 1280 γένος.

110 1287 210 1334 Virg.
227 1287 356 1334 Georg.
375 1287 412 1323 II
425 1313 435 1332 ,
454 1287 518 1323 538
531 1314 541 1331 ‚
568 1286 657 1322 adeo
673 1299 795 1321 aureus

107 1341 281 1384 Saturnus,
297 1341 361 1377 sub
373 1353 444 1387 quo
455 1352 561 1375 aurea
577 1347 667 1375 aetas.
682 1340 796 1374 Nem—

106 1405 151 1439 pe
161 1406 266 1428 aurea
275 1393 556 1439 prestantissima
573 1405 720 1437 quaeque
738 1390 790 1425 di-

107 1445 210 1481 citur.
234 1446 315 1481 Hoc
339 1445 447 1492 igitur
472 1445 653 1491 epitheton
679 1457 789 1490 quum

106 1497 230 1544 primae
254 1497 345 1533 aetati
362 1497 486 1533 datum
502 1505 615 1542 esset,
647 1498 791 1544 reliquae

107 1549 300 1585 deteriores
322 1549 422 1585 facile
447 1563 553 1585 suum
574 1563 709 1585 nomen
732 1551 791 1584 in-

105 1611 301 1646 venerunt;
317 1617 519 1650 quanquam
529 1606 658 1640 ahenea
671 1611 706 1639 et
712 1603 791 1648 fer-

103 1671 164 1694 πα
171 1659 279 1694 etiam
293 1659 336 1695 ab
346 1659 451 1694 armis
467 1659 609 1694 aheneis
618 1666 654 1695 et
668 1658 790 1693 ferreis

105 1710 174 1746 diei
198 1717 402 1758 potuerunt.
427 1731 472 1738 —
506 1714 647 1747 Vindice
669 1713 762 1746 nullo
777 1738 786 1752 ‚

104 1764 251 1799 nemine
279 1764 410 1800 scelera
442 1771 638 1799 coercente.
664 1762 788 1810 Virgil.

105 1816 249 1853 AEneid.
266 1816 341 1853 VII
355 1843 366 1862 ‚
392 1818 457 1853 203
475 1831 483 1853 ε
505 1819 646 1852 Saturni
659 1822 788 1861 gentem

105 1871 202 1904 baud
227 1872 341 1905 vinclo
381 1883 444 1905 nec
472 1872 601 1915 legibus
632 1883 760 1915 oequam
776 1896 785 1910 ,

104 1923 227 1967 Sponte
237 1935 302 1957 sua
316 1926 501 1968 vetcrtssrque
512 1924 629 1957 Deise
642 1936 732 1957 more
744 1926 788 1956 le-

103 1979 244 2013 nentem.
260 1974 302 2010 ld
315 1982 433 2011 autem
446 1974 533 2009 dum
548 1975 677 2010 Noster
687 1974 789 2009 latius

104 2033 253 2063 tractare
273 2027 384 2063 voluit
395 2055 406 2072 ‚
433 2027 562 2073 ineptae
579 2026 788 2072 garrulitatis

104 2079 305 2125 exemplum
313 2079 419 2115 dedit.
424 2079 536 2114 Erant
543 2078 705 2113 homines
711 2078 786 2112 sine

103 2130 251 2177 legibus,
266 2143 341 2166 non
354 2131 561 2166 metuebant
575 2143 714 2176 poenam
728 2130 787 2164 le-

104 2197 202 2230 gum,
214 2197 289 2219 non
303 2184 466 2231 legebant
475 2184 567 2230 leges
582 2184 785 2230 propositas,

104 2243 206 2271 erant
222 2237 296 2273 sine
315 2236 431 2283 judice
447 2262 457 2280 ,
481 2249 556 2271 non
581 2237 787 2271 metuebant

99 2287 257 2333 judicem
269 2314 279 2332 ,
295 2288 358 2324 sed
372 2295 474 2324 erant
489 2289 563 2324 sine
580 2288 695 2334 judice
709 2289 785 2324 tuti.

103 2342 185 2377 Hoc
194 2355 279 2377 vero
288 2349 339 2378 est
347 2343 490 2388 garrire!
503 2341 681 2377 Caeterum
694 2343 787 2377 simi-

101 2393 183 2428 liter
194 2395 507 2429 vetustissimorum
515 2394 703 2429 hominum
713 2407 787 2428 mo-

102 2459 159 2481 res
167 2446 429 2491 notatTacitus‚
446 2447 571 2483 Annal.
582 2448 638 2482 lib.
653 2447 720 2487 111,
732 2448 784 2482 26.

146 2511 200 2545 9¹·
216 2500 399 2533 Necverba
401 2525 451 2534 .....
461 2502 671 2544 legebantur,
690 2512 786 2534 non-

102 2549 191 2585 dum
211 2550 304 2596 leges
325 2550 403 2585 latae
428 2558 537 2587 erant.
564 2552 677 2587 Erant
699 2565 785 2598 ergo

102 2603 248 2648 ἄθὲμιςοι
260 2629 270 2646 ,
284 2609 324 2637 ut
342 2602 513 2650 Cyclopes
525 2604 617 2650 apud
634 2606 783 2640 Homer.

102 2655 136 2690 d.
151 2654 174 2690 l.
185 2667 194 2690 :
205 2657 247 2690 cs.
258 2655 395 2691 Platon.
411 2655 454 2691 de
471 2656 665 2702 Legg.111,
683 2657 758 2692 init.
774 2684 783 2701 ,

103 2717 138 2745 et
161 2709 304 2745 Aristot.
322 2710 411 2756 Rep.
438 2721 452 2744 1
471 2736 481 2754 ,
515 2724 544 2745 2.
562 2710 672 2756 Leges
686 2717 786 2746 vocat

104 2763 227 2807 (etiam
239 2763 273 2796 V
285 2790 294 2808 ,
311 2763 392 2812 669)
405 2767 503 2798 verba
515 2767 665 2799 minacia
674 2791 683 2807 ‚
704 2764 785 2809 quia

857 719 977 753 poenas
993 706 1185 741 minantur.
1206 705 1276 740 Hae
1293 703 1385 751 apud
1402 705 1543 740 Roma-

857 772 923 794 nos
939 759 976 793 in
992 762 1092 794 aeneis
1110 758 1235 793 tabulis
1250 758 1366 793 incisae
1382 757 1421 792 in
1435 757 1544 804 Capi-

858 811 966 852 tolio,
996 818 1057 845 aut
1078 810 1144 846 alio
1167 810 1244 845 loco
1270 810 1431 856 publico,
1443 813 1545 855 fige-

858 868 989 905 bantur,
1005 878 1066 900 seu
1079 864 1324 911 affigebantur,
1336 863 1431 898 unde
1435 866 1546 909 figere

858 921 948 963 leges
963 924 998 952 et
1011 919 1141 964 refigere
1153 944 1162 962 ‚
1182 930 1247 963 pro
1272 917 1364 951 serre
1381 923 1417 951 et
1433 917 1543 951 abro-

859 985 941 1019 gare
953 999 962 1017 ,
982 979 1020 1007 ut
1037 973 1079 1007 ab
1095 972 1259 1006 omnibus
1276 974 1468 1016 legerentur.

902 1039 955 1073 9²·
969 1026 1189 1069 Legebantur.
1203 1026 1416 1068 ligabantur
1423 1029 1544 1057 tuetur

859 1077 1007 1111 Juretus
1022 1076 1065 1111 ad
1081 1075 1282 1123 Symmach.
1297 1075 1352 1120 ΙΙ,
1371 1074 1437 1120 Ep.
1450 1084 1543 1114 xu1;

860 1129 984 1174 probat
1000 1136 1036 1164 et
1052 1128 1220 1164 Brodaeus
1236 1127 1369 1163 Miscel.
1388 1126 1442 1162 IV
1453 1152 1463 1171 ,
1483 1139 1522 1160 12
1532 1151 1542 1168 ,

860 1188 900 1216 ut
915 1181 957 1216 ad
973 1181 1072 1216 illum
1088 1194 1227 1216 morem
1238 1180 1453 1226 respiciatur,
1472 1191 1543 1223 quo

860 1233 985 1268 tabulae
1001 1233 1119 1280 legum
1137 1233 1390 1280 adfigebantur.
1410 1231 1460 1266 At
1475 1230 1544 1265 hoc

860 1285 933 1330 jam
958 1286 1049 1321 inest
1072 1286 1108 1320 in
1121 1288 1210 1331 fisco,
1244 1285 1410 1320 Alterum
1436 1283 1543 1330 igitur

861 1338 1029 1373 Heinsius
1048 1351 1089 1373 ex
1109 1338 1269 1383 Excerpt.
1290 1337 1450 1372 vatican.
1470 1335 1544 1371 Ca-

857 1390 951 1425 land.
975 1391 996 1425 3
1014 1418 1024 1435 ,
1051 1391 1215 1426 Mediceo
1242 1398 1278 1425 et
1301 1402 1375 1425 uno
1399 1390 1541 1424 Bonon.

856 1443 1072 1488 praetulit.—-
1083 1444 1227 1488 Supplex
1245 1445 1343 1478 turba
1366 1449 1450 1477 sunt
1465 1441 1515 1476 rei
1530 1467 1540 1484 ‚

857 1508 1052 1542 eorumque
1075 1497 1199 1542 amici,
1227 1497 1288 1542 qui
1316 1495 1484 1532 sordidati
1505 1501 1542 1530 et

855 1549 970 1584 moesti
991 1562 1131 1584 causam
1153 1562 1254 1584 suam
1273 1548 1479 1583 defendunt.
1495 1565 1540 1573 --

855 1602 1002 1646 Simplex·
1020 1605 1137 1643 turba,
1166 1601 1261 1647 quod
1292 1600 1381 1636 Cod.
1407 1600 1541 1634 Douzae

855 1659 891 1687 et
907 1653 1062 1700 quinque
1083 1654 1223 1689 Heinsii
1239 1653 1422 1697 exhibent,
1436 1653 1539 1687 Bur-

854 1718 1008 1741 mannus
1024 1707 1135 1753 aptius
1155 1706 1330 1752 judicabat
1348 1713 1384 1741 et
1401 1718 1539 1740 conve—

854 1758 1009 1794 nientius
1025 1759 1217 1806 integritati
1236 1759 1333 1794 aurei
1348 1759 1464 1794 seculi.
1487 1758 1537 1792 At

852 1811 881 1846 si
899 1810 966 1846 hoc
991 1813 1154 1857 praeseras
1168 1838 1177 1856 ,
1199 1812 1314 1856 major
1334 1811 1448 1846 etiam·
1469 1811 1538 1845 erit

853 1863 1043 1908 tautologia
1064 1864 1119 1898 illa
1133 1890 1143 1908 ‚
1170 1876 1276 1909 quam
1301 1863 1338 1896 in
1363 1862 1457 1897 notis
1478 1861 1539 1896 vi—

853 1916 1102 1961 tuperavimus.
1129 1916 1225 1950 Male
1247 1915 1355 1950 etiam
1380 1921 1460 1951 aetas
1479 1913 1537 1949 illa

852 1972 949 2003 turba
960 1976 1156 2005 vocaretur.

896 2023 949 2070 93.
966 2023 1043 2056 Sine
1052 2023 1182 2067 judice.
1199 2021 1371 2058 Nonnulli
1388 2034 1429 2056 ex
1450 2034 1534 2056 me-

851 2073 995 2108 lioribus
1005 2077 1079 2108 sine
1087 2076 1236 2115 vindice,
1251 2073 1346 2119 quod
1360 2073 1537 2119 improbat

852 2125 977 2161 Heius.
989 2126 1069 2171 quia
1081 2153 1090 2170 ‚
1109 2139 1195 2161 vers.
1212 2128 1255 2174 89
1266 2153 1275 2170 ,
1293 2128 1426 2161 vindice
1436 2138 1534 2171 prae-

850 2180 952 2215 cessit
963 2195 971 2222 ;
987 2193 1065 2226 quae
1076 2193 1177 2215 causa
1187 2180 1282 2214 nulla
1294 2186 1364 2220 est;
1379 2191 1533 2224 namque

850 2233 917 2269 hoc
926 2235 1000 2281 ipso
1009 2248 1110 2269 versu
1122 2234 1285 2280 praecedit
1296 2241 1331 2269 et
1335 2234 1478 2278 judicis.
1490 2252 1534 2259 -

849 2287 929 2321 St'ne
942 2287 1071 2332 judice.
1095 2287 1167 2322 Diu
1198 2287 1381 2331 dubitavi,
1409 2295 1532 2322 utrum

848 2342 922 2374 sine
936 2342 1070 2374 vindice
1079 2367 1087 2378 ‚
1111 2353 1155 2374 an
1171 2344 1246 2374 sine
1252 2340 1373 2383 judice
1389 2341 1533 2385 praeser-

848 2406 936 2428 rem.
946 2392 1088 2428 Praetuli
1100 2392 1243 2426 tandem
1254 2393 1424 2438 posterius
1435 2405 1533 2437 :prae-

848 2446 949 2481 cessit
961 2473 970 2490 ‚
989 2459 1062 2480 non
1076 2453 1176 2480 erant
1193 2446 1341 2491 judicia;
1358 2453 1451 2480 reete
1467 2446 1534 2492 igi-

850 2507 911 2535 tur
925 2499 1109 2544 subjicitur
1119 2526 1126 2540 ,
1141 2499 1200 2533 sed
1216 2506 1318 2534 erant
1328 2500 1402 2534 sine
1416 2499 1530 2545 judice

849 2553 915 2588 tuti
931 2566 939 2593 3
962 2553 1155 2598 praesertim
1167 2566 1278 2598 quum
1292 2551 1441 2588 Ovidius
1457 2565 1532 2587 voc.

850 2605 1051 2651 praecedens
1063 2605 1155 2640 varie
1168 2613 1327 2652 repetere
1338 2605 1445 2640 soleat
1458 2631 1467 2647 ,
1485 2611 1532 2638 at-

850 2672 917 2704 que
934 2659 968 2694 h.
987 2658 1007 2693 l.
1023 2671 1105 2693 cum
1117 2658 1150 2692 vi
1162 2659 1349 2703 repetitum
1361 2657 1531 2692 videatur.

855 2713 1004 2751 Vindex,
1033 2711 1058 2746 si
1078 2710 1154 2756 quis
1176 2711 1211 2745 id
1230 2711 1345 2751 malit,
1367 2717 1480 2756 potest
1496 2717 1531 2745 et

848 2764 891 2799 de
909 2763 1023 2809 judice
1042 2770 1077 2798 et
1095 2763 1137 2799 de
1155 2763 1338 2799 defensore
1355 2764 1441 2809 capi.
