1832 3100
288 220 366 278 178

642 219 694 261 P.
739 219 983 263 OVIDII
1021 219 1334 265 NASONIS

280 309 400 356 Dum
417 308 550 367 redit,
575 309 698 376 itque
725 308 930 376 frequens
943 347 955 368 ‚
981 309 1030 359 in
1049 311 1216 375 virgine
1235 314 1484 364 Nonacrina

280 385 442 444 Haesit,
469 397 512 434 et
535 386 700 452 accepti
720 385 889 435 caluere
913 386 998 435 sub
1022 388 1199 437 ossibus
1222 389 1358 451 ignes.

1626 405 1693 452 410

279 464 383 511 Non
409 474 499 510 erat
522 462 653 528 hujus
678 482 792 530 opus
817 463 959 512 lanam
982 461 1153 512 mollire
1178 464 1417 530 trahend03

278 539 370 587 Nec
388 539 539 605 positu
563 540 726 588 variare
751 559 897 588 comas
921 560 930 589 :
957 540 1037 588 ubi
1057 539 1196 590 fibula
1218 554 1402 602 vestem,

279 617 402 664 Vitta
426 628 677 664 coercuerat
697 615 924 679 neglectos
947 616 1048 666 alba
1072 617 1283 686 capillos,
1348 610 1349 613 Ἰ
1623 673 1625 675 ,

281 695 342 742 Et
361 693 496 741 modo
522 693 623 742 laeve
645 713 778 742 manu
799 693 991 759 jaculum
1005 732 1017 752 ‚
1040 695 1175 742 modo
1198 707 1413 759 sumserat
1433 714 1604 757 arcum,

280 769 413 819 Miles
437 783 530 819 erat
552 771 769 828 Phoebes;
790 790 870 819 nec
894 770 1114 820 Maenalon
1137 771 1285 841 attigit
1305 771 1395 821 ulla

1626 787 1693 841 [με

282 851 461 906 Gratior
481 852 563 900 hac
586 852 743 900 Triviae
767 871 776 899 ε
802 852 879 900 sed
901 852 1024 901 nulla
1044 854 1245 919 potentia
1267 853 1402 916 longa
1422 865 1500 902 est.

323 1002 399 1046 409.
421 1001 544 1039 Redit,
568 1002 677 1043 Aque,
690 1006 729 1033 ut
741 998 855 1043 VIII,
878 999 957 1034 163:

278 1052 662 1097 refluelque,fluilque.—
670 1052 872 1085 Nonacrina.
885 1053 960 1086 No-

280 1106 394 1138 nacris
405 1130 413 1143 ‚
435 1115 537 1137 mons
555 1102 733 1147 Arcadiae,
750 1103 828 1138 vide
845 1103 959 1138 Mun-

278 1156 351 1190 ker.
368 1153 411 1188 ad
429 1153 560 1200 Hygin.
574 1153 641 1188 sab.
662 1167 732 1200 177.
751 1153 798 1187 Et
814 1153 887 1188 haec
903 1167 957 1189 res

279 1215 371 1255 gesta
386 1214 438 1242 est
454 1207 489 1240 in
507 1206 711 1242 Nonacrino
727 1213 859 1241 monte.
877 1208 958 1255 lly-

279 1259 346 1305 gin.
364 1259 403 1293 P.
422 1258 463 1292 A.
478 1257 635 1292 Lactant.
647 1257 683 1292 in
698 1257 782 1303 Arg.
795 1260 961 1292 —Ha-sd

275 1314 310 1344 e’n
320 1312 445 1353 virgine
457 1336 465 1350 ,
487 1316 605 1354 captus
616 1309 690 1354 ejus
699 1309 956 1355 pulchritudine

277 1361 441 1396 constitit.
472 1361 567 1395 Hinc
590 1362 711 1395 hoerere
733 1368 769 1395 et
794 1362 959 1395 adherere

277 1414 319 1449 de
338 1414 554 1448 amantibus:
582 1413 650 1447 vid.
671 1413 713 1447 ad
738 1414 852 1457 XIII,
881 1413 958 1462 906.

286 1467 388 1510 Virgo
412 1466 469 1499 illa
495 1465 650 1499 Anietho
680 1466 745 1499 suit
776 1465 928 1510 Megisto
946 1491 956 1509 ‚

279 1516 449 1563 Lycaonis
465 1517 579 1562 neptis
591 1542 600 1559 ,
621 1515 721 1565 Cetei
737 1516 815 1551 filia.
834 1517 866 1550 A
883 1529 957 1562 cae-—

278 1569 360 1604 teris
390 1570 532 1603 Cullt'slo
556 1568 789 1612 nominatum,
807 1581 957 1613 eamque

278 1622 447 1669 Lycaonis
479 1621 585 1655 filiam
613 1622 727 1655 secere
757 1621 927 1659 Eumelus
945 1647 955 1664 ,

280 1673 424 1709 Hesiod.
444 1674 593 1708 Pausan.
621 1673 753 1720 Hygin.
778 1679 814 1717 et
833 1679 957 1716 auctor

278 1738 442 1761 versuum
454 1724 677 1765 Creticorum
687 1751 696 1767 ‚
714 1737 801 1769 quos
812 1724 867 1769 ille
881 1725 958 1760 lau-

281 1778 349 1812 dat.
368 1777 438 1812 Alli
455 1776 575 1811 aliter:
593 1776 671 1810 vide
688 1774 849 1821 Apollod.

322 1831 343 1874 4
349 1843 360 1863 ι
366 1842 398 1863 ο.
409 1829 445 1863 A
447 1831 561 1873 ccepti.
572 1829 736 1872 Schcppet
745 1828 894 1863 malebat
903 1841 958 1862 ac·

279 1883 374 1924 sensi
386 1887 446 1914 aut
461 1882 615 1913 accensis
630 1878 777 1913 caluere.
796 1878 902 1918 Male.
915 1897 959 1905 --

280 1931 427 1975 Accepli
439 1942 509 1964 non
527 1936 578 1963 est
591 1929 815 1964 mutandum.
834 1929 958 1975 Virgil.

282 1981 423 2016 AEneid.
444 1981 535 2015 VIII
548 2007 558 2024 ,
576 1980 640 2028 389
657 1993 665 2014 z
680 1983 738 2021 ille
747 1984 880 2024 repenle
890 1980 960 2015 Ac-

280 2037 370 2078 cepit
384 2035 520 2066 solilam
531 2034 717 2076 flammam.
743 2050 786 2057 -
804 2033 885 2072 Sub,
910 2032 959 2066 in.

323 2083 492 2127 411-416.
507 2085 584 2117 Non
595 2088 668 2117 emt
680 2083 780 2128 hujus
796 2095 878 2127 opus
894 2090 959 2118 etc.

285 2134 444 2180 Apollod.
459 2138 598 2183 σύνθηρος
611 2127 782 2183 Α’ρτέμιδος
794 2140 849 2176 τὴν
866 2137 959 2176 αὐτὴν

282 2191 376 2235 ι’κείνῃ
404 2193 498 2230 ςσλὴν
537 2194 675 2236 φοροῦσα.
711 2187 791 2221 Hoc
823 2188 960 2222 ornavit

282 2241 429 2283 Noster,
455 2238 563 2278 etiam
581 2252 643 2284 per
661 2239 959 2284 comparationem

282 2303 364 2326 cum
381 2290 528 2325 aliarum
545 2289 739 2336 puellarum
754 2290 884 2325 studiis.
905 2290 959 2326 Cs.

282 2343 383 2386 XIV,
397 2343 461 2387 264
472 2356 497 2378 s.
509 2342 635 2377 Verbis
640 2345 753 2384 lanam
759 2346 886 2384 mollire
895 2349 959 2378 tra-

284 2398 390 2429 hendo
413 2394 618 2429 describitur
634 2395 849 2429 cai-minatio.
871 2395 959 2429 Ma·-

285 2448 394 2494 nipuli
405 2447 493 2482 lanae
504 2447 599 2482 rudis
612 2461 674 2494 per
686 2448 959 2483 instrumentum

284 2500 461 2546 quoddam
480 2502 634 2536 ferreum
651 2501 838 2546 trahuntur
850 2528 859 2541 ‚
883 2508 922 2535 ut
941 2514 959 2535 a

285 2552 442 2587 sordibus
465 2560 661 2599 purgentur
682 2559 718 2587 et
735 2553 958 2587 mollescant:

289 2603 365 2638 vide
385 2604 547 2650 Scaliger,
567 2604 609 2638 ad
627 2604 744 2639 Tibul.
762 2604 800 2648 I,
819 2616 857 2638 VI
869 2630 878 2646 ‚
897 2605 949 2638 80.

327 2656 365 2698 41
373 2668 401 2688 α.
427 2658 544 2690 Posilu
560 2658 691 2690 variare
707 2668 830 2690 comas.
854 2655 960 2690 Varia

287 2708 536 2753 compositione
558 2721 683 2743 ornare
700 2707 837 2753 capillos
851 2733 860 2751 ,
877 2707 959 2741 sole-

1021 1000 1107 1035 bant
1133 1000 1307 1047 Nymphae
1332 1001 1443 1035 amori
1465 1000 1695 1047 indulgentes.

1022 1052 1154 1087 Medic.
1173 1053 1252 1088 Fac.
1272 1065 1332 1100 19:
1351 1055 1460 1088 Vultztr
1472 1055 1697 1098 odoratas-po·

1021 1106 1089 1137 situ
1099 1107 1231 1138 variare
1240 1107 1392 1148 capillos.
1398 1103 1521 1139 Amor.
1533 1104 1570 1140 11
1581 1130 1592 1149 ,
1603 1115 1675 1148 vm
1683 1131 1696 1148 ,

1026 1169 1040 1189 1
1059 1167 1068 1190 :
1083 1157 1254 1190 Ponendis
1266 1158 1301 1189 in
1317 1157 1407 1190 mille
1423 1157 1538 1191 modos
1545 1156 1696 1200 perfecta

1021 1209 1167 1251 capillis.
1181 1204 1236 1240 Cs-
1250 1207 1304 1243 III
1315 1233 1324 1249 ,
1344 1206 1419 1243 Art.
1434 1208 1506 1242 151.
1516 1206 1574 1243 De
1587 1206 1694 1248 verbo

1016 1271 1157 1302 ponere,
1179 1257 1249 1292 vid:
1260 1257 1302 1292 ad
1318 1257 1357 1300 I,
1375 1258 1696 1303 477.-·Ublfibula

1021 1313 1145 1343 vestem
1161 1316 1225 1344 etc.
1252 1308 1295 1343 lu
1317 1308 1434 1343 multis
1456 1308 1698 1354 manuscriptis

1021 1360 1116 1396 locus
1133 1360 1264 1396 auctius
1287 1359 1335 1395 sic
1351 1360 1478 1406 legitur
1492 1373 1501 1395 :
1516 1362 1578 1395 ubi
1580 1362 1697 1406 fibula

1022 1418 1144 1448 vestem
1160 1414 1356 1456 «strinxerat,
1368 1415 1507 1447 eminuit
1512 1425 1630 1458 colpus
1634 1413 1697 1458 ju-

1022 1468 1127 1500 venile
1147 1467 1326 1509 decorque‚·
1351 1464 1388 1499 in
1412 1465 1536 1510 quibus
1549 1477 1699 1500 manum

1021 1516 1171 1561 alienam
1181 1515 1276 1551 facile
1287 1515 1450 1561 agnoscis.
1465 1535 1509 1542 —
1522 1516 1628 1552 Hanc
1635 1529 1697 1551 va·-

1020 1568 1183 1604 rietatem
1198 1580 1270 1613 non
1287 1559 1424 1603 habent‘
1434 1568 1544 1603 nostri
1563 1569 1674 1615 Regii.

1065 1618 1140 1661 413.
1168 1620 1366 1653 Coercueral
1379 1646 1388 1660 ‚
1418 1619 1612 1666 collegerat.
1635 1621 1696 1654 Fi*

1021 1673 1100 1705 bula
1118 1670 1308 1716 constringi
1329 1670 1460 1713 solebat
1478 1674 1582 1706 vestis
1593 1698 1602 1714 ,
1629 1683 1696 1717 qua

1019 1722 1118 1758 brevi
1147 1722 1337 1757 utebantur
1365 1730 1533 1759 venantes
1543 1750 1553 1768 ,
1578 1723 1633 1759 vel
1659 1724 1696 1759 in

1022 1774 1176 1809 humeris
1192 1774 1246 1808 vel
1268 1774 1356 1808 circa
1372 1781 1501 1819 pectus.
1525 1775 1583 1810 De'
1603 1779 1700 1814 w'tm'

1022 1827 1100 1861 vide
1113 1826 1154 1862 ad
1167 1827 1183 1861 I
1196 1852 1205 1870 ,
1223 1827 1297 1872 477.
1306 1828 1554 1872 -Neglectos,
1566 1823 1698 1864 incom-

1022 1880 1150 1925 positos
1161 1905 1170 1923 ,
1187 1879 1225 1913 in
1242 1878 1376 1913 nodum
1393 1880 1610 1926 negligenter
1625 1880 1698 1916 col-

1022 1931 1128 1966 lectos
1142 1957 1151 1974 ‚
1171 1944 1215 1965 ne
1240 1930 1383 1975 dispersi
1403 1931 1559 1975 iacerent
1578 1932 1615 1966 in
1634 1931 1698 1975 hu-

1023 1982 1138 2017 meris.
1147 2000 1192 2008 ·—-
1198 1983 1303 2023 Leve,
1321 1988 1361 2016 ut
1370 1981 1447 2016 alibi
1455 1984 1581 2017 babilis
1588 1995 1696 2028 arcus.

1026 2034 1081 2070 Cs.
1091 2041 1219 2069 autem.
1234 2034 1357 2079 Virgil.
1368 2033 1511 2068 AEneid.
1528 2033 1698 2079 1‚318¹s.:

1022 2087 1172 2131 Namque
1180 2087 1323 2120 humeris
1330 2086 1371 2123 dc
1379 2098 1467 2120 more
1472 2087 1617 2130 bubdam
1624 2098 1698 2124 sus*-

1017 2140 1180 2182 penderat
1186 2150 1298 2172 arcum
1311 2143 1375 2171 etc.
1385 2136 1535 2170 -Miles
1544 2138 1691 2179 Phoebes‚

1023 2188 1179 2222 venatrix
1190 2194 1224 2222 ct
1237 2200 1352 2222 comes
1361 2187 1484 2221 Dianae
1494 2214 1503 2228 ‚
1522 2194 1561 2222 ut
1572 2187 1698 2223 Peneis

1025 2240 1042 2275 I
1054 2267 1064 2284 ,
1082 2243 1145 2287 475
1162 2253 1235 2285 sqq.
1249 2247 1284 2274 et
1301 2240 1429 2287 Syrinx
1443 2253 1530 2275 vers.
1545 2240 1611 2287 694
1624 2253 1699 2285 sqq.

1024 2293 1174 2337 Propter
1190 2291 1454 2326 similitudinem
1475 2291 1556 2326 belli
1578 2298 1613 2325 et
1627 2304 1696 2325 ve-

1025 2352 1145 2389 natus,
1165 2345 1291 2383 milites
1306 2351 1342 2386 et
1358 2350 1539 2380 venatores
1556 2343 1649 2378 inter
1661 2356 1698 2381 se

1024 2404 1271 2442 comparantur
1282 2422 1291 2439 ,
1309 2403 1344 2430 et
1356 2395 1519 2441 pleraque
1534 2396 1700 2430 vocabula

1023 2449 1179 2493 utrisque
1196 2454 1278 2483 sunt
1293 2447 1507 2490 communia.
1522 2447 1646 2482 Horat.
1661 2447 1678 2482 I
1689 2472 1700 2490 ,

1025 2501 1090 2546 Ep.
1104 2511 1134 2534 11
1142 2526 1151 2543 ,
1164 2500 1218 2543 57,
1231 2501 1374 2533 militare
1384 2498 1426 2533 de
1437 2511 1520 2534 cane
1530 2499 1696 2542 venatico.

1067 2553 1142 2596 416.
1168 2553 1295 2595 Trim‘ae.
1317 2550 1431 2585 Diana
1454 2552 1580 2591 Trivia,
1602 2563 1698 2596 ρξε-

1024 2617 1076 2639 ses
1097 2603 1280 2638 triviorum
1295 2630 1307 2650 2
1329 2615 1406 2649 quae
1428 2602 1546 2638 venari
1568 2601 1700 2636 solebat

1025 2655 1130 2689 etiam
1141 2655 1177 2689 in
1191 2657 1352 2695 IIIa-nalo,
1381 2654 1423 2690 de
1437 2666 1506 2700 quo
1518 2653 1560 2688 ad
1570 2653 1607 2697 1,
1623 2652 1699 2689 216.

1025 2723 1068 2732 --
1081 2708 1228 2742 Cratior.
1241 2707 1372 2753 Hygia.
1386 2706 1425 2742 Ρ.
1437 2706 1479 2743 Α.
1494 2704 1528 2740 d.
1540 2704 1561 2739 l.
1573 2717 1613 2739 ex
1625 2703 1699 2749 He‘
