1832 3100
341 244 424 286 252

721 247 771 291 P.
811 249 1045 294 OVIDII
1077 251 1376 296 NASONIS

341 335 599 402 Seposuisse
625 358 794 401 gravem
818 361 1038 410 vacuaque
1062 344 1245 407 agitasse
1263 346 1471 394 remissos

346 414 461 462 Cum
482 416 511 462 J
514 435 658 464 unone
678 417 802 481 jocos
820 438 829 476 ;
852 431 919 478 et,
946 422 1093 486 Major
1112 434 1254 471 vestra
1276 423 1475 489 profecto
1497 435 1566 472 est
1579 436 1595 482 ,’

1687 439 1752 473 320

345 490 492 553 Quam
517 511 612 558 quae
635 495 862 558 contingat
885 498 1102 557 maribus,
1129 499 1313 558 dixisse,
1338 500 1554 568 voluptas.

341 566 424 615 Illa
446 580 575 631 negat
596 589 606 617 :
631 570 798 637 placuit
811 610 822 631 ‚
849 593 944 640 quae
965 575 1024 622 sit
1045 576 1259 625 sententia
1281 577 1402 625 docti

342 644 546 708 Quaerere
569 646 746 696 Tiresiae
768 669 777 697 z
799 651 950 698 Venus
973 651 1076 699 huic
1099 664 1191 700 erat
1212 664 1398 720 utraque
1415 664 1532 703 nota.

341 724 453 771 Nam
476 724 564 773 duo
586 745 845 789 magnorum
864 727 993 776 viridi
1016 729 1219 778 coeuntia
1243 729 1351 778 silva

342 801 541 866 Corpora
567 814 819 871 serpentum
840 804 988 853 baculi
1011 805 1249 855 violaverat
1273 807 1364 855 ictu
1384 828 1395 855 :
1689 821 1754 856 325

339 877 495 943 Deque
519 879 612 926 viro
635 879 777 928 factus
792 917 803 938 ‚
828 881 1051 931 mirabile!
1076 882 1258 941 femina,
1286 896 1452 950 septem

339 953 502 1016 Egerat
524 966 760 1003 autumnos
782 976 792 1004 ε
815 969 968 1005 octavo
996 978 1148 1007 rursus
1173 959 1349 1008 eosdem

265 1024 272 1029 ’
339 1030 493 1088 Vidit3
517 1043 584 1089 et,
616 1054 638 1074 «
662 1033 744 1079 Est
766 1045 917 1082 vestrae
940 1035 977 1082 si
1000 1047 1119 1084 tanta
1140 1037 1341 1102 potentia
1361 1035 1502 1103 plagae
1516 1072 1528 1094 ,

345 1128 367 1158 ἡ
396 1108 522 1155 Dixit
537 1145 548 1166 ,
571 1120 623 1156 ut
645 1108 835 1168 auctoris
860 1122 1022 1159 sortem
1046 1112 1093 1159 in
1114 1113 1332 1161 contraria
1353 1123 1519 1170 mutet;

342 1206 366 1226 ³>
393 1186 522 1233 Nunc
540 1205 716 1252 quoque
731 1205 812 1234 vos
826 1186 990 1235 feriam.
1013 1210 1035 1230 »
1054 1189 1279 1247 Percussis
1297 1189 1518 1252 anguibus
1531 1187 1670 1237 isdem
1689 1203 1755 1237 330

342 1263 499 1309 Forma
522 1263 646 1328 prior
667 1262 821 1322 rediit,
849 1264 1125 1332 genitivaque
1148 1286 1302 1315 rursus
1324 1267 1482 1329 imago·

338 1340 520 1389 Arbiter
543 1341 615 1389 hic
639 1341 777 1404 igitur
792 1354 972 1390 'sumtus
997 1343 1049 1391 de
1071 1342 1147 1391 lite
1165 1344 1343 1408 jocosa,

337 1417 469 1465 Dicta
490 1419 518 1464 J
521 1418 614 1465 ovis
636 1416 778 1466 firmat
799 1437 808 1465 ε
832 1419 1005 1481 gravius
1029 1420 1234 1468 Saturnia
1253 1419 1374 1485 justo
1389 1456 1401 1477 ‚
1440 1475 1444 1479 ⁴

337 1557 487 1589 trahitur.
511 1555 584 1591 Cic.
610 1555 690 1590 Lael.
718 1557 767 1591 13.
789 1556 916 1591 Noster
933 1556 987 1592 IV
998 1584 1007 1599 ‚

338 1609 402 1653 764
414 1621 422 1643 :
436 1612 591 1653 generosi
596 1622 725 1644 munere
740 1611 879 1645 Bacchi
889 1610 1013 1654 Dissu-

337 1661 413 1693 dere
428 1662 804 1705 am'mos.—Seposuisse
810 1661 1012 1706 elegantius,

339 1724 444 1756 quam
453 1738 463 1755 ‚
475 1713 569 1757 quod
581 1713 637 1747 alii
649 1713 778 1747 habent
789 1739 798 1757 ,
813 1716 1015 1757 deposuaekse.

339 1782 383 1790 --
392 1765 519 1799 Noster
534 1765 662 1810 Regius
674 1766 706 1800 A
717 1791 727 1809 ‚
739 1769 960 1811 supposuisse.
973 1784 1017 1792 -—

341 1815 463 1861 Virgil.
474 1816 614 1851 AEneid.
625 1818 642 1852 I
655 1843 664 1861 ,
683 1818 764 1860 562,
782 1820 945 1852 secludite
956 1831 1016 1851 cu·-

340 1868 457 1901 rasJ—
470 1870 602 1908 Vacua,
617 1881 636 1902 a
646 1868 831 1911 laboribus,
845 1868 962 1903 otiosa.
974 1887 1017 1895 -

340 1921 531 1961 Ιίειηιίυω,
549 1920 651 1964 paulo
666 1920 844 1955 liberiores
858 1927 893 1954 et
908 1926 1017 1965 petu-

339 1971 514 2006 lantiores.
529 1990 573 1997 —
586 1973 774 2016 Contingat.
791 1971 913 2007 Codex
930 1972 1016 2017 Reg.

341 2024 375 2059 A
385 2051 394 2065 ‚
411 2028 599 2069 contingen
622 2023 743 2059 Codex
758 2025 788 2059 Β
800 2051 809 2068 ,
826 2027 995 2068 contmgd.

384 2077 460 2111 322.
470 2080 584 2112 Docti.
592 2080 723 2112 Doctus
732 2077 863 2124 (σοφὸς),
875 2077 919 2111 ob
929 2076 1019 2111 divi-

345 2128 453 2163 nandi
470 2130 639 2174 peritiam.
655 2130 778 2164 Libros
794 2129 899 2164 etiam
913 2129 1017 2174 scrip-

339 2181 420 2215 sisse
431 2180 579 2215 traditur
589 2181 749 2216 Tiresias.
761 2199 805 2208 ·--
819 2183 944 2222 Venus,
957 2194 1019 2215 vo·-

337 2232 453 2278 ‘luptas
467 2245 627 2267 venerea.
645 2233 821 2276 AElianus,
843 2233 962 2269 Anim.
979 2234 995 2268 I
1005 2259 1015 2277 ‚

343 2287 404 2330 25,
421 2293 570 2322 κοινωνεῖν
585 2286 748 2333 ἀφροθίτης
763 2288 910 2334 ἑκατέρας.

385 2340 460 2383 324.
482 2341 585 2374 Coirc.
602 2339 659 2373 De
675 2345 753 2373 actu
766 2351 918 2373 venereo
935 2338 1017 2373 ‹lici-

343 2399 410 2428 tur.
431 2392 581 2427 Tiresias
605 2392 760 2438 primum
786 2391 935 2426 violabat
958 2393 1018 2426 se-

341 2444 482 2479 mellam
497 2457 559 2479 seu
570 2443 782 2487 dracaenam,
799 2443 859 2478 sed
876 2450 993 2488 postea
1006 2469 1015 2486 ,

343 2497 385 2530 ab
411 2496 574 2541 Apolline
602 2495 756 2530 monitus
771 2521 781 2539 ‚
825 2493 1017 2539 masculum

343 2549 543 2584 draconem.
568 2549 726 2584 thetzes
747 2549 785 2582 in
808 2547 1017 2595 Lycophro—

344 2613 428 2634 nem
441 2626 450 2643 ,
472 2600 654 2635 Cassandr.
675 2613 762 2635 vers.
779 2600 854 2634 683.
876 2618 921 2625 —
934 2600 1016 2635 Au-

342 2656 474 2686 tumnos
485 2679 495 2694 ‚
515 2664 634 2687 annos.

389 2703 464 2751 329.
481 2706 621 2746 Sortem,
636 2718 756 2740 sexum
768 2731 777 2749 ,
794 2712 834 2740 ut
844 2706 915 2748 VI,
933 2706 1016 2748 680,

344 2753 398 2790 IX
408 2780 419 2799 ,
435 2755 489 2801 67.
498 2773 541 2783 —-
555 2758 592 2792 V
585 2768 623 2792 os
623 2756 890 2801 fitium-Unus,
897 2769 1017 2801 percu-

1081 1561 1179 1598 tiam,
1195 1557 1287 1603 quod
1306 1557 1416 1604 placet
1430 1557 1657 1600 Bur-manno,
1675 1556 1754 1606 quia

1082 1609 1230 1645 Ovidius
1246 1610 1437 1644 delectatur
1450 1608 1657 1654 repetitione
1667 1608 1754 1652 ejus-

1081 1662 1164 1697 dem
1180 1662 1336 1697 verbi.—
1350 1661 1467 1697 Nostri
1481 1660 1601 1705 Regii,
1618 1671 1679 1694 vos
1686 1659 1754 1704 se—

1080 1717 1174 1748 n'am.
1194 1732 1238 1740 -
1254 1715 1396 1747 But-sus.
1419 1711 1586 1747 Heinsius
1601 1710 1668 1745 hoc
1685 1721 1754 1745 vo—

1079 1765 1243 1803 cabulum
1261 1764 1390 1799 mutari
1412 1763 1486 1798 vult
1502 1763 1539 1797 in
1557 1764 1697 1797 reddita.
1711 1779 1756 1788 -—

1082 1817 1201 1852 Nostri
1208 1816 1308 1862 Regii
1313 1842 1322 1859 ,
1329 1818 1537 1860 geniumque
1542 1817 1755 1857 venitimago.

1082 1887 1126 1897 ·--
1141 1872 1256 1913 Imago
1266 1895 1275 1910 ,
1293 1869 1405 1903 forma
1416 1894 1425 1911 ‚
1443 1874 1578 1902 natura.
1592 1884 1637 1892 —
1651 1866 1757 1900 Geni-

1082 1926 1168 1963 lioa,
1186 1928 1335 1956 connata
1347 1947 1356 1964 ,
1378 1932 1483 1965 quam
1505 1918 1626 1954 habuit
1643 1930 1755 1963 quum

1081 1979 1292 2008 nasceretur.
1306 1971 1482 2017 Augustus
1493 1969 1643 2005 habebat
1653 1972 1756 2013 geni-

1081 2029 1168 2060 lioas
1184 2030 1301 2065 notas,
1316 2024 1462 2059 Sueten.
1474 2023 1556 2058 Oct.
1572 2023 1624 2058 80.
1643 2020 1757 2057 Caete-

1081 2091 1163 2113 rum
1179 2078 1322 2113 Lucian.
1341 2077 1384 2112 de
1402 2075 1530 2111 Astrol.
1546 2081 1688 2117 monet,
1704 2075 1757 2108 sa—

1081 2129 1200 2164 hulam
1221 2128 1265 2163 de
1285 2128 1428 2163 Tiresiae
1451 2125 1756 2162 transformatione

1082 2180 1217 2216 fluxisse
1234 2180 1335 2224 inde,
1354 2178 1449 2225 quod
1465 2178 1615 2214 Tiresias
1627 2177 1756 2211 docue-

1082 2233 1128 2267 rit
1152 2233 1264 2267 stellas
1290 2232 1451 2267 erraticas
1478 2243 1551 2265 esse
1576 2228 1757 2273 utriusque

1082 2297 1200 2326 sexus;
1228 2295 1305 2329 quae
1326 2281 1567 2327 interpretatio
1587 2292 1662 2314 non
1686 2279 1757 2313 ad-

1081 2338 1229 2372 modum
1252 2335 1422 2371 dissimilis
1438 2342 1489 2370 est
1507 2334 1560 2378 ei,
1589 2345 1695 2379 quam
1712 2332 1755 2367 de

1082 2390 1234 2425 Atlantis
1245 2415 1255 2432 ,
1267 2387 1469 2423 Promethei
1482 2387 1699 2431 aliorumque
1711 2386 1758 2420 sa-

1081 2442 1169 2477 bulis
1185 2442 1321 2476 exhibet
1338 2440 1487 2482 Cicero,
1505 2439 1607 2474 Tuse.
1626 2439 1662 2473 V
1673 2463 1683 2482 ,
1700 2448 1758 2471 111.

1126 2494 1200 2528 333.
1219 2495 1348 2528 Hrmal
1357 2520 1365 2534 ‚
1390 2492 1586 2527 confirmat.
1602 2491 1757 2525 Lactant-

1081 2547 1118 2580 in
1138 2547 1284 2591 Argum.
1300 2550 1429 2580 tutatur
1441 2547 1643 2580 sententiam
1651 2543 1756 2576 Jom's.

1081 2599 1235 2642 Versus,
1261 2598 1385 2643 quibus
1401 2597 1490 2632 dicta
1507 2596 1604 2630 Jovis
1620 2593 1758 2630 confir—

1081 2651 1189 2685 mavit
1203 2676 1211 2694 ,
1241 2651 1378 2689 habent,
1392 2648 1553 2695 Apollod.
1579 2654 1615 2682 et
1641 2645 1756 2681 Schol.

1082 2703 1190 2737 Hom.
1208 2707 1287 2743 Οἴην
1299 2707 1354 2747 μὲν
1363 2707 1471 2750 μοίρην
1485 2702 1556 2735 δέκα
1568 2704 1681 2748 μοιρῶν
1693 2700 1758 2747 ris.-

1081 2756 1270 2802 πεταιάνὴρ,
1287 2756 1350 2792 Τὰς
1363 2758 1394 2788 δέ
1410 2751 1469 2789 δἐν)
1481 2754 1669 2796 ἐμπίμπλησι
1680 2755 1754 2794 γυνὴ
