1832 3100
301 279 357 323 68
662 279 714 323 Ρ.
759 279 995 327 OVIDII
1039 277 1336 329 NASONIS

300 370 537 420 Incaluisse
559 370 726 430 ferunt,
753 371 1025 439 calidumque
1044 375 1254 424 animasse
1275 394 1472 425 cruorem
1494 392 1507 435 ς

300 452 379 508 Et,
403 468 459 497 ne
480 448 600 497 nulla
622 467 709 496 suae
734 449 883 515 stirpis
906 463 1187 500 monumenta
1209 465 1462 511 manerent,

296 528 351 574 In
374 525 527 575 faciem
550 525 731 573 vertisse
751 526 985 574 hominum
1001 546 1010 574 :
1028 527 1103 575 sed
1125 540 1169 576 et
1191 529 1267 577 illa
1285 548 1482 596 propago

1636 534 1696 579 1'60

301 601 574 652 Contemtrix
597 602 815 667 Superum
829 639 841 660 ,
868 618 1071 668 saevaeque
1091 604 1336 654 avidissima
1353 607 1479 655 caedis
1493 642 1506 666 ‚

298 681 358 728 Et
379 678 567 744 yiolenta
588 678 674 726 fuit
692 697 702 726 ε
724 679 855 727 scires
880 697 902 726 e
926 680 1136 742 sanguine
1158 692 1299 730 natos.

356 762 438 809 -IV,
475 762 586 824 Quae
608 771 732 825 pater
754 771 805 808 ut
827 779 995 808 summa
1014 760 1125 809 vidit
1148 762 1378 811 Saturnius
1401 783 1494 813 arce
1508 803 1521 824 ‚

293 911 375 934 rum
390 897 562 944 originem
572 897 720 932 declarat
730 903 859 931 certam
869 910 878 938 ;
888 909 964 930 ma-

292 956 371 985 trem
381 956 501 985 contra
511 961 587 983 eam
597 948 737 982 dubiam
747 948 963 992 relinquit.—

295 1003 382 1037 Haec
392 1002 513 1037 sabulae
529 1014 606 1047 pars
617 1000 739 1035 adficta
750 1008 890 1045 propter
899 1000 962 1034 ho-

293 1057 430 1090 minum
439 1054 688 1089 crudelitatem.
704 1053 872 1088 Crudeles
880 1067 962 1087 san-

289 1112 389 1152 guine
402 1106 834 1142 nalidicebantur:Tibul.
852 1107 868 1140 1
882 1133 891 1149 ‚
909 1118 938 1140 11
949 1132 958 1149 ,

292 1162 394 1209 3⁴3·-
403 1162 575 1201 Am'mare,
594 1160 629 1195 in
643 1159 798 1193 animans
807 1165 941 1194 vertere
952 1170 960 1192 :

293 1214 347 1248 IV
360 1240 369 1257 ,
386 1214 471 1254 618;
489 1211 578 1247 XIV
592 1237 602 1255 ‚
621 1211 694 1245 565.
718 1210 882 1255 Proseroe
895 1223 960 1244 re-

291 1266 408 1301 vocavi
422 1279 504 1305 suoe,
522 1265 558 1299 in
576 1277 646 1309 quo
661 1263 875 1309 indulgentia
886 1276 961 1298 ma—

289 1324 389 1351 terna
406 1317 494 1350 inest
508 1323 543 1350 et
556 1329 654 1350 causa
666 1315 876 1349 mutationis,
890 1315 960 1349 Ne-

291 1380 357 1412 que
372 1393 382 1411 ,
393 1367 420 1401 si
422 1367 508 1411 fem·
518 1366 739 1412 praecessisset
751 1391 760 1409 ‚
771 1365 890 1409 subjici
902 1378 959 1410 po-

289 1418 408 1453 tuisset
426 1444 436 1461 ,
466 1420 528 1452 sed
542 1422 576 1451 el
592 1420 654 1451 illa
674 1424 736 1452 etc.
773 1418 815 1449 In
829 1415 959 1459 faciem

287 1474 469 1511 bominum,
499 1470 535 1504 in
552 1470 711 1504 homines
722 1495 732 1513 ‚
750 1476 809 1503 aut
826 1469 863 1502 in
878 1469 957 1502 sor-

290 1535 386 1557 mam
416 1521 601 1556 hominurn
618 1547 626 1561 ,
659 1532 762 1565 quam
793 1518 958 1564 Gigantes

290 1587 363 1610 non
378 1575 581 1609 habuerant.
594 1592 640 1599 —
651 1573 709 1607 Sic
722 1572 847 1606 dicitur
857 1571 957 1606 facies

288 1628 405 1671 maris,
414 1616 515 1661 sa¹cies
525 1626 608 1669 caeli,
621 1633 684 1660 etc.
697 1639 704 1666 ;
717 1624 870 1669 adeoque
883 1636 957 1657 om-

288 1681 343 1716 nis
357 1687 498 1714 externa
512 1678 639 1724 species
653 1685 687 1712 et
702 1678 812 1711 forma
825 1702 833 1719 ,
853 1676 958 1710 oculis

264 1760 267 1762 >
289 1733 457 1779 exposita,
474 1733 575 1766 facies
587 1731 784 1777 appellatur.
796 1730 957 1765 Hincsu-

289 1785 454 1831 perficies.
473 1785 538 1818 Ed.

336 1850 348 1870 1
356 1837 407 1871 58.
418 1837 611 1870 Incaluisse.
625 1833 746 1868 Burm.
757 1833 846 1867 bene
862 1833 954 1876 fecit,

288 1887 382 1934 quod
407 1901 493 1922 vers.
509 1900 578 1931 seq.
601 1899 664 1931 pro
680 1888 892 1919 immaduisse
915 1897 956 1918 ex

287 1953 361 1975 uno
376 1939 505 1974 Medic..
519 1946 555 1973 et
566 1938 646 1973 edit.
664 1936 743 1971 Aldi
757 1936 852 1971 dedit
863 1940 955 1970 inca-

285 1996 405 2033 luisse,
426 1992 505 2036 quia
516 1990 620 2026 ovid.
630 1996 722 2024 amat
736 1988 818 2022 tales
828 1989 958 2034 repeti-

285 2046 416 2086 tiones,
435 2051 470 2077 et
486 2042 565 2087 quia
583 2042 619 2075 in
637 2044 747 2076 calore
760 2040 818 2075 illo
833 2040 883 2075 vis
897 2040 954 2086 gi—

287 2094 428 2141 gnendi.

320 2160 346 2181 u
353 2151 404 2193 59.
419 2146 547 2189 Stirpis.
561 2143 700 2177 Thuan.
715 2150 749 2177 et
766 2156 855 2177 unus
867 2143 953 2177 Vos-

260 2211 265 2217 *
284 2199 368 2234 sian.
371 2198 455 2242 feroe
465 2199 587 2239 stirpis,
601 2194 694 2239 quod
705 2194 868 2228 Heinsius
877 2208 953 2229 am-

285 2251 402 2296 plexus
419 2256 480 2283 est.

332 2302 403 2336 162.
421 2302 528 2334 Scires
543 2312 563 2333 e
579 2302 739 2343 sanguine
753 2302 860 2331 natos.
877 2296 929 2331 VI
940 2324 949 2337 ‚

284 2370 325 2390 22
339 2368 347 2389 :
363 2357 471 2389 Scires
493 2368 516 2387 a
535 2355 676 2387 Pallade
699 2355 838 2386 doctam.
863 2353 891 2385 F
892 2359 951 2386 ast.

286 2409 322 2444 ΙΙ
337 2435 346 2451 ,
372 2410 435 2455 4ι9
451 2420 458 2440 :
476 2408 586 2440 Marle
606 2410 699 2439 satos
719 2409 830 2439 scires.
859 2405 950 2438 Vide

284 2459 461 2494 Drakenb.
479 2458 520 2492 ad
538 2458 597 2492 Sil.
612 2458 664 2500 V,
684 2470 756 2503 ²79·

331 2512 492 2555 163-243.
519 2512 664 2557 Lycaon.
699 2508 818 2553 Quam
846 2508 950 2553 impia

281 2564 338 2598 illa
354 2577 372 2597 e
391 2562 579 2607 Gigantum
596 2562 760 2606 sanguine
778 2567 852 2594 orta
867 2572 950 2604 pro-

281 2616 329 2651 les
338 2617 441 2650 fuerit
451 2642 459 2657 ,
472 2615 654 2650 commode
667 2616 831 2661 probatur
839 2627 949 2648 exem-

280 2668 339 2712 plo
361 2667 549 2714 Lycaonis,
575 2667 663 2711 regis
689 2666 862 2709 Arcadiae,
890 2666 947 2710 qui

276 2719 343 2764 ipsi
360 2719 439 2752 Jovi
452 2745 461 2760 ‚
479 2725 585 2752 terras
597 2719 740 2761 visenti,
755 2730 827 2751 non
843 2717 948 2751 modo

280 2784 400 2806 carnes
426 2771 595 2806 humanas
621 2777 824 2815 apposuerat
840 2795 849 2813 ‚
888 2769 949 2804 sed

1027 897 1133 931 etiam
1153 898 1291 933 insidias
1310 906 1500 942 struxerat3
1526 914 1630 947 quam
1648 904 1692 940 ob

1025 950 1287 994 impietatemin
1298 951 1419 996 lupum
1433 966 1617 990 conversus
1632 964 1694 992 est.

1029 1001 1083 1036 Cs-
1095 1003 1224 1049 Hygin.
1239 1004 1306 1038 sab.
1323 1005 1395 1049 176,
1413 1013 1448 1040 et
1462 1005 1693 1052 Apollod.Bi-

1025 1053 1145 1089 blioth.
1164 1054 1237 1098 111,
1255 1057 1293 1096 8;
1311 1068 1380 1101 quo
1398 1064 1545 1103 utroque
1561 1059 1637 1094 loco
1646 1060 1694 1095 fi-

1025 1103 1061 1137 lii
1078 1104 1244 1151 Lycaonis
1255 1132 1264 1149 ,
1290 1107 1383 1151 quod
1398 1107 1454 1143 hic
1469 1109 1616 1144 traditur
1629 1125 1694 1156 pe-

1025 1155 1173 1190 riculum
1187 1183 1196 1200 ,
1213 1157 1250 1191 in
1266 1158 1355 1193 Jove
1372 1160 1482 1195 facere
1499 1170 1671 1197 conantur
1682 1190 1692 1207 ,

1025 1220 1130 1252 quam
1141 1208 1185 1242 ob
1193 1221 1329 1243 causam
1337 1210 1399 1255 ipsi
1407 1211 1552 1248 fulmine
1561 1227 1692 1250 necan—

1025 1266 1099 1302 tur;
1117 1268 1214 1306 pater
1223 1268 1338 1296 autem
1352 1264 1543 1299 secundum
1559 1266 1690 1313 Hygin.

1023 1313 1060 1348 in
1086 1314 1207 1360 lupum
1236 1317 1450 1352 convertitur
1464 1343 1475 1361 ‚
1497 1319 1690 1355 secundum

1024 1366 1184 1411 Apollod.
1203 1374 1318 1402 autem
1335 1380 1404 1402 una
1418 1382 1499 1404 cum
1512 1369 1588 1406 filiis
1603 1384 1690 1406 con·-

1021 1425 1206 1453 crematur.
1232 1418 1325 1453 Cum
1343 1419 1502 1465 Apollod.
1517 1423 1689 1458 consentit

1022 1468 1137 1503 Schol.
1154 1470 1383 1516 Lycophr.‘ad
1398 1485 1484 1507 vers.
1500 1474 1574 1515 481.
1592 1475 1687 1510 Pau-

1021 1532 1092 1554 san.
1110 1520 1235 1555 Arcad.
1257 1535 1290 1566 p.
1307 1522 1391 1565 600,
1410 1523 1513 1558 tradit
1525 1550 1535 1567 ,
1554 1525 1689 1573 Lycao-

1021 1584 1121 1616 nem,
1134 1574 1266 1619 Pelasgi
1278 1573 1402 1618 fifium,
1417 1574 1564 1622 Cecropi
1579 1591 1689 1623 aequa-

1020 1624 1111 1669 lem,
1130 1626 1211 1660 Jovi
1232 1640 1325 1662 sacra
1346 1627 1466 1675 Lycaea
1484 1628 1687 1673 instituisse,

1019 1678 1058 1711 in
1070 1678 1177 1722 iisque
1188 1679 1357 1714 infantem
1365 1680 1580 1725 sacrificasse,
1594 1695 1688 1717 eam-

1022 1741 1088 1772 que
1101 1729 1145 1763 ob
1155 1742 1291 1764 causam
1301 1731 1337 1764 in
1348 1730 1470 1776 lupum
1481 1744 1688 1768 conversum

1021 1793 1103 1815 esse.
1120 1780 1160 1815 Id
1177 1782 1269 1826 quod
1286 1782 1388 1827 paulo
1403 1784 1543 1829 propius
1559 1785 1602 1819 ad
1618 1786 1690 1821 his-

1020 1834 1163 1867 toricam
1185 1835 1366 1869 veritatem
1382 1836 1520 1871 accedit.
1546 1836 1687 1873 Etenim

1021 1884 1125 1918 etiam
1136 1897 1292 1919 manner
1301 1886 1469 1921 Arundel.
1480 1887 1497 1922 I
1507 1913 1517 1931 ‚
1536 1888 1574 1922 31
1591 1915 1601 1932 ,
1613 1902 1685 1924 me-

1020 1943 1134 1969 morat
1146 1962 1155 1978 ,
1171 1936 1387 1982 Lycaonem,
1408 1937 1597 1982 Pandioni,
1618 1939 1686 1974 Ce-

1019 1988 1129 2033 cropis
1154 1988 1225 2022 filio
1239 2014 1248 2031 ‚
1265 1990 1444 2034 'aequalem
1462 2015 1471 2033 ,
1501 1990 1686 2028 instituisse

1019 2039 1099 2073 Jovi
1114 2052 1226 2083 sacra,
1243 2046 1363 2075 Λυκαῖα
1378 2040 1544 2084 dictasin
1562 2042 1684 2087 quibus

1018 2091 1176 2126 homines
1201 2092 1280 2126 Deo
1308 2093 1527 2128 offerrentur.
1567 2095 1683 2140 Atque

1018 2142 1091 2178 haec
1106 2157 1198 2178 sacra
1215 2143 1273 2177 diu
1288 2144 1450 2179 mansisse
1465 2145 1559 2180 inter
1573 2146 1685 2181 Arca-

1014 2194 1091 2238 das,
1110 2208 1149 2228 ex
1160 2195 1301 2239 antiquo
1314 2195 1464 2240 quodam
1476 2203 1614 2232 auctore
1624 2210 1684 2232 re-

1014 2247 1081 2281 fert
1105 2247 1193 2282 Plin.
1212 2248 1259 2282 H.
1277 2248 1319 2284 N.
1340 2249 1452 2292 VIII,
1469 2249 1523 2283 32.
1548 2249 1682 2295 Regem

1015 2300 1146 2345 justum
1161 2301 1262 2335 fuisse
1280 2314 1362 2335 eum
1382 2301 1478 2336 Suid.
1501 2302 1536 2336 in
1555 2305 1684 2339 Λυκάων

1014 2359 1150 2393 narrat3
1169 2360 1270 2397 atque
1287 2353 1388 2387 etiam
1405 2365 1445 2386 ex
1461 2353 1607 2388 Pausan.
1621 2367 1684 2399 ap·-

1014 2412 1132 2450 paret,
1147 2405 1255 2439 multa
1268 2418 1348 2438 eum
1365 2405 1458 2439 inter
1473 2405 1624 2442 Arcadas
1638 2408 1682 2442 ad

1014 2459 1092 2492 vitae
1107 2458 1238 2492 cultum
1253 2458 1433 2492 invenisse.
1454 2459 1621 2495 Fabulam
1638 2461 1681 2496 de

1014 2510 1206 2544 mutatione
1224 2511 1260 2544 in
1278 2511 1399 2555 lupum
1416 2511 1511 2546 facile
1530 2513 1682 2548 nominis

1013 2570 1155 2609 etymon
1165 2576 1284 2608 parere
1293 2564 1412 2608 potuit.
1420 2563 1474 2598 De
1482 2569 1682 2615 λυκοενθρωιίᾳ

1014 2613 1171 2648 universe
1194 2614 1364 2648 Herodot.
1387 2615 1461 2658 IV,
1490 2617 1573 2659 105,
1590 2616 1679 2650 Ptin.

1013 2665 1044 2699 d.
1063 2665 1083 2699 l.
1107 2665 1290 2710 disputant.
1311 2667 1477 2701 Fabulam
1499 2667 1535 2701 in
1556 2679 1591 2701 se
1617 2674 1678 2701 te-

1013 2729 1118 2751 nuem
1145 2717 1290 2752 Ovidius
1309 2718 1510 2752 tractatione
1527 2717 1679 2754 reddidit

1011 2769 1272 2805 memorabilem
1284 2795 1294 2814 ‚
1310 2770 1347 2805 in
1357 2782 1464 2815 eaque
1479 2769 1675 2806 exornanda
