1832 3100
301 223 387 265 500

653 225 704 267 P.
757 225 994 270 OVIDII
1032 226 1333 272 NASONIS

300 314 541 380 Excipiunt
562 326 698 373 natae;
733 335 840 382 quas
865 329 1059 384 tempore
1083 318 1235 368 callida
1255 339 1388 385 parvo

1635 339 1707 372 300

297 389 475 438 Colchis
497 390 693 440 amicitiae
718 392 935 441 mendacis
959 394 1143 456 imagine
1168 395 1310 461 cepit:

295 467 503 532 Dumque
531 467 688 525 refert,
712 469 827 518 inter
849 470 1106 518 meritorum
1128 471 1335 529 maxima,
1363 472 1532 523 demtos

297 543 478 590 AEsonis
503 562 596 592 esse
621 545 757 602 situs,
783 556 914 611 atque
938 546 1020 594 hac
1042 546 1087 593 in
1111 559 1234 612 parte
1256 561 1478 608 moratur3

298 620 408 685 Spes
435 633 502 669 est
522 620 766 684 virginibus
792 622 912 670 Pelia
937 623 1132 687 subjecta
1156 625 1311 673 creatis
1326 662 1337 682 ‚

294 698 401 745 Arte
421 717 550 746 suum
570 698 699 764 parili
722 698 979 746 revirescere
1002 718 1132 764 posse
1154 712 1392 766 parentem.

1642 718 1708 750 305

301 775 487 840 Jamque
510 786 694 840 petunt;
716 775 993 840 pretiumque
1015 775 1173 840 jubent
1194 776 1285 824 sine
1308 777 1393 825 fine
1414 778 1583 843 pacisci.

291 851 373 899 Illa
391 851 513 900 brevi
535 852 677 917 spatio
703 850 827 908 silet3
852 863 896 899 et
919 851 1120 900 dubitare
1142 853 1340 912 videtur;

293 929 618 994 Suspenditque
644 928 813 975 animos
835 927 936 976 ficta
955 929 1161 990 gravitate
1186 941 1405 991 rogantes.

294 1007 404 1053 Mox
421 1005 502 1053 ubi
525 1004 722 1071 pollicita
745 1016 811 1053 est
826 1042 837 1061 ‚
867 1027 888 1047 «
917 1005 1021 1067 Quo
1045 1004 1104 1052 sit
1123 1005 1283 1054 fiducia
1305 1007 1443 1071 major

289 1166 394 1198 Πελίου
414 1166 605 1212 παρελθοῦσα.
626 1160 746 1196 Simile
764 1168 881 1195 tamen
900 1161 963 1194 ali-

291 1212 373 1257 quid
393 1212 495 1247 habet
514 1212 721 1247 Pausanias:
738 1219 781 1259 τῷ
800 1215 877 1258 λόγῳ
892 1212 965 1245 ἄπε-

291 1265 456 1308 χθάνομενη
470 1270 512 1310 τῷ
522 1259 632 1300 ἰάσονι.
646 1263 751 1308 Apud
764 1263 960 1310 Hyginum,

288 1328 324 1349 se
349 1315 488 1349 simulat
514 1314 637 1349 Dianae
662 1314 888 1349 sacerdotem.
919 1331 963 1338 --

294 1368 416 1400 Gravis
425 1370 559 1400 senecta
568 1378 578 1407 ‚·
589 1378 690 1400 versu
705 1365 764 1399 163
773 1365 906 1409 ,sessus
915 1378 964 1399 se-

286 1420 413 1452 nilibus
422 1420 529 1452 annis.
550 1417 773 1451 Lovaniensis
789 1416 892 1451 habet
907 1429 964 1450 se-

287 1475 390 1505 nectoe
403 1497 411 1510 ‚
429 1469 523 1515 quod
541 1483 612 1505 non
632 1469 829 1514 displicebat
848 1470 963 1504 Hein-

288 1522 351 1557 sio.
369 1540 412 1547 -
429 1521 549 1556 Codex
577 1521 708 1566 Regius
725 1522 755 1555 Β
772 1521 876 1555 habet
901 1534 962 1555 se-

288 1577 414 1614 necta,·
442 1573 480 1606 in
506 1571 637 1606 Codice
658 1571 711 1614 A,
741 1576 874 1605 senecta
897 1571 961 1605 alia

287 1636 396 1657 manu
406 1622 471 1656 fuit
482 1622 672 1666 repositum
686 1635 694 1662 ;
717 1634 800 1655 nam
817 1629 888 1655 tota
899 1634 962 1666 pa-

287 1674 365 1719 gina
375 1673 460 1707 adeo
469 1672 592 1718 pallida
599 1679 650 1706 est
660 1679 698 1706 ut
708 1672 763 1706 vix
773 1672 838 1717 legi
847 1678 960 1716 queat.

288 1727 355 1760 Ed.
369 1743 413 1752 —
424 1727 590 1761 Natarum
603 1724 771 1767 nomina,
787 1736 865 1768 ,quae
881 1736 962 1757 mo-

289 1784 395 1812 nente
414 1776 583 1811 Pausania
595 1787 668 1809 non
688 1775 811 1811 tradita
827 1782 927 1809 erant
941 1788 961 1809 a

290 1829 398 1875 poetis
422 1827 571 1872 antiquis
589 1854 600 1871 ,
627 1827 720 1867 varie
744 1826 960 1867 exhibentur.

291 1880 372 1914 Vid.
397 1880 557 1926 Heynius
578 1878 620 1913 ad
637 1878 902 1924 Apollodorum.
918 1896 961 1904 —-

288 1934 476 1967 Mendactzc.
495 1930 614 1966 Codex
631 1931 760 1976 Regius
778 1931 832 1976 A,
847 1930 962 1975 falla—

287 1990 346 2020 cis.
363 2004 407 2011 —
421 1986 571 2028 Imagine
582 2011 590 2025 ,
610 1991 649 2018 ut
660 2010 669 2027 ,
687 1984 704 2018 I
720 2009 729 2026 ,
749 1985 812 2028 754
825 2010 834 2027 ,
851 1988 961 2027 imago

287 2040 444 2081 genitoris
451 2036 702 2080 fals1‘.-·Cep1't.
722 2034 815 2069 Cum
827 2035 962 2080 Argen-

288 2091 362 2125 tino
379 2091 602 2124 Burmannus
618 2089 736 2123 mallet
750 2090 862 2128 duxit,
881 2088 961 2132 quia

289 2136 407 2176 ducere
432 2147 483 2175 est
507 2140 681 2174 blanditiis
705 2139 831 2174 sensim
856 2152 960 2174 suum

289 2193 401 2227 facere
415 2218 424 2235 ,
443 2198 482 2225 ut
492 2191 603 2234 VIII,
622 2204 679 2224 122
696 2204 705 2231 ;
722 2190 781 2224 sed
797 2203 892 2225 nunc
904 2189 959 2224 ad-

289 2244 382 2278 ditur
388 2255 493 2286 pareo
508 2246 655 2284 tempore.
674 2241 720 2275 Et
732 2242 959 2284 capereetiam

292 2294 451 2339 decipere
469 2299 567 2328 notat
586 2306 593 2327 z
611 2293 698 2326 Her.
714 2304 789 2336 ΧΧῙ,
806 2295 885 2337 104:
902 2295 964 2347 th

290 2359 391 2390 saque
405 2347 603 2388 simpla-ilas
613 2349 665 2378 est
673 2357 746 2378 mea
755 2357 857 2388 posse
873 2349 957 2388 capi.

332 2398 407 2431 302.
434 2399 526 2431 Inter
541 2400 725 2430 meritorum
745 2403 809 2430 etc.
832 2396 960 2432 Noster

289 2448 324 2483 id
342 2448 410 2494 agit
422 2474 432 2492 ,
453 2455 492 2482 ut
511 2447 648 2482 Medeae
661 2449 896 2488 calliditatem,
915 2448 958 2482 de

289 2512 358 2544 qua
372 2499 486 2534 caeteri
502 2498 604 2532 silent
616 2524 625 2540 ,
646 2497 814 2532 ostendat.
836 2499 960 2538 stIerHa

287 2551 326 2584 in
342 2550 510 2584 Jasonem
534 2549 680 2594 jactabat
694 2574 704 2592 ,
731 2555 770 2583 ut
792 2548 956 2593 doceret,

289 2614 397 2646 quam
415 2602 569 2647 ingratus
590 2601 647 2635 ille
669 2607 766 2635 esset.
787 2619 831 2626 -—-
844 2602 958 2645 Snus,-

291 2654 466 2697 squalores
482 2660 516 2688 et
531 2652 669 2688 senium
681 2679 690 2695 ,
708 2659 746 2686 ut
761 2665 835 2699 290.
851 2654 960 2687 Ed.-

278 2707 369 2740 sHac
383 2709 419 2739 in
428 2710 543 2749 parte,
568 2705 784 2740 meritorum.
803 2722 846 2731 -—
867 2706 957 2739 Sub--

1019 1164 1119 1207 jecta
1132 1189 1140 1203 ‚
1167 1163 1350 1208 proposita.
1377 1163 1593 1209 Lactantius,
1611 1165 1699 1210 Epil.

1028 1225 1099 1247 xxx
1113 1240 1122 1257 ,
1143 1228 1159 1258 7
1181 1227 1188 1248 ε
1206 1217 1425 1249 omm'studz‘o
1446 1216 1602 1259 subjacet
1603 1219 1699 1262 finis.

1028 1265 1271 1300 Gronovianus
1295 1265 1399 1300 habet
1424 1268 1559 1301 sublata
1574 1294 1584 1307 ‚
1604 1268 1698 1302 unde

1031 1318 1197 1353 Heinsius
1213 1317 1308 1352 dedit
1325 1321 1479 1352 subnata.
1492 1321 1699 1354 —Beaires—

1029 1381 1111 1403 cere.
1134 1368 1240 1403 Multi
1256 1382 1298 1403 ex
1313 1369 1557 1405 vetustioribus
1571 1396 1580 1412 ‚
1592 1371 1700 1414 jude—

1026 1432 1158 1454 nescere
1168 1446 1176 1460 ‚
1203 1419 1297 1465 quod
1309 1419 1438 1455 arridet
1451 1421 1608 1456 Heinsio.
1627 1421 1701 1456 Re-

1028 1471 1072 1515 gii
1095 1471 1204 1505 nostri
1219 1497 1229 1514 ‚
1246 1474 1444 1506 reoimlccere.
1457 1471 1613 1507 -Silius
1629 1473 1701 1507 Ita-

1026 1522 1128 1566 licus,
1155 1523 1242 1567 XV,
1263 1523 1324 1567 134
1342 1536 1350 1557 ;
1366 1525 1453 1558 Pars
1475 1527 1614 1559 credant
1630 1531 1701 1560 tor-

1025 1586 1083 1608 vos
1092 1577 1210 1617 patrui
1215 1578 1406 1608 revirescere
1416 1577 1538 1611 vultu-s.
1557 1576 1700 1611 Etenim

1024 1627 1181 1658 viriditas
1191 1651 1200 1668 ,
1222 1629 1349 1675 χλωρὸν,
1367 1625 1410 1660 de
1425 1626 1541 1672 vigore
1557 1628 1701 1672 juvenili

1025 1683 1060 1709 et
1076 1675 1173 1709 virili.

1068 1726 1143 1759 305.
1158 1728 1299 1771 Jamque
1303 1732 1423 1771 petunt
1431 1735 1495 1763 etc.
1508 1729 1616 1763 Hunc
1627 1742 1701 1764 ver-

1024 1789 1102 1811 sum
1130 1777 1296 1812 Heinsius
1320 1778 1394 1812 sine
1421 1791 1522 1813 causa
1542 1779 1701 1824 spurium

1024 1827 1198 1872 judicabat
1217 1841 1225 1862 :
1250 1841 1321 1862 non
1339 1829 1428 1863 male
1445 1830 1540 1864 enim
1557 1830 1699 1876 cupidi-—

1025 1885 1133 1913 tatem
1144 1878 1326 1913 Peliadum
1340 1880 1509 1925 exprimit.
1521 1882 1698 1916 Burman-

1025 1942 1091 1964 nus
1099 1931 1201 1974 quue
1209 1929 1319 1975 (quod
1330 1930 1459 1970 habent
1467 1932 1566 1978 Regii
1573 1934 1696 1975 nostri)

1029 1994 1070 2014 ex
1087 1993 1159 2014 uno
1177 1981 1314 2016 Heinsii
1329 1982 1476 2018 mutavit
1486 1983 1523 2017 in
1530 1985 1691 2028 Jamque,

1024 2040 1064 2067 ut
1078 2032 1291 2077 impatientia
1302 2032 1507 2076 declaretur;
1510 2034 1588 2079 jam
1602 2036 1697 2070 enim

1024 2083 1119 2118 idem
1134 2083 1246 2129 quod,
1258 2085 1591 2127 statim.—Pret1'um,
1609 2099 1697 2120 mer·

1023 2135 1156 2174 cedem.
1165 2136 1373 2181 -Smefiae,
1390 2136 1576 2181 infinitam,
1587 2139 1697 2173 maxi-

1023 2200 1137 2230 mam,
1152 2188 1326 2237 o'mepn'ecou.
1344 2188 1427 2223 AEu.
1438 2189 1475 2234 Ι,
1493 2192 1696 2238 279211npe-

1023 2243 1107 2273 rium
1121 2241 1267 2284 sinefiae
1278 2241 1364 2273 dedi.

1066 2290 1140 2325 308.
1165 2290 1345 2334 Suspendit
1366 2295 1514 2332 animos,
1545 2293 1693 2338 virgines

1023 2341 1142 2377 dubias
1159 2343 1252 2377 inter
1266 2355 1363 2388 spem
1378 2350 1414 2378 et
1430 2351 1564 2378 metum
1579 2345 1693 2379 relin-

1023 2394 1252 2439 quin—Ficta
1263 2398 1450 2439 graasilate‚·
1468 2396 1626 2431 simulata
1642 2400 1694 2433 rei

1023 2446 1233 2482 difficultate.
1254 2449 1319 2481 Ed.
1338 2466 1381 2473 -
1399 2450 1561 2484 Gravitas
1577 2462 1693 2496 oppo-

1021 2497 1118 2530 nitur
1129 2498 1238 2532 vultui
1253 2498 1370 2533 fallaci.
1381 2518 1425 2525 ·—-
1433 2501 1577 2535 Animos
1587 2528 1595 2536 .
1603 2529 1611 2537 .
1621 2515 1693 2536 ‚ro-

1018 2553 1158 2592 gantem
1178 2549 1339 2584 audacior
1355 2551 1470 2586 sorsan
1486 2552 1612 2587 locutio
1625 2567 1634 2595 3
1657 2561 1692 2587 et

1024 2600 1236 2644 praetulerim
1247 2614 1350 2646 quam
1366 2602 1450 2638 dant
1461 2602 1607 2639 Codices
1615 2616 1690 2638 nos-

1021 2653 1065 2687 tri
1077 2657 1217 2688 animos.
1228 2681 1250 2689 ..
1265 2660 1445 2699 rogantum.
1459 2656 1523 2691 Ed.

1065 2707 1138 2753 309.
1159 2709 1231 2751 Quo
1243 2710 1421 2753 sitfiducia
1428 2710 1543 2754 major.
1554 2709 1689 2754 Apollo-
