1832 3100
372 259 1235 307 METAMORPHOSEONLIB.
1277 265 1316 307 I.

1480 264 1558 308 135

133 378 156 400 »
185 355 285 404 Hoc
303 366 370 414 te,
386 374 516 422 quem
533 366 728 422 spectas,
746 355 833 403 hoc
852 367 892 404 te
905 393 917 414 ‚
940 355 1018 422 qui
1039 367 1254 422 temperat
1270 358 1421 406 orbem
1438 395 1449 415 ‚
1492 384 1559 420 77⁰

133 455 156 476 »
183 431 286 481 Sole
310 444 455 481 satum
480 452 490 480 :
514 432 552 481 si
574 432 677 481 ficta
698 431 885 499 loquor,
910 443 1044 495 neget
1066 432 1163 499 ipse
1188 433 1426 484 videndum

133 533 156 555 ι)
182 511 240 574 Se
260 511 394 569 mihi3
420 511 566 577 sitque
590 509 731 560 oculis
754 510 832 559 lux
854 510 938 559 ista
960 510 1201 560 novissima
1223 514 1401 561 nostris.

131 611 156 633 »
182 590 275 638 Nec
294 588 458 652 longus
478 587 607 638 labor
631 601 697 638 est
716 589 887 656 patrios
909 589 993 638 tibi
1016 609 1150 638 nosse
1173 603 1355 657 penates
1376 612 1386 640 ε

132 689 156 711 »
183 666 313 715 Unde
337 666 503 724 oritur,
531 666 690 715 domus
715 678 782 714 est
806 677 929 715 terrae
950 666 1224 715 contermina
1246 680 1422 718 nostrae.

133 766 157 787 »
183 743 231 792 Si
245 742 378 792 modo
389 743 475 792 fert
487 743 686 800 animus;
707 743 911 806 gradere·‚
932 755 977 793 et
994 743 1210 794 scitabere
1224 745 1280 793 ab
1296 745 1408 813 ipso.
1437 768 1458 790 »
1495 761 1560 807 775

128 820 302 870 Emicat
324 820 545 888 extemplo
569 820 695 870 laetus
718 833 824 888 post
842 821 946 870 talia
969 822 1123 871 matris

130 897 259 948 Dicta
282 918 371 948 suae
392 895 650 958 Phaethon,
680 911 725 948 et
749 900 943 966 concipit
965 900 1125 949 aethera
1147 912 1291 949 mente
1313 921 1324 960 ;

130 976 456 1044 AEthiopasque
482 995 614 1035 suos,
637 976 899 1044 positosque
922 978 1006 1027 sub
1030 978 1211 1042 ignibus
1232 979 1369 1028 Indos

129 1054 321 1104 Sidereis
346 1054 526 1114 transit,
550 1054 808 1121 patriosque
833 1055 925 1104 adit
945 1056 1134 1123 impiger
1156 1069 1294 1105 ortus.

176 1209 251 1244 77⁰·
271 1198 343 1241 Qui
349 1201 511 1241 temperat
522 1198 643 1231 orbem.
654 1195 717 1231 Sol
728 1200 814 1231 letn-

124 1254 226 1295 perat
236 1251 346 1284 orbem
355 1276 364 1290 ,
381 1248 468 1284 dum
482 1249 597 1283 lucem
614 1255 648 1283 et
659 1248 814 1283 calorem

130 1301 289 1348 largitur,
305 1302 396 1336 forte
412 1307 448 1336 et
458 1308 598 1336 motum
611 1301 732 1335 tribuit
739 1300 815 1346 pla-

131 1353 245 1397 netis,
270 1352 590 1399 vicissitudinesque
612 1359 814 1399 temporum

133 1405 251 1442 efficit.
276 1406 438 1451 Horat-21
451 1432 461 1451 ,
482 1405 554 1442 Od.
573 1416 604 1440 11
619 1432 629 1450 ,
654 1409 693 1442 15
709 1418 718 1441 ε
738 1405 814 1440 Ju-

133 1458 225 1505 piter
240 1462 401 1503 tempera!
410 1461 565 1493 mnndum
575 1484 585 1499 ‚
604 1458 703 1504 regit.

179 1511 252 1558 773.
269 1513 342 1548 Nec
357 1514 477 1556 longus
491 1513 589 1546 labor
596 1516 664 1552 est,
681 1514 815 1555 patrios

131 1565 205 1598 ube'.
233 1561 347 1599 Codd.
373 1563 452 1598 RR.
479 1563 523 1598 A.
540 1563 581 1598 Β.
606 1564 677 1598 Nec
695 1565 815 1608 longus

126 1617 260 1659 patrios
273 1616 372 1649 labor
377 1620 430 1650 est
438 1617 510 1649 tibi.
520 1614 690 1650 Notabilis
706 1621 814 1650 trans-

124 1665 267 1712 positio.
276 1684 321 1693 --
333 1668 470 1702 Palrios
480 1670 623 1711 penales
634 1693 643 1707 ‚
664 1666 813 1712 patriam

131 1717 299 1763 domum,
312 1719 445 1766 regiam
459 1718 550 1755 Solis
564 1732 572 1754 :
588 1717 657 1753 vid.
668 1718 710 1753 ad
722 1732 811 1754 vers.

135 1773 208 1816 174.
235 1771 322 1807 Hac
341 1774 430 1806 unde
444 1774 551 1806 oritur
564 1770 645 1815 Sol,
674 1784 693 1806 a
715 1778 814 1818 parte

132 1823 315 1868 orientali,
332 1827 539 1859 contermina
552 1828 607 1858 est
617 1827 713 1859 lerm-
725 1836 814 1858 nos-

132 1880 201 1911 tre.
222 1874 330 1922 Apud
347 1874 507 1921 Euripid.
525 1874 674 1910 Phaeth.
689 1875 814 1920 fragm.

132 1940 166 1974 p.
181 1927 245 1972 462
256 1954 265 1972 ,
282 1934 307 1964 t.
318 1927 354 1963 II
364 1954 374 1972 ‚
389 1926 472 1963 edit.
487 1927 579 1974 Lips.
591 1927 737 1973 Merops
746 1940 815 1962 vo-

66 2014 70 2023 ,
131 1985 234 2014 catur
243 1991 304 2014 rex
317 1979 393 2024 ejus
405 1985 509 2015 terra
518 2006 528 2024 ,
545 1992 650 2025 quam
664 1979 815 2025 primam

135 2031 198 2067 sol
213 2032 372 2068 exoriens
386 2032 534 2069 illustret
545 2059 554 2077 ,
575 2039 611 2068 et
628 2045 735 2078 quam
751 2032 812 2067 ni-

135 2084 190 2131 gri
200 2080 305 2119 vicini
318 2086 465 2120 lucidam
475 2084 643 2119 Auroram
658 2086 712 2128 (ἕω
727 2100 817 2132 φαεν-

136 2133 251 2180 281⁹)ss
260 2136 350 2170 Solis
359 2138 496 2171 stabula
509 2137 521 2180 (
527 2139 608 2177 ἡλίου
620 2136 815 2180 ἵππος-ἄσης)

136 2186 323 2233 appellent.
347 2186 400 2222 Ea
424 2199 508 2222 vero
537 2195 589 2222 est
611 2187 790 2233 AEthiopia
804 2212 814 2231 ,

137 2240 211 2284 cui,
229 2240 356 2287 quippe
369 2240 433 2275 sub
446 2239 610 2276 calidiore
625 2240 708 2276 caelo
722 2240 794 2275 sitae
804 2266 814 2284 ,

138 2291 284 2328 vicinior
294 2299 347 2328 est
356 2291 418 2329 Sol
427 2307 437 2337 ;
452 2305 535 2329 nam
547 2305 627 2328 mox
637 2294 816 2338 AElhmpas

877 1208 958 1231 suos
972 1202 1150 1231 memorat
1163 1222 1172 1240 ,
1190 1194 1315 1242 quibus
1331 1195 1463 1232 vicinos
1482 1197 1564 1233 sacit

878 1251 996 1284 Indos.
1021 1248 1170 1284 Veteres
1186 1255 1305 1283 autem
1321 1249 1384 1283 sub
1403 1250 1562 1284 Indorum

879 1309 915 1336 et
930 1303 1122 1346 AElhiopum
1134 1301 1281 1336 nomine
1298 1313 1423 1336 omnes
1438 1301 1565 1336 Orien-

880 1353 923 1387 tis
940 1352 1086 1398 populos
1103 1352 1276 1398 complexi
1291 1359 1396 1396 sunt,
1422 1353 1459 1387 in
1477 1365 1564 1388 aus—

879 1405 1023 1440 tralibus
1050 1404 1271 1450 potissimum
1299 1404 1406 1451 plagis
1435 1417 1445 1440 :
1485 1405 1566 1440 vide

881 1456 1012 1503 Cuper.
1039 1456 1223 1492 Observat.
1249 1457 1322 1500 IV,
1344 1471 1374 1504 7.
1395 1475 1440 1483 —
1465 1458 1562 1492 Con—

878 1512 1029 1544 termt‘na.
1039 1509 1200 1544 Vossian.
1212 1515 1248 1544 et
1261 1521 1353 1543 unus
1370 1508 1471 1544 Basil.
1484 1522 1564 1544 con-

864 1563 978 1607 finia,
996 1569 1036 1597 ut
1051 1561 1095 1597 sit
1110 1561 1290 1608 appositio.
1310 1561 1429 1597 Nostri
1448 1561 1564 1597 Codd.

877 1613 1053 1660 vulgatam
1070 1613 1211 1650 habent.

923 1669 996 1714 775.
1021 1668 1063 1701 Si
1074 1670 1172 1702 modo
1183 1666 1260 1711 fert
1274 1670 1427 1708 animus,
1448 1665 1476 1701 si
1493 1679 1562 1701 cu-

878 1718 929 1764 pis
944 1728 954 1751 ε
970 1718 1049 1754 vide
1066 1718 1109 1754 ad
1126 1732 1213 1754 vers.·
1234 1733 1262 1754 1.

925 1773 998 1820 776.
1024 1775 1164 1808 Emicat
1186 1772 1402 1808 celeritatem
1420 1771 1564 1807 indicat.

877 1827 1078 1861 -EmicaL
1092 1825 1310 1868 Exili13nam
1324 1827 1468 1859 emicare
1481 1837 1562 1858 cum

878 1878 1079 1913 subsiliente
1092 1890 1238 1923 corpore
1250 1876 1406 1912 laetitiam
1422 1875 1563 1911 indicat.

879 1929 1003 1975 Virgil.
1023 1929 1165 1964 AEneid.
1178 1940 1217 1963 vx
1228 1955 1238 1972 ,
1258 1932 1277 1964 5
1294 1939 1302 1960 ε
1319 1930 1484 1976 Juvenurn
1494 1941 1562 1962 ma-

880 1993 943 2015 nus
963 1984 1088 2015 emicat
1106 1983 1229 2015 ardens
1252 1981 1350 2014 Litus
1373 1982 1410 2014 in
1425 1981 1562 2023 Hespe-

879 2035 986 2075 rium‚·
1006 2039 1041 2068 et
1059 2032 1148 2067 alibi.
1166 2033 1233 2066 Ed.

927 2097 998 2131 777.
1016 2085 1171 2129 Concipit
1177 2083 1289 2118 viator
1300 2087 1408 2118 mente
1420 2082 1536 2118 locum
1550 2109 1559 2126 ‚

881 2147 952 2181 quo
978 2135 1093 2171 tendit
1107 2148 1116 2171 :
1143 2135 1309 2182 proponit
1331 2134 1395 2170 sibi
1422 2135 1539 2170 locum
1552 2161 1563 2179 ,

881 2200 952 2234 quo
976 2187 1108 2223 tendat.
1130 2205 1176 2214 —·
1197 2189 1335 2222 Positos
1350 2190 1414 2222 sub
1428 2190 1563 2232 ignibus

880 2241 994 2287 Indos.
1008 2240 1134 2276 Horat.
1153 2240 1169 2274 Ι
1185 2265 1194 2283 ,
1213 2239 1284 2275 Od.
1302 2251 1376 2283 ΧΠ,
1399 2242 1440 2276 55
1460 2254 1471 2276 .-
1487 2243 1568 2276 sub-

868 2293 986 2337 jectos
1002 2295 1141 2328 odeum·
1156 2305 1221 2327 ora
1236 2294 1351 2327 Indos.
