1832 3100
308 270 1035 321 METAMORPHOSEON
1062 272 1200 316 LIB.
1239 272 1364 317 VII.

124 369 326 420 Solverat
346 367 559 432 ingeniis3
584 378 630 415 et
649 365 923 434 praecipitata
945 365 1139 430 jacebat,

1461 270 1548 331 537

1486 379 1552 424 760

123 450 362 502 Immemor
382 450 618 515 ambagum
633 487 646 509 ,
672 461 792 497 vates
817 447 1031 504 obscura,
1052 437 1245 495 suarum.

125 535 303 585 Scilicet
322 520 434 584 alma
455 533 638 583 Themis
663 552 756 582 non
780 531 884 580 talia
906 530 1073 598 linquit
1092 528 1236 578 inulta
1256 548 1266 576 ε

125 618 338 668 Protinus
362 617 521 666 Aoniis
545 615 803 665 immittitur
823 613 958 663 altera
979 611 1148 661 Thebis

123 763 281 800 carmine
297 769 531 810 conceptum,
552 760 647 796 unde
667 764 806 811 χρησμὸς

123 824 277 853 vocatur.
299 815 393 851 Vide
409 815 558 851 Valken.
579 813 624 849 ad
645 813 806 859 Euripid.

123 869 250 906 Phoen.
261 871 315 904 50.
324 866 807 914 SimiliterAEschylus,Eum.

123 924 191 959 308
206 949 217 967 ,
243 928 362 969 μοῦσαν
379 923 524 972 voyteh,
540 924 636 955 tnzete
650 932 783 954 carmen
795 945 804 960 ,

123 977 419 1020 vocae—lugeam
427 986 515 1020 opus
521 979 596 1007 erat
605 971 648 1006 ad
657 971 807 1017 aenigma

122 1026 404 1074 intelligendum.
427 1045 471 1052 —
494 1027 629 1061 Priores
643 1051 652 1065 ‚
685 1023 810 1058 homi-

124 1092 188 1114 nes
213 1086 296 1115 ante
324 1077 513 1124 OEdipodis
537 1076 740 1112 adventum.
764 1095 810 1102 —

123 1133 297 1177 Ambages
311 1131 355 1166 de
372 1130 595 1166 sermonibus
608 1129 762 1165 obscuris
773 1136 809 1164 et

124 1184 304 1230 ambiguis.
318 1183 361 1219 In
370 1184 724 1227 immemorambagum
733 1194 809 1216 non

125 1244 199 1280 est,
226 1243 267 1272 ut
281 1235 505 1271 Srhiracbius
531 1235 676 1281 putabat
694 1261 703 1278 ,
726 1247 809 1270 sar—

125 1301 263 1328 casmus
279 1289 440 1335 ineptus3
460 1287 522 1323 sed
541 1288 620 1323 talia
635 1287 750 1323 solent
765 1287 809 1323 de

126 1342 278 1377 mortuis
299 1342 374 1377 sine
389 1348 575 1377 contemtu
593 1341 672 1376 dici.
698 1341 808 1376 Recte

127 1393 265 1441 Sphinx
278 1399 375 1430 vates
389 1394 518 1430 dicitur
528 1420 537 1437 ,
563 1394 645 1440 quia
659 1396 812 1428 carmina

126 1447 297 1492 canebat,
309 1459 421 1494 eaque
433 1449 577 1483 obscura
587 1474 595 1488 ‚
618 1459 694 1482 non
707 1446 812 1481 intel-

126 1499 215 1535 lecta
222 1499 615 1546 prioribus.Monstrum
626 1499 711 1534 illud
719 1498 813 1534 The-

127 1552 227 1588 banis
246 1552 462 1597 immiserat,
488 1551 684 1588 secundum
704 1552 788 1587 alios
800 1578 810 1596 ,

128 1604 286 1641 Bacchus
303 1605 447 1649 (Schol.
464 1605 636 1650 Hesiodi,
651 1619 684 1652 p.
702 1606 788 1649 251)
801 1620 810 1648 ;

127 1656 323 1693 secundum
331 1658 427 1701 alios,
435 1658 460 1692 J
463 1670 549 1700 uno;
561 1657 810 1704 Apollodorus,

128 1710 206 1753 111,
223 1710 394 1751 5;Schol.
407 1710 607 1757 Euripidis,
625 1709 668 1745 ad
686 1709 810 1745 Phoen.

130 1764 225 1810 1748.
241 1764 349 1799 Forte
360 1763 416 1799 alii
428 1763 648 1800 tradiderant
660 1790 670 1808 ,
690 1776 710 1799 a
728 1765 812 1799 The-

127 1816 265 1852 m1'a'eid
282 1817 415 1865 sactum
428 1844 438 1862 ,
455 1824 550 1853 certe
568 1818 719 1864 aenigma
734 1830 812 1862 sup-

124 1867 332 1914 peditatum.
349 1869 422 1905 Sed
437 1870 638 1914 dubitatur,
657 1883 700 1905 an
713 1869 812 1904 Ovi-

125 1920 204 1957 dius
219 1921 294 1957 hnc
313 1922 488 1968 scripserit
505 1948 515 1966 ,
547 1935 626 1968 quae
644 1922 812 1962 Heinsius

127 1973 230 2008 nobis
257 1973 364 2009 dedit.
395 1975 533 2021 Nempe
555 1976 718 2009 ‘Laiades
739 1975 813 2019 jam

129 2025 154 2061 J
155 2039 204 2062 ac.
212 2026 399 2062 Tam-ellus
405 2027 499 2074 legit.
509 2028 660 2062 Solverat
667 2055 675 2067 ,
688 2025 812 2062 Codex

129 2078 308 2124 antiquior
323 2077 466 2114 Ciosani
479 2105 489 2123 ,
515 2079 650 2125 primus
667 2079 814 2115 Grono-

129 2127 200 2176 vii,
226 2133 362 2179 primus
385 2132 660 2178 Ambrosianus,
682 2134 814 2169 Arun-

130 2186 199 2222 del.
212 2193 249 2223 et
265 2187 406 2222 Ersord.
421 2188 615 2234 prael'erunt
628 2201 712 2223 :non
727 2190 814 2222 talia

129 2238 263 2274 habent
271 2239 447 2284 meliores,
455 2247 491 2276 et
499 2240 812 2282 1’mm1’ttilurmulti3

128 2294 239 2326 altera
252 2292 481 2327 Florentinus
493 2292 529 2327 S.
548 2292 661 2327 Marci
676 2299 713 2326 et
723 2292 813 2337 Spi-

128 2345 225 2380 renzi
238 2347 483 2391 ;·Pecorumqae
493 2344 570 2391 (aut
576 2342 789 2390 pecorisque)
803 2370 812 2387 ,

129 2410 268 2444 suoque,
279 2398 478 2444 complures
493 2411 502 2440 3
520 2400 681 2442 rurigena
691 2424 700 2437 ‚
718 2397 814 2433 casti-

128 2449 288 2496 gatiores.
318 2449 407 2485 Inde
435 2449 604 2485 Heinsius
623 2450 813 2485 lectionem

129 2513 230 2536 suam
249 2502 457 2548 composuit.
485 2502 577 2537 Nam
595 2508 697 2537 antea
721 2501 813 2537 ede—

120 2554 234 2590 ‘batur
249 2568 258 2590 :
287 2557 448 2591 Carmina
466 2558 620 2591 Naiades
636 2554 702 2592 nori
711 2558 816 2591 inlel-

127 2609 216 2642 Iecta
225 2611 375 2652 priorum
384 2610 523 2644 Solvunt
529 2612 675 2653 ingeniis
734 2622 815 2643 sua-

127 2672 215 2701 tum,
236 2661 374 2695 Scilicet
383 2663 477 2695 alma
491 2663 645 2695 Themis:
657 2674 719 2695 nec
727 2664 814 2695 talia

131 2714 230 2757 liqui!
235 2714 353 2748 inulta.
365 2715 525 2748 Proliaus
532 2714 567 2746 A
568 2716 656 2747 oniis
662 2716 815 2747 immissa

131 2770 184 2799 es!
208 2768 320 2800 bellua
346 2767 490 2807 Thebis,
519 2767 632 2800 Cessit
652 2770 687 2800 el
709 2769 815 2801 exitio

133 2820 248 2853 malles
263 2831 273 2852 ,’
291 2822 470 2864 pecorique
494 2820 623 2864 sibique
646 2820 816 2853 Buricolae

871 766 938 794 etc.
955 758 1047 794 Eam
1055 756 1246 793 lectionem
1257 753 1455 790 defendunt
1465 754 1556 789 Par-

872 813 1018 857 rhasius,
1034 812 1143 858 Epist.
1155 811 1290 856 Quaest.
1303 810 1358 852 38,
1368 815 1403 843 et
1413 807 1557 843 schira-

872 866 979 901 chius.
997 865 1204 912 Intelligunt
1216 864 1264 899 illi
1281 864 1440 899 Naiadas
1454 874 1556 909 nym-

872 919 958 966 phas
975 917 1233 954 Cithaeronidas
1248 944 1258 963 ,
1280 915 1453 962 Apollinis
1478 927 1556 949 nu-

873 972 979 1013 trices
994 998 1003 1016 ,
1027 984 1104 1017 quae
1120 970 1239 1017 priscis
1255 968 1472 1015 temporibus
1488 980 1556 1002 va-

874 1024 1025 1059 ticinatae
1041 1030 1153 1058 erant.
1184 1022 1333 1057 Pausan.
1357 1021 1470 1056 Boeot.
1487 1029 1554 1061 111,

874 1091 907 1123 p.
919 1077 991 1122 718.
1005 1077 1073 1112 Hae
1085 1075 1191 1122 igitur
1199 1077 1347 1113 solvunt,
1361 1072 1532 1118 explicant
1544 1097 1554 1114 ,

874 1134 1042 1171 carmina,
1060 1129 1198 1164 oracula
1209 1156 1218 1173 ,
1231 1140 1360 1174 nempe
1378 1126 1558 1160 Themidis.

876 1183 973 1218 Hinc
983 1183 1039 1218 illa
1051 1195 1126 1218 non
1139 1181 1287 1228 amplius
1296 1179 1422 1215 colitur
1432 1192 1451 1213 a
1459 1177 1536 1213 The
1547 1196 1559 1203 -

874 1235 974 1270 banis
987 1261 996 1279 ‚
1029 1241 1064 1269 et
1081 1235 1196 1280 imago
1213 1234 1289 1279 ejus
1309 1234 1526 1276 proec12nt‘lala
1543 1255 1551 1269 ‚

875 1294 1033 1334 proruta,
1045 1287 1080 1321 in
1092 1287 1224 1332 templo
1232 1285 1446 1332 jacet.Hune
1453 1295 1559 1318 suum

875 1346 1098 1375 contemtum
1124 1352 1199 1373 non
1222 1337 1303 1372 tulit
1319 1349 1420 1383 aequo
1439 1336 1559 1370 animo

877 1393 1025 1427 Themis
1036 1418 1046 1436 ,
1063 1391 1123 1427 sed
1136 1391 1281 1426 immisit
1292 1389 1472 1425 Thebanis
1481 1388 1559 1423 bel—

874 1445 970 1480 luam
990 1471 999 1489 ,
1028 1452 1094 1480 etc.
1121 1444 1188 1479 His
1211 1443 1395 1490 attingitur
1419 1441 1557 1484 sabula,

875 1509 982 1541 quam
1006 1497 1221 1541 ignoramus.
1245 1496 1288 1530 In
1317 1494 1431 1529 verbis
1456 1506 1558 1528 non-

875 1550 972 1584 nulla
982 1550 1181 1584 offendunt.
1193 1550 1275 1585 Non
1287 1549 1386 1585 enim
1395 1554 1558 1594 apparet,

873 1617 938 1638 cur
956 1611 1059 1650 poeta
1077 1610 1150 1638 tarn
1165 1603 1375 1639 contemtim
1391 1602 1434 1636 de
1454 1601 1561 1636 The—

874 1655 969 1690 mide
982 1657 1148 1701 loquutus
1158 1657 1201 1691 sit
1216 1682 1225 1700 ,
1244 1669 1311 1691 nec
1322 1659 1356 1692 τὸ
1373 1658 1508 1690 scillae!
1520 1666 1561 1689 ex

875 1722 940 1744 usu
958 1711 1134 1744 Veterum
1151 1709 1358 1744 adhibitum.
1379 1708 1421 1743 Id
1435 1707 1560 1742 melius

874 1762 1020 1808 ponitur
1030 1788 1039 1805 ,
1051 1762 1111 1797 ubi
1121 1762 1305 1797 sententiae
1315 1761 1559 1807 proferuntur,

877 1816 934 1851 III
948 1842 957 1859 ,
980 1816 1040 1850 135
1052 1841 1061 1858 ,
1088 1822 1148 1850 aut
1163 1828 1275 1860 quum
1296 1815 1372 1860 quis
1388 1814 1560 1860 indigna-

876 1875 936 1903 tur
951 1867 1118 1902 irridetve
1141 1867 1269 1914 aliquid
1285 1893 1294 1912 ,
1315 1867 1350 1902 ΙΙ
1364 1893 1373 1910 ,
1392 1869 1466 1912 47ι.
1482 1866 1561 1901 Ali—-

877 1921 962 1967 quid
979 1927 1098 1955 tamen
1119 1920 1334 1955 auctoritatis
1355 1919 1496 1954 lectioni
1511 1918 1561 1952 illi

876 1972 1010 2007 accedit
1039 1986 1080 2007 ex
1105 1972 1276 2007 Lactantii
1305 1971 1531 2016 Argumento
1548 1996 1559 2014 ,

876 2025 935 2060 ubi
950 2023 1024 2060 haec
1040 2025 1207 2070 leguntur
1224 2037 1233 2058 :
1261 2025 1430 2064 Thebani,
1455 2025 1561 2058 Naia-

875 2081 975 2113 dibas
986 2106 994 2121 ‚
1016 2081 1055 2113 N
1043 2081 1242 2126 ymphisque
1244 2077 1368 2122 sutura
1372 2078 1562 2122 predicen-

876 2133 966 2166 tibus
978 2158 986 2172 ‚
1013 2132 1188 2166 Themidis
1194 2132 1278 2165 Deae
1285 2133 1429 2165 obscura
1445 2131 1563 2164 dantis

875 2195 1037 2228 respousa
1051 2209 1060 2224 ,
1087 2186 1243 2228 templum
1269 2187 1461 2218 everterant.
1486 2180 1562 2216 Nisi

877 2248 960 2271 cum
987 2236 1137 2271 Heinsio
1163 2236 1279 2271 dicere
1301 2235 1384 2271 velis
1403 2262 1412 2279 ,
1439 2242 1562 2270 aucto-

877 2302 955 2324 rem
986 2289 1086 2324 illum
1112 2290 1150 2324 in
1181 2289 1370 2324 mendosos
1399 2288 1561 2323 incidisse

880 2341 1029 2378 Codices
1042 2370 1052 2387 ,
1085 2349 1121 2377 et
1146 2343 1384 2377 inveteratum
1401 2354 1474 2376 esse
1495 2354 1560 2376 er-

877 2407 1007 2430 rorem.
1023 2411 1068 2422 ·-
1081 2395 1183 2441 Regii
1199 2394 1311 2429 nostri
1328 2393 1480 2429 Codices
1495 2405 1562 2427 an-

878 2448 1014 2493 tiquam
1025 2447 1156 2482 habent
1170 2447 1372 2490 lectionem,
1385 2458 1491 2491 quam
1501 2458 1562 2481 su-

878 2515 941 2547 pra
959 2501 1117 2548 exposuit
1134 2501 1175 2535 el.
1205 2502 1343 2545 θίαν-ιζ,
1373 2500 1440 2535 nisi
1465 2499 1562 2545 quod

880 2554 1005 2590 Codex
1021 2554 1072 2598 A,
1092 2566 1156 2599 pro
1172 2555 1289 2594 cessit,
1317 2553 1444 2588 habeat
1459 2555 1561 2587 venit.

879 2607 1013 2642 Saltem
1034 2605 1236 2641 emendatio
1263 2605 1433 2647 Laiades,
1461 2605 1526 2639 etsi
1542 2618 1561 2639 a

878 2659 1076 2694 recentiore
1102 2670 1211 2693 manu
1229 2657 1308 2692 data
1321 2683 1330 2701 ,
1347 2657 1427 2692 selix
1452 2664 1503 2692 est
1526 2664 1562 2691 et

878 2711 1016 2746 nodum
1041 2714 1187 2756 ehgemks
1207 2710 1335 2746 nostris
1355 2712 1464 2745 soluit.
1493 2708 1562 2743 Ed.

879 2783 924 2792 --
947 2765 1092 2804 Aoniis,
1121 2764 1293 2806 Boeotiis;
1318 2763 1434 2799 Aonia
1462 2761 1561 2797 enim

880 2830 959 2863 pars
972 2824 1026 2852 est
1044 2817 1199 2853 Boeotiae.
1222 2818 1290 2853 Ed.
