1832 3100
263 226 324 281 24
771 229 806 271 P
819 228 855 272 R
869 229 918 271 AE
931 228 1097 273 FATI
1113 230 1154 273 O

260 330 304 366 et
328 336 423 384 quae
447 315 576 383 plura
599 330 857 384 sequuntur.
901 320 1108 386 Myrrha,
1146 321 1213 378 X,
1240 319 1333 381 455
1351 358 1363 379 ‚

366 419 613 472 Nutricisque
633 434 784 458 manum
804 420 896 461 laeva
914 429 1042 468 tenet;
1065 421 1177 460 altera
1199 429 1308 461 motu

369 484 529 524 Coecum
548 485 621 524 iter
634 485 804 538 explorat
826 501 835 525 :
851 485 1001 525 thalami
1021 488 1093 540 jam
1108 486 1235 526 limina
1252 488 1397 541 tangit3

367 551 529 603 Jamque
548 550 647 591 fores
670 550 812 605 aperit3
832 553 903 604 jam
924 552 1201 594 ducitur-intus
1221 569 1230 593 :
1251 563 1289 594 at
1310 554 1365 593 illi

365 615 515 669 Poplite
531 616 711 656 succiduo
733 630 853 671 genua
870 617 1121 668 intremuere,
1143 627 1213 658 etc.

261 703 495 749 Innumera
518 699 615 748 loca
639 701 970 750 transcribenda
994 714 1160 761 essent,
1187 698 1225 751 si
1245 703 1392 751 omnia
1410 702 1577 752 adferre
1594 702 1685 752 vel-

260 782 346 832 lem
363 821 374 840 ,
401 802 497 849 quae
516 783 597 830 hac
616 803 660 832 se
676 785 836 834 virtute
859 787 1180 835 commendant.
1208 790 1268 836 Et
1280 787 1522 836 innumeris
1538 786 1684 836 modis

259 865 489 928 ingenium
504 867 759 924 ostentavit,
779 867 917 926 aliter,
938 871 1027 928 ΙΙΙ,
1053 868 1169 928 380,
1194 871 1240 918 in
1262 871 1457 919 Narcissi
1475 881 1519 918 et
1535 869 1686 918 Echus

264 948 510 1015 colloquio;
532 949 669 1007 aliter,
686 952 794 1009 VII,
821 950 937 1010 813,
962 952 1007 999 in
1031 953 1220 1018 Cephali
1244 952 1479 1010 cantilena;
1499 951 1625 1001 aliter
1640 953 1688 1003 in

267 1035 551 1084 conversione
573 1035 780 1101 quadam,
807 1038 853 1094 I,
882 1054 986 1102 700.
1012 1037 1148 1086 Mitto
1163 1038 1399 1086 sententias
1413 1037 1686 1100 ingeniosas,

268 1121 431 1189 qualis,
455 1124 519 1180 II,
553 1121 608 1169 13
622 1159 634 1180 ,
643 1122 778 1188 facies
800 1142 878 1170 non
901 1124 1084 1171 omnibus
1106 1143 1223 1192 una„
1246 1126 1340 1174 Nec
1352 1124 1506 1174 diversa
1526 1134 1682 1180 tamen,

265 1206 423 1272 qualem
441 1205 553 1253 decet
577 1224 660 1255 esse
677 1225 868 1254 sororum.
896 1206 967 1255 Ad
985 1225 1033 1254 ea
1057 1219 1387 1273 praevertamur,
1414 1226 1510 1275 quae
1532 1207 1687 1258 vitiose

266 1289 312 1336 in
334 1288 418 1336 hoc
440 1308 595 1351 genere
620 1290 675 1337 ab
699 1309 750 1338 eo
777 1290 940 1355 scripta
963 1302 1080 1339 sunt.

331 1374 499 1438 Nempe
525 1373 709 1421 luxuriat
725 1385 769 1421 et
785 1372 955 1421 lascivit
971 1374 1064 1437 ejus
1081 1373 1279 1438 ingenium
1301 1392 1391 1420 non
1409 1392 1530 1430 raro,
1552 1391 1689 1439 quum

266 1475 346 1505 nec
370 1456 552 1504 modum
573 1457 619 1503 in
642 1456 776 1504 rebus
800 1456 1063 1504 exornandis
1087 1467 1252 1513 teneat,
1283 1475 1363 1504 nec
1400 1455 1508 1522 quid
1537 1455 1688 1503 deceat

270 1552 415 1597 curet3
439 1559 569 1606 quam
591 1539 807 1587 luxuriem
821 1540 906 1604 jam
928 1539 1103 1597 Seneca,
1121 1539 1329 1587 Controv.
1345 1540 1557 1597 XXVIII,
1572 1539 1617 1586 in
1636 1557 1687 1586 eo

266 1626 487 1691 vituperat
508 1645 518 1672 t
542 1643 633 1672 non
654 1624 801 1672 minus
823 1623 939 1671 enim
960 1642 1163 1685 magnam
1187 1623 1394 1671 virtutem
1417 1641 1512 1671 esse
1531 1654 1558 1680 ‚-
1580 1623 1689 1670 scire

270 1709 465 1757 desinere
480 1745 492 1765 ‚
519 1726 651 1773 quam
674 1707 784 1754 scire
809 1706 963 1755 dicere.
997 1707 1112 1772 Ejus·
1139 1718 1285 1756 autem
1314 1707 1410 1755 vitii
1435 1705 1684 1773 exemplum

272 1803 486 1841 memorat
506 1802 637 1856 atque
657 1790 847 1852 exagitat
863 1790 972 1838 alter
987 1790 1171 1847 Seneca,
1193 1792 1248 1838 N.
1275 1790 1333 1854 Q.
1350 1828 1362 1848 ‚
1386 1792 1453 1838 III
1467 1828 1479 1848 ‚
1502 1807 1583 1856 27;
1610 1790 1691 1838 ubi

272 1888 445 1933 monet,
471 1874 681 1923 Ovidium
705 1874 751 1921 in
773 1873 938 1921 diluvio
962 1873 1259 1921 Deucalioneo
1282 1893 1364 1940 pro
1387 1873 1691 1937 magnitudine

272 1959 335 2007 rei
358 1959 540 2015 dixisse,
574 1956 727 2007 Omnia
739 1967 892 2023 pontus
909 1966 1045 2012 erant,
1084 1956 1162 2006 sed
1183 1975 1286 2005 mox
1306 1976 1406 2004 eum
1423 1956 1478 2004 ad
1499 1956 1690 2022 pueriles

275 2041 464 2108 ineptias
498 2040 690 2104 delatum
708 2078 720 2098 ‚
752 2042 848 2091 Nat
879 2041 1000 2106 lupus
1029 2041 1133 2089 inter
1154 2058 1268 2095 oves,
1310 2052 1390 2088 etc.
1419 2059 1429 2087 :
1452 2058 1543 2109 non
1575 2039 1691 2088 enim

278 2143 370 2172 esse
394 2142 486 2172 rem
511 2123 616 2171 satis
640 2123 834 2171 sobriam
849 2161 860 2181 ‚
880 2123 1076 2172 lascivire
1098 2123 1304 2172 devorato
1329 2123 1436 2171 orbe
1456 2134 1691 2180 terrarum3

276 2228 344 2257 ma
350 2207 503 2271 gnifice
518 2208 684 2255 dictum
697 2226 790 2255 esse
804 2207 890 2254 hoc
904 2226 913 2253 :
929 2206 1183 2273 Exspatiata
1196 2217 1318 2255 ruunt
1322 2225 1402 2272 per
1415 2217 1586 2273 apertos,
1609 2217 1689 2254 etc.

277 2292 410 2343 modo
431 2312 521 2341 non
546 2303 764 2349 curasset,
790 2290 897 2357 quid
921 2308 1023 2339 oves
1045 2301 1089 2340 et
1110 2289 1206 2355 lupi
1229 2289 1414 2339 fecerint
1430 2309 1439 2338 :
1458 2289 1600 2338 natari
1617 2307 1693 2337 au-

278 2388 366 2424 tem
378 2376 424 2423 in
437 2375 602 2424 diluvio
617 2394 705 2423 non
719 2374 931 2441 potuisse,
945 2372 1020 2422 sed
1040 2372 1193 2421 eodem
1209 2372 1376 2439 impetu
1395 2391 1531 2439 pecus
1549 2391 1692 2429 omne,

283 2479 370 2526 quo
385 2471 560 2528 raptum
573 2458 706 2507 fuerit
717 2496 728 2515 ‚
748 2476 940 2507 mersum
956 2475 1062 2505 esse.
1082 2456 1223 2505 Simili
1241 2457 1369 2514 vitio,
1394 2469 1552 2523 praeter
1566 2456 1671 2505 alias
1682 2493 1693 2513 ‚

279 2542 453 2590 laborat
474 2541 667 2590 Narcissi
685 2540 847 2589 fabula.
868 2542 933 2589 Ut
946 2541 1152 2591 Narcisso
1171 2560 1247 2590 sua
1266 2541 1398 2591 facies
1411 2579 1423 2599 ‚
1444 2541 1505 2590 sic
1530 2540 1692 2590 Ovidio

278 2626 372 2691 ejus
396 2625 562 2673 insania
587 2625 803 2690 placuisse
828 2624 1012 2673 videtur.
1049 2625 1142 2673 Nec
1158 2625 1203 2673 in
1225 2625 1426 2675 incendio
1450 2624 1603 2674 mundi
1623 2642 1692 2672 res

284 2708 431 2758 sobria
463 2719 555 2757 erat
588 2709 657 2765 ΙΙ,
685 2706 772 2755 331
798 2707 954 2771 jocari,
978 2706 1162 2758 incendia
1178 2708 1309 2758 lumen
1329 2708 1588 2764 Proebebaat,
1611 2707 1692 2756 ali-
