1832 3100
359 222 1064 279 METAMORPHOSEON
1105 234 1240 277 LIB.
1279 235 1353 279 11.

1493 229 1571 284 145

140 350 164 374 »
191 328 331 390 Finge
355 326 484 376 datos
503 342 687 374 currus:
709 323 817 391 quid
835 326 969 387 agas?
990 325 1216 392 poterisne
1239 328 1396 377 rotatis

144 428 169 451 >›
198 404 376 455 Obvius
398 403 462 452 ire
483 401 625 470 polis,
649 420 706 450 ne
732 413 774 450 te
794 402 909 450 citus
933 401 1100 450 auferat
1123 402 1251 451 axis?

1532 433 1549 466 x]

1556 421 1574 454 ’.Ἰ

140 503 165 527 >2
187 481 399 531 Forsitan
421 492 466 530 et
487 478 616 528 lucos
641 478 754 537 illic,
779 478 1023 545 urbesque,
1054 478 1301 546 domosque

137 582 163 604 n
191 558 430 638 Concipias
451 558 600 608 animo
617 595 629 616 ‚
658 556 933 624 delubraque
955 555 1064 604 ditia
1086 555 1214 603 donis

139 658 163 681 »
190 637 331 686 Esse:
355 656 436 704 per
454 636 640 685 insidias
663 636 748 685 iter
773 647 864 694 est,
883 634 1136 701 formasque
1157 633 1374 683 ferarum:
1408 631 1411 640 ’

139 737 163 759 »
189 717 342 783 thue
362 715 477 764 viam
501 727 650 764 teneas
665 753 677 773 ‚
700 713 919 780 nulloque
942 731 1088 762 errore
1112 711 1326 771 traharis;

122 792 163 837 '»
189 795 277 843 Per
297 806 444 856 tamen
468 793 640 843 adversi
665 792 878 856 gradieris
903 811 1066 840 cornua
1085 792 1243 850 Tauri,
1528 809 1571 841 ει,

138 894 162 915 »
193 872 544 939 Haemoniosque
567 889 693 920 arcus
709 908 720 930 ‚
743 870 1017 937 violentique
1042 890 1120 919 ora
1141 870 1331 928 Leonis,

142 970 167 993 »
194 949 406 1017 Saevaque
430 949 620 999 circuitu
646 960 899 997 curvantem
920 947 1102 997 brachia
1122 947 1260 1011 longo

134 1076 279 1112 Ernesti
303 1075 401 1111 Clav.
434 1074 508 1111 Cic.
530 1075 565 1110 h.
582 1089 614 1110 v.
627 1095 673 1102 -
695 1077 821 1111 Vincit.

133 1130 165 1166 F
165 1130 291 1165 lorent.
308 1133 449 1172 v1'11cal‚·
468 1129 551 1164 hinc
568 1130 693 1164 Burm.
711 1129 819 1163 etiam

134 1182 314 1227 suadebat,
324 1195 367 1217 ne
375 1195 437 1217 me.
448 1182 567 1216 Nostri
580 1181 694 1216 codd.
701 1185 820 1217 vincit.

182 1237 232 1281 74.
247 1236 423 1269 Poterisne
442 1237 565 1269 mtatis
589 1240 654 1268 etc.
683 1231 821 1268 Caelum

136 1293 301 1322 movetur
323 1286 414 1322 circa
423 1287 526 1330 polos
542 1298 552 1319 .-
569 1284 606 1320 hi
630 1298 715 1332 ergo
740 1291 823 1320 sunt

136 1339 246 1374 veluti
259 1343 340 1374 rote
352 1339 435 1373 coeli.
452 1338 535 1372 Jam
551 1340 682 1372 obvium
702 1341 751 1372 ire
764 1351 820 1372 ro-

137 1395 223 1427 talis
235 1393 329 1437 polit
350 1397 402 1426 est
417 1390 438 1425 i.
456 1403 488 1435 q.
506 1389 609 1436 paulo
626 1397 707 1425 ante
719 1417 728 1432 ‚
754 1403 820 1423 ra·-

131 1445 216 1488 pt‘do
225 1446 302 1478 orbi
307 1447 425 1478 contra
433 1444 546 1484 cache}
560 1454 643 1476 narn
652 1454 715 1488 per
720 1443 822 1486 polos

137 1510 235 1532 nunc
253 1496 402 1531 omnino
425 1495 549 1531 c‘aelum
574 1495 820 1541 intelligemus.

137 1549 262 1583 Molem
268 1551 414 1582 rolaiam
420 1547 526 1582 habet
533 1546 625 1582 Plin.
636 1546 729 1581 Hist.
739 1546 820 1582 Nat.

137 1601 175 1637 11
187 1627 198 1645 ,
211 1601 256 1644 33
278 1599 464 1635 Claudian.
483 1599 530 1645 V,
547 1604 608 1645 527
619 1626 628 1644 ,
643 1602 721 1634 dum
738 1603 824 1633 rotet

134 1653 361 1697 astrapohs,
373 1651 433 1686 ubi
447 1650 595 1686 Gesner.
611 1657 722 1694 notat,
740 1650 821 1696 pul—

134 1703 258 1739 chram
268 1717 343 1739 esse
354 1703 585 1750 phantasiam,
597 1704 694 1749 quasi
703 1710 821 1737 motus

132 1757 347 1805 principium
357 1757 402 1792 sit
410 1757 447 1792 in
459 1770 518 1792 axe
528 1757 602 1802 illo,
613 1757 703 1792 circa
714 1769 821 1802 quem

132 1811 258 1846 celum
272 1811 432 1846 vertimr.
459 1811 583 1856 ltaque
609 1816 645 1845 et
671 1809 822 1845 Ovidius

135 1862 253 1906 addit,
277 1876 319 1899 ne
335 1867 370 1897 le
384 1865 474 1897 citus
491 1869 556 1897 etc.

171 1915 234 1966 Ι76.
257 1916 462 1960 Domosque.
480 1913 595 1949 Codd.
614 1913 726 1948 nostri
742 1913 821 1948 RR.

134 1970 294 2004 Deorum.

182 2036 234 2068 77.
259 2022 441 2066 Conct’pt‘as
465 2023 587 2055 animo.
611 2020 763 2061 Φαντάζη.
778 2037 822 2045 --

136 2075 261 2115 Donis,
269 2074 307 2108 in
317 2073 444 2119 quibus
451 2085 531 2107 vasa
540 2072 576 2106 in
588 2071 709 2117 primis
718 2083 823 2105 sacra.

137 2127 180 2161 cs.
194 2125 317 2171 Virgil.
336 2124 479 2160 AEneid.
500 2125 517 2159 Ι
530 2151 540 2169 ,
559 2124 633 2169 446.
645 2125 823 2158 -Formae

132 2178 287 2223 fiturum
304 2183 387 2212 sunt
405 2177 488 2211 serae
501 2176 583 2222 ipsae
597 2188 605 2210 ε
623 2174 701 2210 vide
716 2174 759 2210 ad
783 2175 800 2210 Ι
815 2202 825 2221 ,

140 2232 392 2278 73.—-Ins1'dioe
406 2230 540 2276 elfirae‚
554 2230 583 2264 ἓν
600 2229 654 2264 διὰ
669 2233 763 2272 &toz-J,
775 2229 823 2263 se·

137 2298 186 2320 rae
213 2284 428 2320 insidiantes.
463 2283 670 2329 Intelligunt
703 2289 822 2317 autem

135 2337 250 2374 sidera
269 2336 411 2371 Zodiaci
423 2362 433 2380 ,
453 2348 531 2382 quae
548 2341 726 2370 certarum
745 2335 823 2369 ani-

136 2390 312 2425 mantium
337 2388 465 2437 figuras
494 2389 667 2423 referunt.
694 2406 739 2414 —-
776 2387 826 2421 [st

134 2448 271 2484 teneas,
300 2441 394 2488 finge
417 2448 451 2476 te
476 2448 610 2476 tenere.
631 2458 677 2466 —
702 2441 823 2475 Errare

136 2498 231 2531 trahi
244 2494 445 2540 exquisitius
464 2506 571 2539 quam
592 2506 710 2528 errare.

181 2549 234 2584 80.
261 2550 328 2583 Per
345 2551 456 2581 tamen
477 2549 620 2582 adversi.
647 2546 822 2591 Loquitur

135 2601 203 2646 ita,
222 2606 262 2636 ut
277 2599 328 2636 sol
346 2599 466 2634 omnia
482 2598 547 2634 ista
562 2599 659 2645 signa
674 2611 747 2633 uno
765 2597 821 2632 die

138 2665 344 2699 percurrere
362 2651 524 2686 videatur
538 2677 547 2694 ‚
569 2663 646 2696 quae
661 2663 735 2684 non
756 2650 823 2684 nisi

138 2706 267 2752 integri
296 2705 380 2740 anni
411 2704 523 2750 spatio
548 2703 721 2749 percurrit
741 2717 749 2745 ;
785 2702 823 2737 ἰιι

141 2771 212 2805 quo
229 2757 340 2794 utitur
355 2757 493 2792 licentia
511 2755 620 2801 poetis
642 2768 821 2798 concessa,

294 2826 396 2870 III.

890 1083 929 1111 ut
953 1083 1052 1111 tanto
1073 1076 1198 1111 fortius
1220 1075 1397 1111 deterreat
1415 1077 1573 1112 animum

890 1127 1062 1162 audacem
1086 1126 1319 1164 Phaetliontis
1336 1141 1354 1163 a
1370 1130 1567 1175 proposito:

886 1180 955 1214 vid.
983 1181 1082 1215 Alex.
1111 1181 1301 1217 Tassonius
1323 1183 1358 1217 in
1380 1184 1485 1218 Pens.
1507 1182 1576 1218 div.

890 1233 941 1267 IX
957 1260 966 1277 ‚
991 1233 1054 1276 363
1078 1247 1187 1279 quem
1204 1234 1357 1270 laudavit
1374 1236 1574 1271 Burmann.

888 1285 1064 1321 Recenset
1081 1294 1199 1322 autem
1216 1287 1416 1323 saevissimas
1432 1295 1573 1324 tantum

888 1339 1019 1373 formas
1032 1365 1041 1382 ,
1060 1345 1096 1374 et
1109 1339 1199 1374 eain
1216 1340 1337 1385 primis
1353 1341 1537 1385 nominat,
1554 1355 1573 1376 a

888 1390 1012 1436 quibus
1023 1390 1090 1426 illae
1100 1391 1301 1427 metuentlae
1310 1400 1402 1428 sunt.
1413 1411 1454 1422 —·
1469 1395 1581 1429 Tauri

887 1443 1028 1488 signum
1050 1442 1103 1477 sol
1130 1443 1394 1489 ingrediebatur
1420 1444 1473 1480 IV
1492 1445 1574 1480 Kal.

887 1495 999 1538 Maii;
1025 1496 1150 1530 Manil.
1175 1496 1192 1531 Ι
1206 1523 1215 1540 ,
1250 1497 1314 1532 5ιὸ
1337 1510 1345 1531 :
1368 1499 1495 1544 Quique
1510 1501 1573 1533 sub

885 1551 1217 1583 averst'numeranlur
1226 1551 1334 1584 sidere
1352 1552 1464 1586 Tauri.
1477 1551 1572 1598 Hyg-

887 1601 1030 1637 Astron.
1045 1602 1114 1645 III,
1126 1614 1168 1635 20
1180 1615 1188 1637 :
1201 1604 1271 1637 Hic
1284 1603 1422 1639 Taurus
1433 1617 1571 1639 aversus

886 1657 993 1689 oritur
1009 1661 1045 1689 et
1061 1656 1196 1690 occidit.
1218 1655 1314 1690 Hinc
1331 1655 1485 1702 Scaliger
1498 1683 1507 1700 ,
1526 1656 1570 1691 ad

886 1707 1012 1742 Manil.
1025 1721 1057 1753 p.
1071 1721 1092 1756 9
1102 1735 1110 1748 ‚
1127 1708 1332 1752 contendit,
1349 1715 1384 1743 et
1396 1709 1452 1744 hic
1462 1713 1576 1744 aversi

886 1759 1078 1805 legendum
1096 1773 1179 1795 esse.
1197 1760 1247 1795 At
1261 1773 1358 1795 nunc
1372 1774 1445 1796 non
1466 1775 1572 1807 quae-

886 1812 978 1845 ritur
990 1838 999 1855 ,
1017 1811 1197 1856 quomodo
1211 1812 1248 1846 in
1265 1812 1388 1847 caelum
1404 1814 1520 1848 veniat
1537 1822 1574 1848 et

886 1863 969 1898 inde
983 1863 1129 1898 decedat
1142 1890 1151 1908 ,
1165 1864 1226 1899 sed
1241 1877 1311 1909 quo
1321 1871 1464 1910 spectet.
1476 1867 1574 1911 ,speci

885 1919 942 1949 tat
954 1922 1074 1950 autem
1081 1917 1286 1950 adexorlum
1300 1918 1425 1951 solem:
1437 1917 1570 1965 Hygin.

888 1965 1031 2002 Astron.
1050 1967 1108 2009 11,
1130 1980 1182 2001 21.
1205 1967 1317 2012 Igitur
1332 1970 1570 2004 adversireti-

887 2017 1059 2053 nendum.
1101 2018 1155 2052 Eo
1182 2018 1255 2064 ipso
1280 2020 1443 2055 terribilis
1471 2029 1568 2066 erat,

887 2070 983 2115 quod
992 2073 1153 2105 adversus
1165 2082 1177 2113 ‚·
1195 2083 1260 2106 con
1265 2078 1317 2106 tra
1325 2073 1568 2108 aversiadver-

886 2129 983 2157 satur
996 2123 1139 2158 consilio
1157 2123 1291 2158 Phoebi.

933 2177 953 2211 8
959 2191 971 2211 1
978 2203 986 2211 .
996 2178 1190 2212 Haemombs
1197 2190 1308 2212 arcus.
1325 2177 1567 2224 Sagittarium,

889 2228 948 2274 qui
963 2227 1109 2275 fingitur
1123 2243 1205 2264 arcu
1221 2236 1322 2265 tenso
1334 2257 1344 2274 ,
1362 2231 1459 2276 quasi
1476 2232 1568 2267 mit—

887 2289 960 2316 tere
970 2281 1147 2327 incipiens.
1158 2283 1351 2317 Haemom'os
1366 2296 1427 2318 seu
1446 2284 1568 2319 Thes-

886 2333 1004 2369 salicos
1022 2334 1105 2378 (vid.
1123 2332 1167 2368 ad
1184 2335 1222 2378 1,
1243 2336 1321 2379 568)
1336 2362 1344 2380 ,
1363 2336 1444 2381 quia
1460 2350 1566 2372 com-

886 2386 1003 2432 plures
1016 2385 1214 2431 tradebant,
1226 2386 1322 2422 hunc
1338 2388 1566 2434 Sagittarium

887 2453 929 2474 an
936 2447 989 2475 tea
1003 2441 1105 2476 fuisse
1118 2440 1342 2476 Centaurum
1356 2455 1364 2476 ε
1376 2442 1508 2489 Hygin.
1527 2445 1570 2479 P.-

887 2493 930 2528 A.
960 2494 994 2528 ll
1005 2520 1014 2537 ,
1040 2508 1092 2540 27.
1123 2494 1296 2529 Centauri
1320 2503 1438 2530 autem
1467 2506 1569 2533 erant

887 2547 1052 2582 Thessali.
1422 2585 1425 2588 ,

930 2600 982 2633 82.
996 2600 1157 2633 Brachia.
1179 2597 1298 2634 Chelae
1313 2598 1448 2646 Scorpii
1462 2628 1472 2646 ,
1490 2616 1567 2648 quae

887 2651 1128 2686 etiamcomua
1137 2658 1172 2686 et
1177 2651 1283 2695 furca·
1292 2651 1467 2688 dicuntur.
1479 2654 1567 2690 Cur-

886 2710 943 2738 vat
955 2703 1092 2738 brachia
1103 2706 1203 2749 longo
1215 2707 1365 2747 circuitu,
1385 2706 1466 2751 quia
1474 2707 1567 2744 inte-

890 2755 940 2800 gri
963 2755 1051 2801 signi
1068 2756 1217 2801 spatium
1236 2758 1464 2804 occupabant,
1482 2774 1568 2796 vers.

1336 2842 1386 2869 10
