1832 3100
293 225 349 267 82
661 221 712 268 P.
743 224 991 272 =OVIDII
1027 227 1335 275 NASONIS

294 314 517 364 Caeruleus
540 314 676 365 frater
694 317 818 382 juvat
840 319 1127 369 auxiliaribus
1150 321 1297 375 undis.

1642 344 1709 390 275

294 393 522 441 Convocat
542 392 614 441 hic
636 413 809 453 amnes3
835 396 912 462 qui
934 409 1172 463 postquam
1194 410 1306 449 tecta
1329 403 1503 468 tyranni

293 471 513 519 Intravere
535 470 603 518 sui
618 508 629 527 ‚
659 493 681 513 «
707 472 812 520 Non
837 484 902 520 est
925 473 1170 523 hortamine
1195 474 1330 539 longo

265 532 270 541 ¹
297 568 320 589 »
347 548 498 605 Nunc,
522 547 607 605 ait,
633 548 848 597 utendum
870 569 880 598 :
902 550 1016 599 vires
1035 550 1249 602 effundite
1271 567 1448 604 vestras.

295 646 319 667 >›
345 625 418 673 Sic
441 644 555 691 opus
580 636 669 684 est3
695 626 862 692 aperite
885 627 1063 685 domos,
1089 648 1137 677 ac
1154 666 1165 687 ,
1189 629 1305 678 mole
1324 646 1514 692 remota,

297 723 321 745 »
347 700 628 750 Fluminibus
651 702 808 751 vestris
832 714 948 752 totas
970 704 1194 753 immittite
1218 706 1425 756 habenas.
1448 732 1470 752 »

1644 727 1709 761 28⁶

297 779 528 826 Jusserat:
553 778 602 826 hi
625 778 834 837 redeunt,
859 799 907 828 ac
933 780 1134 830 fontibus
1158 802 1235 831 ora
1257 783 1453 835 relaxant.
1469 824 1481 845 ‚

297 858 358 905 Et
385 855 608 905 defrenato
631 856 868 906 volvuntur
890 858 938 906 in
957 877 1133 924 aequora
1156 879 1300 909 cursu.

292 933 393 999 Ipse
417 933 604 982 tridente
628 952 710 981 suo
740 945 900 982 terram
923 935 1143 1002 percussit
1168 948 1242 984 :at
1259 937 1334 985 illa

292 1010 528 1058 Intremuit
546 1047 562 1067 ⁷
581 1021 796 1076 motuque
819 1011 943 1059 sinus
962 1012 1167 1078 patefecit
1193 1033 1417 1081 aquarum.

290 1086 546 1152 Exspatiata
570 1097 707 1134 ruunt
728 1105 809 1152 per
832 1100 1008 1153 apertos
1027 1089 1208 1139 flumina
1231 1111 1437 1159 campos;

292 1236 322 1259 v,
331 1223 562 1269 37o.—Illum.
574 1222 697 1257 Heius.
705 1222 855 1258 malebat
863 1226 968 1267 illam,

292 1288 365 1310 non
383 1275 604 1320 improbante
625 1274 844 1309 Burmanno.

336 1329 410 1373 275.
430 1329 549 1360 Frater
567 1329 744 1367 ceruleus,
775 1326 969 1371 Neptunus.

295 1378 428 1414 Omnia
436 1378 542 1418 enim,
558 1390 634 1423 quae
642 1377 678 1412 in
689 1378 775 1412 mari
787 1386 882 1422 sunt,
890 1392 971 1424 poe-

292 1431 334 1467 tis
357 1433 499 1466 caerulea
514 1437 574 1464 aut
593 1432 717 1464 viridia
735 1429 910 1464 dicuntur.
928 1430 971 1464 In

292 1484 438 1519 nomine
451 1483 568 1528 stater
590 1483 675 1518 latet
707 1496 808 1518 causa
841 1484 971 1530 promti

292 1537 404 1572 auxilii
420 1549 427 1571 :
442 1538 665 1570 auxiliaribus
679 1537 788 1576 undis,
803 1542 971 1581 tanquam

292 1588 509 1623 auxiliaribus
528 1586 643 1633 copiis.
660 1587 831 1622 Praeclara
847 1587 934 1623 idea.

337 1640 411 1685 275.
435 1639 574 1674 Amnes.
587 1638 680 1673 Sunt
696 1638 777 1683 Dii,
795 1639 855 1683 qui
871 1639 972 1674 habi-

292 1698 369 1727 tant
382 1691 419 1726 in
429 1691 583 1726 fontibus
591 1691 751 1725 amnium
763 1717 772 1734 ,
785 1691 844 1736 qui
855 1691 970 1727 sontes

294 1742 385 1777 hanc
403 1742 447 1777 ob
463 1755 602 1777 causam
619 1755 700 1776 mox
716 1749 885 1777 vocantur
901 1745 971 1778 do—

291 1808 374 1829 mus.
397 1795 473 1829 Hos
499 1800 662 1829 convoca!
678 1822 686 1836 ‚
719 1802 759 1830 ut
779 1796 972 1841 imperator

291 1846 496 1893 praetorium
508 1873 517 1891 ,
545 1846 654 1892 iisque
670 1847 824 1882 breviter
835 1874 844 1890 ‚
871 1860 970 1882 more

291 1900 546 1945 imperatorum
558 1925 567 1942 ,
579 1898 745 1934 mandata
754 1898 823 1934 dat.
838 1900 971 1934 Amnes

294 1958 413 1986 autem
427 1978 436 1995 ,
454 1951 621 1996 quoniam
632 1964 667 1985 se
684 1951 722 1985 in
737 1964 836 1985 mare
849 1964 972 1986 exone-

291 2010 394 2046 rant,
418 2005 615 2049 tyrannidi,
639 2002 787 2048 imperio
814 2003 972 2049 Neptuni

294 2054 440 2099 subjecti
456 2061 547 2088 sunt.

337 2106 412 2151 278.
431 2107 543 2145 Vires,
560 2106 863 2149 aquas—ffloles,
879 2113 972 2142 terra

293 2165 328 2205 et
341 2169 418 2192 saxa
430 2183 439 2199 ,
458 2156 581 2201 quibus
595 2163 775 2191 coercetur
786 2157 946 2192 foramen
960 2184 969 2201 ,

293 2207 389 2243 unde
402 2207 528 2242 fluvius
542 2206 620 2241 exit.
633 2225 677 2232 ·-
692 2208 797 2241 Totas
811 2209 971 2242 habenas.

295 2260 327 2295 T
330 2259 492 2294 ranslatio
505 2258 546 2295 ab
557 2258 654 2304 equis
665 2265 802 2303 sumpta
815 2285 823 2302 ‚
841 2260 899 2303 qui
914 2259 971 2294 ha-

295 2312 394 2347 benis
413 2311 630 2346 inhibentur.
651 2312 716 2344 Ed.
734 2329 777 2336 —
794 2312 974 2346 Immillere

293 2366 443 2399 habenas
462 2362 586 2409 passim
603 2369 788 2407 usurpatur
804 2375 821 2396 a
838 2364 947 2408 poetis
960 2390 970 2407 ,

296 2417 355 2451 ubi
377 2416 498 2451 durior
518 2417 592 2460 ejus
610 2427 690 2449 usus
715 2414 825 2449 videri
847 2417 969 2461 possit:

299 2469 396 2514 Virg.
422 2469 503 2503 AEn.
520 2468 555 2502 V
569 2494 578 2511 ,
607 2467 669 2501 562
695 2467 737 2501 de
762 2467 842 2514 igne
854 2496 862 2509 ,
881 2468 974 2512 furit

295 2523 455 2556 imnussis
477 2521 646 2554 Vulcanus
655 2521 813 2562 habenis,-
834 2520 971 2556 Lucret.

296 2571 353 2615 V,
378 2572 440 2616 785
453 2598 462 2613 ,
491 2571 630 2605 arbores
650 2575 810 2606 immissis
833 2574 971 2607 habenis

296 2637 358 2670 per
374 2637 473 2659 auras
489 2632 658 2659 creseunt.
683 2625 745 2659 Est
765 2632 882 2659 autem
899 2630 970 2661 ιἰνι-

296 2681 424 2712 mittere
433 2677 478 2711 id.
486 2690 517 2722 q.
528 2676 724 2720 admittere,
733 2678 842 2713 laxare
854 2692 861 2713 ;
873 2678 969 2724 Vix-g.

299 2728 383 2762 AEn.
401 2728 415 2763 I
431 2755 440 2771 ,
473 2729 514 2762 63
528 2755 537 2770 ,
566 2729 677 2763 ventis
699 2732 800 2764 laxas
822 2732 970 2766 habenas

1643 1111 1708 1147 285

1035 1227 1125 1260 dare.
1141 1225 1242 1261 Idem
1256 1234 1375 1273 tropus
1389 1241 1471 1264 mox
1486 1229 1523 1265 in
1537 1232 1710 1277 defrenaelo
1737 1256 1741 1260 -

1034 1291 1143 1312 cursu.
1159 1297 1204 1305 —·
1213 1280 1394 1316 Immillite.
1410 1282 1513 1318 Unus
1519 1287 1709 1327 permittite.

1036 1329 1239 1375 Utrumque
1256 1339 1362 1367 recte.

1078 1381 1153 1415 281.
1175 1383 1254 1416 Ora.
1273 1383 1461 1420 Foramina
1481 1386 1644 1423 sontium.
1665 1406 1709 1416 ·—-

1032 1434 1202 1473 relaxant,
1221 1441 1260 1469 ut
1277 1442 1374 1471 tanto
1392 1438 1507 1483 major
1523 1439 1574 1474 vis
1593 1453 1708 1487 aqua-

1033 1495 1114 1517 rum
1131 1497 1359 1531 prorumpere
1383 1491 1498 1534 possit.
1519 1508 1564 1518 —-
1584 1495 1709 1527 Fonti-

1033 1535 1095 1567 bus
1115 1549 1183 1570 ora.
1217 1537 1259 1571 In
1281 1537 1394 1574 fluviis
1424 1539 1589 1576 dicuntur
1612 1544 1709 1578 ostia.

1034 1583 1159 1621 Aditus
1188 1587 1375 1624 domorum
1399 1598 1434 1626 et
1459 1592 1579 1628 limina
1603 1595 1708 1629 etiam

1032 1649 1091 1671 ora
1102 1636 1277 1680 dicuntum
1286 1641 1336 1676 uti
1343 1649 1458 1687 partes
1464 1642 1589 1687 domus
1597 1658 1709 1680 mem·

1033 1687 1095 1722 bra
1105 1701 1128 1723 a
1136 1690 1227 1725 Plin.
1238 1700 1416 1728 vocantur.
1430 1695 1529 1741 Virg.
1540 1696 1624 1732 AEn.
1635 1699 1688 1733 VI
1699 1724 1710 1742 ,

1034 1753 1121 1775 vers.
1129 1741 1184 1776 53:
1195 1757 1212 1772 «
1221 1742 1399 1779 dehiscent
1407 1745 1576 1784 Attonitae
1583 1761 1710 1796 magna

1034 1806 1094 1827 ora
1113 1793 1247 1829 domus.
1267 1810 1285 1826 »
1299 1798 1366 1831 Ed.
1724 1842 1726 1844 Ι

1052 1854 1054 1856 ’
1078 1846 1151 1880 283.
1168 1848 1246 1890 Ipse
1259 1875 1267 1888 ‚
1295 1855 1335 1883 ut
1353 1851 1439 1889 αὐτ-ἇς
1457 1876 1466 1894 ,
1496 1849 1540 1886 «le
1564 1851 1710 1888 domino

1034 1909 1159 1931 eorum
1173 1924 1182 1940 ,
1206 1898 1249 1934 de
1267 1901 1392 1945 quibus
1409 1914 1526 1936 sermo
1538 1929 1548 1947 ,
1572 1903 1709 1940 dicitur.

1034 1951 1232 1985 —Tridens.
1248 1958 1391 2001 Tpioecvoe,
1407 1953 1541 2000 insigne
1552 1955 1710 2001 Neptuni

1035 2008 1071 2035 et
1087 2007 1364 2053 5αλαττοκρατιάς,
1382 2004 1475 2040 haud
1491 2005 1594 2042 dubie
1609 2019 1710 2054 prop-

1036 2061 1130 2089 terea
1140 2082 1150 2098 ‚
1164 2056 1255 2101 quod
1269 2069 1365 2091 mare
1377 2059 1516 2093 tertiam
1527 2060 1709 2106 regionem

1036 2106 1192 2151 obtinet,
1221 2109 1283 2143 etsi
1301 2109 1356 2143 alii
1373 2109 1472 2144 aliter
1488 2123 1497 2146 :
1519 2110 1598 2146 vide
1615 2112 1710 2147 Plu-

1034 2157 1142 2192 tarch.
1160 2158 1203 2193 de
1217 2159 1297 2194 lsid.
1311 2173 1387 2206 pag.
1401 2162 1475 2196 581.
1494 2162 1610 2197 Reisk.
1626 2163 1710 2198 Tri-

1036 2209 1140 2245 dente
1155 2212 1243 2247 solet
1259 2219 1294 2246 et
1309 2220 1421 2258 potest
1438 2214 1624 2260 Neptunus
1633 2229 1712 2260 per-

1034 2267 1143 2297 culere
1156 2269 1274 2299 terram
1284 2292 1292 2306 ,
1312 2265 1407 2300 unde
1419 2273 1540 2309 κινυτὴς
1553 2277 1609 2312 γῆς
1621 2294 1630 2311 ,
1650 2285 1710 2304 σει-

1036 2320 1151 2359 σίχθων
1162 2342 1171 2359 ,
1192 2321 1337 2361 γαιήοχος
1353 2324 1418 2352 etc.
1431 2343 1440 2360 ‚
1468 2318 1613 2354 dicitur:
1630 2320 1708 2355 vide

1036 2367 1226 2412 Spanhem.
1238 2395 1248 2412 ‚
1275 2369 1317 2403 ad
1336 2368 1473 2403 Gallim.
1491 2369 1525 2404 h.
1541 2370 1621 2406 Del.
1638 2373 1681 2407 3ο
1697 2399 1706 2416 ,

1036 2420 1087 2454 31.
1098 2438 1142 2446 --
1150 2421 1248 2454 Sinus
1261 2433 1429 2465 aquarum,
1442 2434 1604 2458 cavernas
1614 2425 1709 2470 aquis

1035 2471 1191 2515 repletas.
1209 2472 1306 2518 Virg.
1321 2471 1450 2519 Georg.
1467 2474 1539 2518 IV,
1558 2475 1624 2519 364
1637 2488 1708 2510 vo-

1034 2530 1088 2556 cat
1104 2525 1273 2566 speluncis
1286 2526 1383 2559 lacus
1395 2527 1541 2560 clausos.

1078 2576 1151 2610 235.
1168 2576 1279 2612 Locus
1295 2577 1520 2614 adumbratus
1532 2593 1573 2614 ex
1583 2579 1706 2626 Vix-git.

1035 2628 1118 2662 AEn.
1136 2629 1282 2676 11,496:
1299 2630 1486 2675 Aggeribus
1494 2635 1600 2676 ruptis
1609 2644 1707 2676 quum

1033 2693 1187 2724 spumeus
1200 2685 1310 2716 amnis
1329 2684 1447 2724 Exiit,
1477 2686 1708 2728 oppositasque

1033 2735 1133 2767 em'ct't
1148 2737 1278 2778 gurgite
1292 2736 1394 2768 moles
1402 2760 1412 2777 ,
1439 2735 1556 2769 Γινίιιν
1567 2737 1603 2769 in
1625 2747 1707 2770 arva
