1832 3100
273 288 355 343 134

628 290 679 333 P.
725 291 961 336 OVIDII
997 292 1295 339 NASONIS

269 403 292 422 υ
319 380 400 428 Ille
424 380 546 428 ferox
572 383 686 430 tacui
708 402 717 431 :
741 384 879 450 pudet
901 385 992 433 haec
1014 385 1254 451 opprobria
1277 368 1409 436 nobis

272 479 294 498 »
320 458 381 504 Et
403 457 489 504 dici
510 459 729 523 potuisse,
756 473 800 508 et
819 480 914 508 non
938 462 1136 527 potuisse
1156 462 1323 528 repelli.

269 556 291 576 »
320 534 382 581 At
407 546 476 593 tu,
501 536 539 583 si
560 537 691 584 modo
711 557 808 586 sum
830 537 988 586 caelesti
1012 539 1150 605 stirpe
1171 551 1363 597 creatus,

1613 556 1678 601 760

270 632 291 651 »
319 610 413 658 Ede
435 623 585 660 notam
610 613 719 661 tanti
743 614 913 676 generis
933 634 943 672 ;
969 634 1125 682 meque
1146 615 1294 664 adsere
1313 615 1432 664 caelo.
1459 638 1482 659 »

266 686 414 745 Dixit;
442 700 484 735 et
506 689 725 756 implicuit
746 703 944 739 materno
964 692 1144 741 brachia
1165 691 1304 750 collo;

266 765 438 831 Perque
462 785 614 825 suum,
635 769 924 835 Meropisque
946 782 1099 836 caput,
1126 769 1345 836 taedasque
1370 789 1571 819 sororum
1586 807 1600 829 ‚

264 842 492 902 Traderet‚
519 846 677 903 oravit,
705 846 793 895 veri
815 847 902 895 sibi
927 848 1052 910 sigua
1074 847 1280 914 parentis.

265 923 563 987 Ambiguum,
591 926 798 993 Clymene
820 928 1026 994 precibus
1048 929 1364 987 Phaethontis,
1390 948 1445 977 an
1468 929 1532 978 ira
1616 943 1682 990 765

268 1006 395 1053 Mota
418 1007 555 1069 magis
583 1007 689 1056 dicti
712 1009 799 1057 sibi
824 1010 1040 1068 criminis3
1066 1022 1252 1077 utraque
1275 1009 1379 1059 caelo

266 1086 453 1134 Brachia
475 1088 699 1153 porrexit;
723 1102 1011 1157 spectansque
1034 1091 1090 1140 ad
1111 1091 1277 1140 lumina
1299 1090 1437 1150 Solis,

273 1190 297 1210 «
323 1169 408 1217 Per
426 1170 556 1236 jubar
575 1171 682 1230 hoc,
707 1171 876 1239 inquit,
902 1173 1036 1221 radiis
1058 1173 1230 1236 insigne
1254 1173 1472 1231 coruscis,

275 1268 296 1287 υ
324 1247 460 1305 Nate,
486 1248 571 1295 tibi
591 1248 714 1313 juro,
742 1250 863 1316 quod
884 1268 968 1298 nos
991 1250 1200 1318 auditque
1220 1250 1455 1316 videtque3

317 1379 388 1425 759.
412 1379 553 1423 Repellt‘.
577 1378 674 1414 Olim
697 1379 795 1415 edeb.
817 1380 943 1425 refelli,

272 1428 366 1472 quod
388 1442 461 1464 non
483 1430 564 1465 satis
583 1433 748 1467 convenit
775 1433 947 1468 ferocitati

269 1480 416 1524 juvenis.
445 1482 641 1518 Burmann.
667 1484 819 1528 praetulit
842 1485 947 1530 igitur

270 1545 312 1566 ex
324 1533 462 1578 optimis
478 1534 592 1570 Codd.
604 1537 737 1580 rest-tri,
756 1536 850 1581 quod
864 1549 948 1582 pro-

274 1585 389 1628 prium
403 1586 447 1619 sit
461 1586 497 1620 in
509 1586 629 1632 jurgiis
645 1594 680 1621 et
694 1588 948 1623 controversiis.

232 1672 234 1674 v
274 1636 350 1680 Ego
366 1650 450 1670 vero
465 1638 572 1672 malui
588 1651 669 1673 cum
685 1638 757 1673 aliis
774 1638 887 1674 Codd.
902 1652 947 1673 re-

267 1689 360 1731 pelli.
374 1688 559 1723 Phaethon
568 1690 665 1724 enim
674 1703 747 1724 non
758 1697 830 1725 tam
840 1691 949 1725 recri-

274 1740 420 1783 minari,
439 1754 545 1786 quam
560 1745 711 1786 repellere
723 1769 733 1786 ‚
749 1743 912 1779 ferociter
929 1757 947 1778 a

274 1805 309 1825 se
328 1792 464 1827 amoliri
480 1793 565 1828 illud
581 1794 718 1828 crimen
740 1794 885 1829 volebat.
906 1813 950 1821 —

277 1842 389 1878 Codd.
407 1844 516 1879 nostri
537 1844 653 1889 refelli.
678 1846 724 1880 Et
748 1846 791 1881 de
813 1846 949 1881 codici-

274 1895 336 1929 bus
351 1908 381 1930 v.
399 1909 427 1930 c.
450 1898 574 1940 Giengr.
593 1897 651 1941 qui
666 1897 796 1932 habent
814 1901 950 1942 repelli:

274 1945 373 1980 valde
390 1946 521 1981 dubito.
539 1948 761 1983 Praetulimus
778 1955 895 1984 autem
910 1962 951 1987 ex

277 1997 388 2032 MSS.
408 2000 585 2034 nonnullis
606 2003 728 2044 repelli.
756 2000 892 2036 Phaedr.
910 2003 926 2036 1
939 2028 949 2045 ‚

274 2051 340 2085 sab.
359 2062 373 2085 1
385 2077 394 2093 ,
414 2066 434 2099 9
448 2064 456 2085 :
473 2055 641 2097 Repulsus
655 2056 713 2088 ille
730 2058 881 2088 veritatis
896 2058 950 2089 vi-

275 2105 375 2137 ribus.
393 2102 467 2138 Cic.
485 2105 527 2139 N.
544 2105 590 2138 D.
605 2105 623 2139 I
635 2131 645 2148 ,
671 2105 691 2139 3
709 2115 718 2136 ε
744 2108 950 2149 Quiadmo-

276 2159 356 2189 nent
374 2159 480 2190 amice
491 2183 499 2196 ,
522 2158 669 2191 docendi
686 2163 782 2198 sunt,
807 2161 866 2203 qui
882 2162 952 2193 ini-

276 2211 360 2241 mice
370 2208 575 2241 rhsec'lantur
582 2234 590 2248 ‚
603 2210 789 2252 repellendi.
801 2209 951 2253 Quintil.

279 2260 345 2306 IV,
363 2269 412 2302 11',
432 2259 474 2292 25
493 2272 501 2293 ε
520 2261 658 2302 Quoties
671 2262 792 2294 crimen
807 2273 873 2295 non
891 2275 951 2295 re—

273 2312 462 2354 pellendum
476 2315 620 2352 lantum,
641 2313 705 2345 sed
713 2315 814 2345 etiam
834 2317 951 2346 trans-

269 2362 447 2406 ferendum
453 2363 528 2397 erit.

325 2414 381 2459 761
389 2438 396 2446 .
409 2415 492 2449 Ede.
505 2413 677 2449 Graevian.
686 2415 802 2448 Prode.
813 2433 857 2440 -
867 2415 952 2450 Nos-

280 2466 323 2500 tri
352 2467 430 2501 RR.
453 2469 513 2501 ede
533 2480 543 2501 ,-
571 2467 666 2501 idem
682 2473 742 2502 est.
758 2468 823 2501 Ed.
837 2485 882 2493 ·—-
895 2468 954 2502 Me

279 2521 358 2552 coelo
374 2521 502 2553 adsere.
528 2519 676 2555 Vindice
692 2519 778 2554 mihi
798 2519 951 2555 divinam

280 2570 461 2615 originem.

328 2622 401 2667 763.
416 2623 550 2667 Merops
560 2650 569 2664 ,
588 2624 732 2659 maritus
744 2623 951 2672 Clymenes,

280 2680 378 2718 pater
398 2674 571 2718 putativus
594 2675 820 2711 Phaethontis
847 2678 952 2720 (Fast.

282 2725 336 2760 III
349 2751 358 2768 ‚
379 2725 438 2767 3ο)
455 2733 491 2760 et
506 2739 566 2760 rex
582 2726 769 2773 AEthiopiae
785 2739 793 2760 :
810 2728 886 2762 vide
910 2727 953 2763 ad

278 2788 363 2811 vers.
382 2778 454 2820 774.
471 2778 621 2814 Sororum
636 2779 781 2814 nomina
797 2779 874 2814 vide
892 2780 926 2814 ll
940 2805 948 2820 ‚

1012 1382 1087 1425 346.
1104 1382 1175 1417 Per
1188 1381 1315 1417 harum
1330 1383 1435 1416 loedas
1450 1380 1599 1428 jugales,
1615 1380 1684 1416 ile.

1010 1432 1148 1478 nuptias
1160 1459 1170 1477 ‚
1196 1432 1340 1476 maluit,
1366 1439 1406 1467 ut
1421 1432 1553 1479 aptius,
1577 1443 1683 1478 quam

1011 1491 1127 1529 caput,
1146 1492 1296 1521 matrem
1312 1499 1424 1520 orare.

1058 1538 1130 1581 766.
1157 1540 1287 1572 Crimen
1297 1564 1306 1578 ‚
1337 1536 1544 1572 criminatio.
1572 1535 1683 1571 Gloss.

1012 1587 1180 1633 explicant
1195 1602 1257 1634 per
1273 1591 1406 1633 ἔγκλημα
1416 1614 1425 1632 ,
1445 1591 1595 1628 &meeum
1605 1587 1652 1621 Η.
1663 1586 1684 1620 Ι.

1011 1640 1222 1676 insimulatio
1238 1641 1396 1675 adulterii
1412 1654 1422 1682 ;
1447 1638 1685 1685 quemadmo—

1013 1691 1099 1726 dum
1129 1699 1289 1738 stuprum
1319 1693 1433 1738 ipsum
1471 1703 1561 1736 saepe
1593 1689 1684 1735 apud

1013 1746 1183 1781 Nostrum
1197 1750 1318 1781 crimen
1335 1746 1471 1780 dicitur.
1487 1738 1570 1788 Via.
1585 1743 1686 1778 Dra-

1013 1796 1116 1831 kenb.
1133 1797 1176 1831 ad
1193 1797 1254 1832 Sil.
1270 1797 1344 1840 Vl,
1361 1796 1436 1840 634.

1059 1848 1130 1894 767.
1143 1850 1287 1883 Lumina
1301 1850 1389 1883 Solis
1397 1845 1603 1893 periphrasis
1619 1844 1688 1880 So-

1013 1899 1053 1934 lis
1067 1914 1074 1942 ;
1097 1907 1202 1945 atque
1218 1900 1324 1935 etiam
1329 1900 1440 1944 jubar
1451 1911 1546 1932 nunc
1557 1903 1609 1932 est
1623 1895 1687 1932 Sol

1013 1951 1096 1997 ipse.
1104 1969 1148 1978 —
1157 1954 1224 1987 Per
1221 1952 1336 1996 jubar.
1349 1951 1419 1985 Per
1426 1949 1546 1985 Solem
1557 1949 1686 1994 jurare,

1015 2015 1166 2048 eumque
1178 2010 1302 2038 testem
1318 2003 1430 2036 facere
1445 2008 1506 2036 aut
1519 2001 1688 2035 innocen-

1015 2054 1071 2090 tiae
1087 2067 1175 2096 suae,
1201 2061 1261 2089 aut
1280 2053 1417 2098 injuriae
1431 2052 1571 2088 alterius
1589 2050 1686 2086 sole-

1014 2107 1100 2142 bant
1111 2107 1267 2141 Veteres.
1283 2106 1379 2141 Insra
1392 2104 1446 2140 IV
1456 2130 1467 2148 ‚
1484 2104 1571 2146 2383
1588 2103 1687 2149 Virg.

1017 2157 1158 2193 AEneid.
1173 2159 1265 2201 XII,
1293 2157 1353 2204 176
1370 2169 1378 2191 ι
1396 2155 1475 2190 vide
1492 2156 1686 2191 Burmann.

1015 2209 1051 2244 in
1068 2210 1156 2244 Jove
1173 2208 1271 2255 Fulg.
1282 2207 1361 2243 XV.
1371 2207 1423 2247 Et
1438 2219 1534 2242 nunc
1543 2205 1687 2252 quidem

1019 2261 1192 2309 Clymene
1227 2273 1302 2295 non
1328 2265 1465 2306 poterat
1493 2258 1688 2305 graviorem

1015 2313 1224 2348 verirtestem
1233 2311 1316 2346 dare
1326 2336 1336 2355 ,
1349 2323 1455 2356 quam
1467 2309 1587 2345 Solem
1595 2334 1606 2352 ‚
1617 2321 1688 2355 pa-

1016 2372 1108 2399 trem
1129 2364 1265 2409 ipsum,
1290 2362 1333 2397 de
1361 2374 1431 2407 quo
1454 2360 1687 2396 dubitabatur.

1018 2414 1226 2449 Commotus
1241 2420 1359 2448 autem
1374 2411 1510 2447 animus
1525 2423 1566 2447 ex
1582 2410 1689 2446 adse-

1015 2467 1193 2501 veratione
1213 2478 1283 2511 seq.
1302 2464 1382 2500 satis
1395 2465 1518 2500 elucet.
1531 2482 1577 2491 -
1591 2465 1694 2508 Quod

1015 2532 1077 2553 nos
1083 2521 1246 2553 auditetc.
1254 2517 1317 2553 Sol
1324 2517 1421 2553 Deus
1430 2518 1605 2565 πανδέρκης,
1619 2531 1689 2552 παν·

1016 2575 1123 2615 ὄπι-ης,
1143 2571 1261 2606 omnia
1273 2571 1432 2614 intuens,
1452 2569 1572 2604 omnia
1581 2569 1687 2604 etiam

1017 2622 1210 2659 exaudiens.
1238 2622 1329 2658 Plin.
1350 2623 1397 2657 H.
1418 2622 1471 2677 Ν.)
1486 2621 1545 2665 II,
1571 2620 1618 2663 6;
1645 2633 1687 2655 ex

1016 2676 1176 2710 Homero
1205 2674 1243 2710 Il.
1266 2681 1290 2710 Γ
1310 2701 1320 2719 ,
1351 2687 1430 2720 277,
1449 2675 1553 2712 Ηίλιές
1573 2671 1631 2716 θ’,
1658 2673 1688 2711 ὃς

1017 2727 1103 2763 πάντ’
1117 2729 1220 2777 ε’γορᾶς
1232 2752 1243 2770 ,
1266 2732 1319 2762 καὶ
1336 2724 1422 2761 πάντ’
1443 2726 1602 2763 ἐπακούεις.
1628 2721 1685 2757 Cf.

1020 2778 1135 2814 Cerda
1152 2778 1194 2814 ad
1211 2777 1332 2824 virgil.
1351 2776 1491 2813 AEueid.
1510 2776 1585 2820 IV,
1609 2774 1683 2822 607.
