<?xml version="1.0" encoding="UTF-8"?>
<!DOCTYPE html PUBLIC "-//W3C//DTD XHTML 1.0 Transitional//EN"
    "http://www.w3.org/TR/xhtml1/DTD/xhtml1-transitional.dtd">
<html xmlns="http://www.w3.org/1999/xhtml" xml:lang="en" lang="en">
 <head>
  <title>
</title>
<meta http-equiv="Content-Type" content="text/html;charset=utf-8" />
  <meta name='ocr-system' content='tesseract 3.04.00' />
  <meta name='ocr-capabilities' content='ocr_page ocr_carea ocr_par ocr_line ocrx_word'/>
</head>
<body>
  <div class='ocr_page' id='page_1' title='image "./quaeextantomniao03oviduoft_0053.png"; bbox 0 0 1832 3100; ppageno 0'>
   <div class='ocr_carea' id='block_1_1' title="bbox 124 385 147 397">
    <p class='ocr_par' dir='ltr' id='par_1_1' title="bbox 124 385 147 397">
     <span class='ocr_line' id='line_1_1' title="bbox 124 385 147 397; baseline 0 -6"><span class='ocrx_word' id='word_1_1' title='bbox 124 385 147 397; x_wconf 41' lang='grc' dir='ltr'>χ</span> 
     </span>
    </p>
   </div>
   <div class='ocr_carea' id='block_1_2' title="bbox 345 221 1607 272">
    <p class='ocr_par' dir='ltr' id='par_1_2' title="bbox 345 221 1607 272">
     <span class='ocr_line' id='line_1_2' title="bbox 345 221 1607 272; baseline -0.006 0"><span class='ocrx_word' id='word_1_2' title='bbox 345 226 434 272; x_wconf 86' lang='lat' dir='ltr'>DE</span> <span class='ocrx_word' id='word_1_3' title='bbox 465 222 693 270; x_wconf 89' lang='lat' dir='ltr'>OPERE</span> <span class='ocrx_word' id='word_1_4' title='bbox 725 221 1444 267; x_wconf 88' lang='lat' dir='ltr'>METAMORPHOSEON.</span> <span class='ocrx_word' id='word_1_5' title='bbox 1558 237 1607 264; x_wconf 90' lang='lat'>21</span> 
     </span>
    </p>
   </div>
   <div class='ocr_carea' id='block_1_3' title="bbox 166 322 1658 2805">
    <p class='ocr_par' dir='ltr' id='par_1_3' title="bbox 291 322 1218 378">
     <span class='ocr_line' id='line_1_3' title="bbox 291 322 1218 378; baseline -0.003 -11"><span class='ocrx_word' id='word_1_6' title='bbox 291 324 531 367; x_wconf 80' lang='lat' dir='ltr'>Ponderibus</span> <span class='ocrx_word' id='word_1_7' title='bbox 554 324 688 365; x_wconf 86' lang='lat' dir='ltr'>librata</span> <span class='ocrx_word' id='word_1_8' title='bbox 706 323 785 364; x_wconf 91' lang='lat' dir='ltr'>suis</span> <span class='ocrx_word' id='word_1_9' title='bbox 806 340 814 364; x_wconf 91' lang='lat'>:</span> <span class='ocrx_word' id='word_1_10' title='bbox 835 338 905 364; x_wconf 91' lang='lat' dir='ltr'>nec</span> <span class='ocrx_word' id='word_1_11' title='bbox 926 323 1077 363; x_wconf 85' lang='lat' dir='ltr'>brachia</span> <span class='ocrx_word' id='word_1_12' title='bbox 1096 322 1218 378; x_wconf 87' lang='lat' dir='ltr'>longo</span> 
     </span>
    </p>

    <p class='ocr_par' dir='ltr' id='par_1_4' title="bbox 166 390 1622 1184">
     <span class='ocr_line' id='line_1_4' title="bbox 288 390 1172 449; baseline -0.005 -16"><span class='ocrx_word' id='word_1_13' title='bbox 288 394 465 449; x_wconf 82' lang='lat' dir='ltr'>Margine</span> <span class='ocrx_word' id='word_1_14' title='bbox 481 401 668 435; x_wconf 86' lang='lat' dir='ltr'>terrarum</span> <span class='ocrx_word' id='word_1_15' title='bbox 687 398 906 446; x_wconf 78' lang='lat' dir='ltr'>porrexerat</span> <span class='ocrx_word' id='word_1_16' title='bbox 924 390 1172 444; x_wconf 74' lang='lat' dir='ltr'>Amphitrite.</span> 
     </span>
     <span class='ocr_line' id='line_1_5' title="bbox 180 492 1618 563; baseline -0.003 -18"><span class='ocrx_word' id='word_1_17' title='bbox 180 494 267 546; x_wconf 87' lang='lat' dir='ltr'>Sed</span> <span class='ocrx_word' id='word_1_18' title='bbox 290 507 448 563; x_wconf 89' lang='lat' dir='ltr'>postea</span> <span class='ocrx_word' id='word_1_19' title='bbox 470 496 595 544; x_wconf 91' lang='lat' dir='ltr'>Deus</span> <span class='ocrx_word' id='word_1_20' title='bbox 614 494 748 561; x_wconf 83' lang='lat' dir='ltr'>jussit</span> <span class='ocrx_word' id='word_1_21' title='bbox 753 493 874 560; x_wconf 85' lang='lat' dir='ltr'>freta</span> <span class='ocrx_word' id='word_1_22' title='bbox 898 493 1102 560; x_wconf 71' lang='lat' dir='ltr'>diffundi,</span> <span class='ocrx_word' id='word_1_23' title='bbox 1141 492 1369 560; x_wconf 79' lang='lat' dir='ltr'>rabidisque</span> <span class='ocrx_word' id='word_1_24' title='bbox 1404 503 1618 541; x_wconf 78' lang='lat' dir='ltr'>tumescere</span> 
     </span>
     <span class='ocr_line' id='line_1_6' title="bbox 182 581 1620 650; baseline -0.002 -18"><span class='ocrx_word' id='word_1_25' title='bbox 182 585 316 632; x_wconf 75' lang='lat' dir='ltr'>ventis</span> <span class='ocrx_word' id='word_1_26' title='bbox 330 624 339 640; x_wconf 91' lang='lat'>,</span> <span class='ocrx_word' id='word_1_27' title='bbox 373 583 545 632; x_wconf 72' lang='lat' dir='ltr'>extendi</span> <span class='ocrx_word' id='word_1_28' title='bbox 565 602 728 650; x_wconf 84' lang='lat' dir='ltr'>compos</span> <span class='ocrx_word' id='word_1_29' title='bbox 743 623 754 639; x_wconf 91' lang='lat'>,</span> <span class='ocrx_word' id='word_1_30' title='bbox 779 582 986 631; x_wconf 79' lang='lat' dir='ltr'>subsidere</span> <span class='ocrx_word' id='word_1_31' title='bbox 1012 582 1170 638; x_wconf 77' lang='lat' dir='ltr'>valles,</span> <span class='ocrx_word' id='word_1_32' title='bbox 1209 581 1434 649; x_wconf 72' lang='lat' dir='ltr'>lapidosos</span> <span class='ocrx_word' id='word_1_33' title='bbox 1460 601 1620 648; x_wconf 71' lang='lat' dir='ltr'>surgere</span> 
     </span>
     <span class='ocr_line' id='line_1_7' title="bbox 177 651 1622 736; baseline -0.001 -17"><span class='ocrx_word' id='word_1_34' title='bbox 177 681 344 720; x_wconf 85' lang='lat' dir='ltr'>montes.</span> <span class='ocrx_word' id='word_1_35' title='bbox 369 669 517 720; x_wconf 89' lang='lat' dir='ltr'>Multa</span> <span class='ocrx_word' id='word_1_36' title='bbox 537 690 589 719; x_wconf 88' lang='lat' dir='ltr'>ex</span> <span class='ocrx_word' id='word_1_37' title='bbox 608 671 695 719; x_wconf 89' lang='lat' dir='ltr'>hoc</span> <span class='ocrx_word' id='word_1_38' title='bbox 722 689 881 734; x_wconf 82' lang='lat' dir='ltr'>genere</span> <span class='ocrx_word' id='word_1_39' title='bbox 899 651 1127 733; x_wconf 55' lang='lat' dir='ltr'>insignia:</span> <span class='ocrx_word' id='word_1_40' title='bbox 1144 671 1247 729; x_wconf 86' lang='lat' dir='ltr'>XV,</span> <span class='ocrx_word' id='word_1_41' title='bbox 1267 670 1314 718; x_wconf 89' lang='lat' dir='ltr'>in</span> <span class='ocrx_word' id='word_1_42' title='bbox 1338 668 1514 736; x_wconf 87' lang='lat' dir='ltr'>placitis</span> <span class='ocrx_word' id='word_1_43' title='bbox 1533 670 1622 736; x_wconf 80' lang='lat' dir='ltr'>Py-</span> 
     </span>
     <span class='ocr_line' id='line_1_8' title="bbox 176 757 1619 827; baseline -0.001 -19"><span class='ocrx_word' id='word_1_44' title='bbox 176 759 397 823; x_wconf 78' lang='lat' dir='ltr'>thagorae3</span> <span class='ocrx_word' id='word_1_45' title='bbox 415 758 493 809; x_wconf 85' lang='lat' dir='ltr'>sed</span> <span class='ocrx_word' id='word_1_46' title='bbox 511 779 602 827; x_wconf 88' lang='lat' dir='ltr'>prae</span> <span class='ocrx_word' id='word_1_47' title='bbox 618 760 785 809; x_wconf 85' lang='lat' dir='ltr'>caeteris</span> <span class='ocrx_word' id='word_1_48' title='bbox 804 757 1338 817; x_wconf 83' lang='lat' dir='ltr'>eminet,2oo—13,locus</span> <span class='ocrx_word' id='word_1_49' title='bbox 1353 758 1406 807; x_wconf 88' lang='lat' dir='ltr'>de</span> <span class='ocrx_word' id='word_1_50' title='bbox 1425 770 1619 826; x_wconf 88' lang='lat' dir='ltr'>quatuor</span> 
     </span>
     <span class='ocr_line' id='line_1_9' title="bbox 179 847 1620 915; baseline 0 -19"><span class='ocrx_word' id='word_1_51' title='bbox 179 848 283 897; x_wconf 80' lang='lat' dir='ltr'>anni</span> <span class='ocrx_word' id='word_1_52' title='bbox 312 848 543 915; x_wconf 88' lang='lat' dir='ltr'>partibus,</span> <span class='ocrx_word' id='word_1_53' title='bbox 569 847 734 915; x_wconf 90' lang='lat' dir='ltr'>quibus</span> <span class='ocrx_word' id='word_1_54' title='bbox 760 848 1018 897; x_wconf 86' lang='lat' dir='ltr'>suavissime</span> <span class='ocrx_word' id='word_1_55' title='bbox 1050 847 1249 897; x_wconf 91' lang='lat' dir='ltr'>hominis</span> <span class='ocrx_word' id='word_1_56' title='bbox 1281 848 1497 897; x_wconf 86' lang='lat' dir='ltr'>attributa</span> <span class='ocrx_word' id='word_1_57' title='bbox 1519 847 1620 897; x_wconf 87' lang='lat' dir='ltr'>data</span> 
     </span>
     <span class='ocr_line' id='line_1_10' title="bbox 176 937 1607 1004; baseline 0.001 -18"><span class='ocrx_word' id='word_1_58' title='bbox 176 948 295 986; x_wconf 88' lang='lat' dir='ltr'>sunt.</span> <span class='ocrx_word' id='word_1_59' title='bbox 321 937 483 1004; x_wconf 82' lang='lat' dir='ltr'>Aperit</span> <span class='ocrx_word' id='word_1_60' title='bbox 502 956 667 986; x_wconf 86' lang='lat' dir='ltr'>annum</span> <span class='ocrx_word' id='word_1_61' title='bbox 691 947 804 986; x_wconf 86' lang='lat' dir='ltr'>tener</span> <span class='ocrx_word' id='word_1_62' title='bbox 828 949 873 986; x_wconf 92' lang='lat' dir='ltr'>et</span> <span class='ocrx_word' id='word_1_63' title='bbox 906 938 1059 986; x_wconf 83' lang='lat' dir='ltr'>lactens</span> <span class='ocrx_word' id='word_1_64' title='bbox 1082 939 1215 1004; x_wconf 65' lang='lat' dir='ltr'>puer&#39;,</span> <span class='ocrx_word' id='word_1_65' title='bbox 1247 937 1400 986; x_wconf 85' lang='lat' dir='ltr'>roboris</span> <span class='ocrx_word' id='word_1_66' title='bbox 1431 957 1579 1004; x_wconf 74' lang='lat' dir='ltr'>expers</span> <span class='ocrx_word' id='word_1_67' title='bbox 1597 979 1607 994; x_wconf 91' lang='lat'>‚</span> 
     </span>
     <span class='ocr_line' id='line_1_11' title="bbox 175 1027 1616 1095; baseline 0.001 -19"><span class='ocrx_word' id='word_1_68' title='bbox 175 1027 378 1094; x_wconf 86' lang='lat' dir='ltr'>sequitur</span> <span class='ocrx_word' id='word_1_69' title='bbox 392 1028 534 1077; x_wconf 81' lang='lat' dir='ltr'>robore</span> <span class='ocrx_word' id='word_1_70' title='bbox 545 1029 692 1077; x_wconf 77' lang='lat' dir='ltr'>volens</span> <span class='ocrx_word' id='word_1_71' title='bbox 707 1040 751 1077; x_wconf 90' lang='lat' dir='ltr'>et</span> <span class='ocrx_word' id='word_1_72' title='bbox 765 1038 946 1077; x_wconf 70' lang='lat' dir='ltr'>(estuans</span> <span class='ocrx_word' id='word_1_73' title='bbox 954 1028 1142 1094; x_wconf 88' lang='lat' dir='ltr'>juvenis,</span> <span class='ocrx_word' id='word_1_74' title='bbox 1162 1047 1307 1095; x_wconf 90' lang='lat' dir='ltr'>quem,</span> <span class='ocrx_word' id='word_1_75' title='bbox 1315 1029 1450 1095; x_wconf 84' lang='lat' dir='ltr'>posito</span> <span class='ocrx_word' id='word_1_76' title='bbox 1451 1028 1616 1095; x_wconf 74' lang='lat' dir='ltr'>fervore</span> 
     </span>
     <span class='ocr_line' id='line_1_12' title="bbox 166 1115 1617 1184; baseline 0.001 -20"><span class='ocrx_word' id='word_1_77' title='bbox 166 1115 363 1182; x_wconf 72' lang='lat' dir='ltr'>juventae,</span> <span class='ocrx_word' id='word_1_78' title='bbox 385 1116 587 1165; x_wconf 85' lang='lat' dir='ltr'>Maturus</span> <span class='ocrx_word' id='word_1_79' title='bbox 601 1116 789 1184; x_wconf 60' lang='lat' dir='ltr'>mitisque</span> <span class='ocrx_word' id='word_1_80' title='bbox 808 1116 1066 1165; x_wconf 80' lang='lat' dir='ltr'>Autumnus</span> <span class='ocrx_word' id='word_1_81' title='bbox 1086 1116 1262 1184; x_wconf 84' lang='lat' dir='ltr'>excipit.</span> <span class='ocrx_word' id='word_1_82' title='bbox 1283 1116 1355 1165; x_wconf 91' lang='lat' dir='ltr'>Ad</span> <span class='ocrx_word' id='word_1_83' title='bbox 1374 1129 1617 1166; x_wconf 87' lang='lat' dir='ltr'>extremum</span> 
     </span>
    </p>

    <p class='ocr_par' dir='ltr' id='par_1_5' title="bbox 345 1229 1395 1285">
     <span class='ocr_line' id='line_1_13' title="bbox 345 1229 1395 1285; baseline 0.001 -16"><span class='ocrx_word' id='word_1_84' title='bbox 345 1259 357 1269; x_wconf 85' lang='lat'><strong>.</strong></span> <span class='ocrx_word' id='word_1_85' title='bbox 374 1256 385 1267; x_wconf 89' lang='lat'>.</span> <span class='ocrx_word' id='word_1_86' title='bbox 401 1257 412 1267; x_wconf 87' lang='lat'><strong>.</strong></span> <span class='ocrx_word' id='word_1_87' title='bbox 438 1230 579 1270; x_wconf 86' lang='lat' dir='ltr'>Senilis</span> <span class='ocrx_word' id='word_1_88' title='bbox 593 1260 606 1281; x_wconf 86' lang='lat'>‚</span> <span class='ocrx_word' id='word_1_89' title='bbox 630 1230 765 1270; x_wconf 88' lang='lat' dir='ltr'>Hiems</span> <span class='ocrx_word' id='word_1_90' title='bbox 780 1229 946 1271; x_wconf 81' lang='lat' dir='ltr'>tremulo</span> <span class='ocrx_word' id='word_1_91' title='bbox 964 1231 1069 1271; x_wconf 87' lang='lat' dir='ltr'>venit</span> <span class='ocrx_word' id='word_1_92' title='bbox 1089 1229 1244 1270; x_wconf 88' lang='lat' dir='ltr'>horrida</span> <span class='ocrx_word' id='word_1_93' title='bbox 1260 1245 1395 1285; x_wconf 88' lang='lat' dir='ltr'>passu,</span> 
     </span>
    </p>

    <p class='ocr_par' dir='ltr' id='par_1_6' title="bbox 170 1300 1658 2805">
     <span class='ocr_line' id='line_1_14' title="bbox 291 1300 1414 1361; baseline 0 -19"><span class='ocrx_word' id='word_1_94' title='bbox 291 1300 375 1342; x_wconf 84' lang='lat' dir='ltr'>Aut</span> <span class='ocrx_word' id='word_1_95' title='bbox 398 1302 559 1356; x_wconf 84' lang='lat' dir='ltr'>spoliata</span> <span class='ocrx_word' id='word_1_96' title='bbox 579 1316 693 1352; x_wconf 84' lang='lat' dir='ltr'>suos,</span> <span class='ocrx_word' id='word_1_97' title='bbox 711 1310 802 1352; x_wconf 84' lang='lat' dir='ltr'>aut,</span> <span class='ocrx_word' id='word_1_98' title='bbox 829 1316 929 1356; x_wconf 87' lang='lat' dir='ltr'>quos</span> <span class='ocrx_word' id='word_1_99' title='bbox 952 1301 1086 1353; x_wconf 87' lang='lat' dir='ltr'>hahet,</span> <span class='ocrx_word' id='word_1_100' title='bbox 1107 1301 1190 1341; x_wconf 86' lang='lat' dir='ltr'>alba</span> <span class='ocrx_word' id='word_1_101' title='bbox 1212 1302 1382 1356; x_wconf 83' lang='lat' dir='ltr'>capillos.</span> <span class='ocrx_word' id='word_1_102' title='bbox 1412 1359 1414 1361; x_wconf 17' lang='grc' dir='ltr'><strong><em>ι</em></strong></span> 
     </span>
     <span class='ocr_line' id='line_1_15' title="bbox 178 1399 1617 1461; baseline 0.001 -13"><span class='ocrx_word' id='word_1_103' title='bbox 178 1400 264 1449; x_wconf 85' lang='lat' dir='ltr'>His</span> <span class='ocrx_word' id='word_1_104' title='bbox 295 1399 407 1450; x_wconf 89' lang='lat' dir='ltr'>adde</span> <span class='ocrx_word' id='word_1_105' title='bbox 428 1400 570 1459; x_wconf 75' lang='lat' dir='ltr'>Noti,</span> <span class='ocrx_word' id='word_1_106' title='bbox 601 1402 782 1460; x_wconf 82' lang='lat' dir='ltr'>Boreae,</span> <span class='ocrx_word' id='word_1_107' title='bbox 817 1401 1026 1461; x_wconf 81' lang='lat' dir='ltr'>Invidiae,</span> <span class='ocrx_word' id='word_1_108' title='bbox 1050 1403 1224 1461; x_wconf 85' lang='lat' dir='ltr'>Famis,</span> <span class='ocrx_word' id='word_1_109' title='bbox 1263 1404 1429 1460; x_wconf 83' lang='lat' dir='ltr'>Famae,</span> <span class='ocrx_word' id='word_1_110' title='bbox 1458 1402 1617 1451; x_wconf 92' lang='lat' dir='ltr'>Somni</span> 
     </span>
     <span class='ocr_line' id='line_1_16' title="bbox 177 1489 1616 1559; baseline 0.003 -22"><span class='ocrx_word' id='word_1_111' title='bbox 177 1489 523 1557; x_wconf 82' lang='lat' dir='ltr'>descriptiones,</span> <span class='ocrx_word' id='word_1_112' title='bbox 548 1490 597 1538; x_wconf 90' lang='lat' dir='ltr'>in</span> <span class='ocrx_word' id='word_1_113' title='bbox 623 1491 790 1558; x_wconf 89' lang='lat' dir='ltr'>quibus</span> <span class='ocrx_word' id='word_1_114' title='bbox 814 1511 867 1540; x_wconf 83' lang='lat' dir='ltr'>ex</span> <span class='ocrx_word' id='word_1_115' title='bbox 888 1490 1064 1540; x_wconf 86' lang='lat' dir='ltr'>illarum</span> <span class='ocrx_word' id='word_1_116' title='bbox 1089 1511 1237 1541; x_wconf 85' lang='lat' dir='ltr'>rerum</span> <span class='ocrx_word' id='word_1_117' title='bbox 1259 1492 1489 1541; x_wconf 84' lang='lat' dir='ltr'>attributis</span> <span class='ocrx_word' id='word_1_118' title='bbox 1512 1512 1616 1559; x_wconf 86' lang='lat' dir='ltr'>per-</span> 
     </span>
     <span class='ocr_line' id='line_1_17' title="bbox 177 1578 1613 1648; baseline 0.002 -22"><span class='ocrx_word' id='word_1_119' title='bbox 177 1597 312 1627; x_wconf 88' lang='lat' dir='ltr'>sonas</span> <span class='ocrx_word' id='word_1_120' title='bbox 336 1597 575 1645; x_wconf 85' lang='lat' dir='ltr'>earumque</span> <span class='ocrx_word' id='word_1_121' title='bbox 599 1578 825 1628; x_wconf 90' lang='lat' dir='ltr'>domicilia</span> <span class='ocrx_word' id='word_1_122' title='bbox 852 1579 1034 1629; x_wconf 75' lang='lat' dir='ltr'>mirifice</span> <span class='ocrx_word' id='word_1_123' title='bbox 1060 1581 1222 1645; x_wconf 88' lang='lat' dir='ltr'>(naevis</span> <span class='ocrx_word' id='word_1_124' title='bbox 1246 1581 1400 1648; x_wconf 85' lang='lat' dir='ltr'>paucis</span> <span class='ocrx_word' id='word_1_125' title='bbox 1423 1581 1613 1643; x_wconf 87' lang='lat' dir='ltr'>demtis)</span> 
     </span>
     <span class='ocr_line' id='line_1_18' title="bbox 172 1667 1616 1737; baseline 0.002 -22"><span class='ocrx_word' id='word_1_126' title='bbox 172 1667 445 1735; x_wconf 80' lang='lat' dir='ltr'>composuit.</span> <span class='ocrx_word' id='word_1_127' title='bbox 467 1669 496 1716; x_wconf 90' lang='lat' dir='ltr'><strong>J</strong></span> <span class='ocrx_word' id='word_1_128' title='bbox 499 1687 568 1717; x_wconf 88' lang='lat' dir='ltr'>am</span> <span class='ocrx_word' id='word_1_129' title='bbox 582 1668 620 1717; x_wconf 89' lang='lat' dir='ltr'>si</span> <span class='ocrx_word' id='word_1_130' title='bbox 632 1668 725 1717; x_wconf 88' lang='lat' dir='ltr'>haec</span> <span class='ocrx_word' id='word_1_131' title='bbox 744 1668 806 1717; x_wconf 87' lang='lat' dir='ltr'>ita</span> <span class='ocrx_word' id='word_1_132' title='bbox 818 1668 935 1718; x_wconf 92' lang='lat' dir='ltr'>inter</span> <span class='ocrx_word' id='word_1_133' title='bbox 948 1688 993 1718; x_wconf 87' lang='lat' dir='ltr'>se</span> <span class='ocrx_word' id='word_1_134' title='bbox 1005 1670 1341 1736; x_wconf 87' lang='lat' dir='ltr'>comparaveris,</span> <span class='ocrx_word' id='word_1_135' title='bbox 1356 1682 1408 1718; x_wconf 90' lang='lat' dir='ltr'>ut</span> <span class='ocrx_word' id='word_1_136' title='bbox 1421 1669 1616 1737; x_wconf 87' lang='lat' dir='ltr'>primum</span> 
     </span>
     <span class='ocr_line' id='line_1_19' title="bbox 170 1754 1617 1825; baseline 0.001 -20"><span class='ocrx_word' id='word_1_137' title='bbox 170 1754 329 1805; x_wconf 76' lang='lat' dir='ltr'>rabidis</span> <span class='ocrx_word' id='word_1_138' title='bbox 347 1766 563 1806; x_wconf 82' lang='lat' dir='ltr'>tumescere</span> <span class='ocrx_word' id='word_1_139' title='bbox 590 1758 724 1806; x_wconf 78' lang='lat' dir='ltr'>ventis</span> <span class='ocrx_word' id='word_1_140' title='bbox 746 1777 890 1825; x_wconf 85' lang='lat' dir='ltr'>ponas</span> <span class='ocrx_word' id='word_1_141' title='bbox 903 1796 915 1816; x_wconf 93' lang='lat'><strong>‚</strong></span> <span class='ocrx_word' id='word_1_142' title='bbox 943 1770 1060 1817; x_wconf 90' lang='lat' dir='ltr'>tum,</span> <span class='ocrx_word' id='word_1_143' title='bbox 1085 1758 1253 1807; x_wconf 83' lang='lat' dir='ltr'>brachiu</span> <span class='ocrx_word' id='word_1_144' title='bbox 1275 1758 1399 1825; x_wconf 73' lang='lat' dir='ltr'>longo</span> <span class='ocrx_word' id='word_1_145' title='bbox 1421 1758 1617 1823; x_wconf 60' lang='lat' dir='ltr'>Margine</span> 
     </span>
     <span class='ocr_line' id='line_1_20' title="bbox 170 1848 1615 1915; baseline 0.002 -21"><span class='ocrx_word' id='word_1_146' title='bbox 170 1856 369 1895; x_wconf 84' lang='lat' dir='ltr'>terrorum</span> <span class='ocrx_word' id='word_1_147' title='bbox 385 1858 631 1914; x_wconf 75' lang='lat' dir='ltr'>porrexerat</span> <span class='ocrx_word' id='word_1_148' title='bbox 651 1848 934 1915; x_wconf 78' lang='lat' dir='ltr'>Amphitrite,</span> <span class='ocrx_word' id='word_1_149' title='bbox 958 1860 1065 1915; x_wconf 89' lang='lat' dir='ltr'>post</span> <span class='ocrx_word' id='word_1_150' title='bbox 1085 1848 1179 1897; x_wconf 87' lang='lat' dir='ltr'>haec</span> <span class='ocrx_word' id='word_1_151' title='bbox 1204 1848 1352 1896; x_wconf 89' lang='lat' dir='ltr'>locum</span> <span class='ocrx_word' id='word_1_152' title='bbox 1377 1848 1431 1897; x_wconf 91' lang='lat' dir='ltr'>de</span> <span class='ocrx_word' id='word_1_153' title='bbox 1454 1850 1615 1897; x_wconf 86' lang='lat' dir='ltr'>annuis</span> 
     </span>
     <span class='ocr_line' id='line_1_21' title="bbox 171 1935 1608 2006; baseline 0.003 -22"><span class='ocrx_word' id='word_1_154' title='bbox 171 1935 574 1997; x_wconf 84' lang='lat' dir='ltr'>vicissitudinibus,</span> <span class='ocrx_word' id='word_1_155' title='bbox 588 1951 665 1987; x_wconf 90' lang='lat' dir='ltr'>aut</span> <span class='ocrx_word' id='word_1_156' title='bbox 677 1950 849 2006; x_wconf 85' lang='lat' dir='ltr'>partem</span> <span class='ocrx_word' id='word_1_157' title='bbox 864 1939 973 2004; x_wconf 90' lang='lat' dir='ltr'>ejus,</span> <span class='ocrx_word' id='word_1_158' title='bbox 993 1939 1184 2005; x_wconf 90' lang='lat' dir='ltr'>denique</span> <span class='ocrx_word' id='word_1_159' title='bbox 1198 1958 1250 1988; x_wconf 86' lang='lat' dir='ltr'>ex</span> <span class='ocrx_word' id='word_1_160' title='bbox 1265 1939 1335 1998; x_wconf 88' lang='lat' dir='ltr'>iis,</span> <span class='ocrx_word' id='word_1_161' title='bbox 1354 1958 1463 2006; x_wconf 89' lang='lat' dir='ltr'>quas</span> <span class='ocrx_word' id='word_1_162' title='bbox 1474 1940 1608 1988; x_wconf 89' lang='lat' dir='ltr'>modo</span> 
     </span>
     <span class='ocr_line' id='line_1_22' title="bbox 171 2023 1616 2095; baseline 0.003 -22"><span class='ocrx_word' id='word_1_163' title='bbox 171 2023 370 2084; x_wconf 85' lang='lat' dir='ltr'>laudavi,</span> <span class='ocrx_word' id='word_1_164' title='bbox 396 2028 731 2095; x_wconf 89' lang='lat' dir='ltr'>prosopopoeiis</span> <span class='ocrx_word' id='word_1_165' title='bbox 756 2047 913 2086; x_wconf 89' lang='lat' dir='ltr'>unam;</span> <span class='ocrx_word' id='word_1_166' title='bbox 939 2027 1243 2091; x_wconf 84' lang='lat' dir='ltr'>gradationem</span> <span class='ocrx_word' id='word_1_167' title='bbox 1258 2028 1616 2092; x_wconf 87' lang='lat' dir='ltr'>habebisimagi-</span> 
     </span>
     <span class='ocr_line' id='line_1_23' title="bbox 174 2115 1613 2185; baseline 0.004 -24"><span class='ocrx_word' id='word_1_168' title='bbox 174 2131 284 2161; x_wconf 91' lang='lat' dir='ltr'>num</span> <span class='ocrx_word' id='word_1_169' title='bbox 303 2115 547 2177; x_wconf 82' lang='lat' dir='ltr'>egregiam,</span> <span class='ocrx_word' id='word_1_170' title='bbox 563 2132 752 2182; x_wconf 81' lang='lat' dir='ltr'>quarum</span> <span class='ocrx_word' id='word_1_171' title='bbox 771 2116 974 2183; x_wconf 84' lang='lat' dir='ltr'>proxima</span> <span class='ocrx_word' id='word_1_172' title='bbox 990 2136 1174 2183; x_wconf 86' lang='lat' dir='ltr'>quaeque</span> <span class='ocrx_word' id='word_1_173' title='bbox 1193 2117 1510 2185; x_wconf 87' lang='lat' dir='ltr'>praecedentem</span> <span class='ocrx_word' id='word_1_174' title='bbox 1524 2118 1613 2185; x_wconf 87' lang='lat' dir='ltr'>ple-</span> 
     </span>
     <span class='ocr_line' id='line_1_24' title="bbox 172 2201 1612 2273; baseline 0.004 -23"><span class='ocrx_word' id='word_1_175' title='bbox 172 2201 379 2251; x_wconf 90' lang='lat' dir='ltr'>nitudine</span> <span class='ocrx_word' id='word_1_176' title='bbox 411 2215 606 2270; x_wconf 88' lang='lat' dir='ltr'>superat.</span> <span class='ocrx_word' id='word_1_177' title='bbox 644 2205 855 2254; x_wconf 88' lang='lat' dir='ltr'>Personis</span> <span class='ocrx_word' id='word_1_178' title='bbox 873 2205 1191 2273; x_wconf 84' lang='lat' dir='ltr'>mythologicis</span> <span class='ocrx_word' id='word_1_179' title='bbox 1210 2207 1383 2271; x_wconf 87' lang='lat' dir='ltr'>egregie</span> <span class='ocrx_word' id='word_1_180' title='bbox 1403 2208 1612 2256; x_wconf 87' lang='lat' dir='ltr'>animavit</span> 
     </span>
     <span class='ocr_line' id='line_1_25' title="bbox 172 2288 1611 2360; baseline 0.004 -22"><span class='ocrx_word' id='word_1_181' title='bbox 172 2288 271 2339; x_wconf 92' lang='lat' dir='ltr'>loca</span> <span class='ocrx_word' id='word_1_182' title='bbox 278 2291 410 2340; x_wconf 88' lang='lat' dir='ltr'>varia.</span> <span class='ocrx_word' id='word_1_183' title='bbox 420 2293 515 2351; x_wconf 87' lang='grc' dir='ltr'>-Ι,</span> <span class='ocrx_word' id='word_1_184' title='bbox 528 2291 624 2355; x_wconf 75' lang='grc'>264</span> <span class='ocrx_word' id='word_1_185' title='bbox 635 2312 750 2360; x_wconf 91' lang='lat' dir='ltr'>sqq.,</span> <span class='ocrx_word' id='word_1_186' title='bbox 765 2295 915 2343; x_wconf 86' lang='lat' dir='ltr'>Notus</span> <span class='ocrx_word' id='word_1_187' title='bbox 928 2293 1086 2353; x_wconf 76' lang='lat' dir='ltr'>evolat,</span> <span class='ocrx_word' id='word_1_188' title='bbox 1102 2295 1186 2343; x_wconf 86' lang='lat' dir='ltr'>Iris</span> <span class='ocrx_word' id='word_1_189' title='bbox 1197 2294 1402 2344; x_wconf 85' lang='lat' dir='ltr'>alimenta</span> <span class='ocrx_word' id='word_1_190' title='bbox 1410 2296 1611 2345; x_wconf 87' lang='lat' dir='ltr'>nubibus</span> 
     </span>
     <span class='ocr_line' id='line_1_26' title="bbox 175 2378 1658 2448; baseline 0.004 -20"><span class='ocrx_word' id='word_1_191' title='bbox 175 2378 344 2438; x_wconf 85' lang='lat' dir='ltr'>adfert,</span> <span class='ocrx_word' id='word_1_192' title='bbox 368 2381 608 2448; x_wconf 88' lang='lat' dir='ltr'>Neptunus</span> <span class='ocrx_word' id='word_1_193' title='bbox 632 2395 848 2432; x_wconf 83' lang='lat' dir='ltr'>convocat</span> <span class='ocrx_word' id='word_1_194' title='bbox 863 2383 1054 2443; x_wconf 85' lang='lat' dir='ltr'>Amnes,</span> <span class='ocrx_word' id='word_1_195' title='bbox 1075 2383 1238 2432; x_wconf 88' lang='lat' dir='ltr'>Triton</span> <span class='ocrx_word' id='word_1_196' title='bbox 1263 2403 1461 2433; x_wconf 88' lang='lat' dir='ltr'>recessus</span> <span class='ocrx_word' id='word_1_197' title='bbox 1479 2386 1609 2433; x_wconf 86' lang='lat' dir='ltr'>canit.</span> <span class='ocrx_word' id='word_1_198' title='bbox 1652 2432 1658 2437; x_wconf 85' lang='grc'>,</span> 
     </span>
     <span class='ocr_line' id='line_1_27' title="bbox 173 2467 1612 2539; baseline 0.005 -23"><span class='ocrx_word' id='word_1_199' title='bbox 173 2469 229 2516; x_wconf 91' lang='lat' dir='ltr'>In</span> <span class='ocrx_word' id='word_1_200' title='bbox 253 2467 464 2518; x_wconf 89' lang='lat' dir='ltr'>omnibus</span> <span class='ocrx_word' id='word_1_201' title='bbox 488 2469 577 2520; x_wconf 89' lang='lat' dir='ltr'>fere</span> <span class='ocrx_word' id='word_1_202' title='bbox 602 2483 647 2520; x_wconf 88' lang='lat' dir='ltr'>et</span> <span class='ocrx_word' id='word_1_203' title='bbox 666 2471 1048 2539; x_wconf 86' lang='lat' dir='ltr'>descriptionibus</span> <span class='ocrx_word' id='word_1_204' title='bbox 1070 2485 1114 2522; x_wconf 87' lang='lat' dir='ltr'>et</span> <span class='ocrx_word' id='word_1_205' title='bbox 1136 2473 1470 2523; x_wconf 86' lang='lat' dir='ltr'>narrationibus</span> <span class='ocrx_word' id='word_1_206' title='bbox 1487 2474 1612 2538; x_wconf 85' lang='lat' dir='ltr'>inge-</span> 
     </span>
     <span class='ocr_line' id='line_1_28' title="bbox 173 2556 1614 2628; baseline 0.005 -24"><span class='ocrx_word' id='word_1_207' title='bbox 173 2556 302 2605; x_wconf 90' lang='lat' dir='ltr'>nium</span> <span class='ocrx_word' id='word_1_208' title='bbox 322 2569 466 2623; x_wconf 88' lang='lat' dir='ltr'>poetae</span> <span class='ocrx_word' id='word_1_209' title='bbox 486 2569 575 2607; x_wconf 84' lang='lat' dir='ltr'>tam</span> <span class='ocrx_word' id='word_1_210' title='bbox 595 2558 643 2608; x_wconf 89' lang='lat' dir='ltr'>in</span> <span class='ocrx_word' id='word_1_211' title='bbox 662 2560 957 2620; x_wconf 86' lang='lat' dir='ltr'>tenuissimis,</span> <span class='ocrx_word' id='word_1_212' title='bbox 979 2580 1111 2628; x_wconf 85' lang='lat' dir='ltr'>quam</span> <span class='ocrx_word' id='word_1_213' title='bbox 1131 2561 1178 2609; x_wconf 91' lang='lat' dir='ltr'>in</span> <span class='ocrx_word' id='word_1_214' title='bbox 1194 2562 1462 2625; x_wconf 85' lang='lat' dir='ltr'>gravissimis</span> <span class='ocrx_word' id='word_1_215' title='bbox 1481 2563 1614 2612; x_wconf 90' lang='lat' dir='ltr'>rebus</span> 
     </span>
     <span class='ocr_line' id='line_1_29' title="bbox 176 2642 1616 2719; baseline 0.005 -25"><span class='ocrx_word' id='word_1_216' title='bbox 176 2645 385 2695; x_wconf 88' lang='lat' dir='ltr'>admirari</span> <span class='ocrx_word' id='word_1_217' title='bbox 409 2645 525 2696; x_wconf 90' lang='lat' dir='ltr'>licet.</span> <span class='ocrx_word' id='word_1_218' title='bbox 571 2650 636 2696; x_wconf 91' lang='lat' dir='ltr'>Ut</span> <span class='ocrx_word' id='word_1_219' title='bbox 658 2642 683 2698; x_wconf 78' lang='lat' dir='ltr'>a</span> <span class='ocrx_word' id='word_1_220' title='bbox 705 2649 920 2699; x_wconf 85' lang='lat' dir='ltr'>brevibus</span> <span class='ocrx_word' id='word_1_221' title='bbox 951 2650 1152 2699; x_wconf 89' lang='lat' dir='ltr'>tenuium</span> <span class='ocrx_word' id='word_1_222' title='bbox 1173 2670 1321 2701; x_wconf 90' lang='lat' dir='ltr'>rerum</span> <span class='ocrx_word' id='word_1_223' title='bbox 1352 2651 1616 2719; x_wconf 80' lang='lat' dir='ltr'>descriptio-</span> 
     </span>
     <span class='ocr_line' id='line_1_30' title="bbox 178 2735 1615 2805; baseline 0.003 -20"><span class='ocrx_word' id='word_1_224' title='bbox 178 2735 315 2785; x_wconf 89' lang='lat' dir='ltr'>nibus</span> <span class='ocrx_word' id='word_1_225' title='bbox 332 2735 564 2803; x_wconf 85' lang='lat' dir='ltr'>incipiam,</span> <span class='ocrx_word' id='word_1_226' title='bbox 589 2737 660 2785; x_wconf 89' lang='lat' dir='ltr'>cui</span> <span class='ocrx_word' id='word_1_227' title='bbox 681 2756 777 2786; x_wconf 91' lang='lat' dir='ltr'>non</span> <span class='ocrx_word' id='word_1_228' title='bbox 800 2737 989 2805; x_wconf 82' lang='lat' dir='ltr'>placeat,</span> <span class='ocrx_word' id='word_1_229' title='bbox 1015 2740 1061 2797; x_wconf 93' lang='lat' dir='ltr'>I,</span> <span class='ocrx_word' id='word_1_230' title='bbox 1086 2737 1179 2786; x_wconf 84' lang='lat'>335</span> <span class='ocrx_word' id='word_1_231' title='bbox 1195 2777 1206 2798; x_wconf 95' lang='lat'>,</span> <span class='ocrx_word' id='word_1_232' title='bbox 1231 2739 1401 2788; x_wconf 79' lang='lat' dir='ltr'>buccina</span> <span class='ocrx_word' id='word_1_233' title='bbox 1419 2741 1467 2789; x_wconf 93' lang='lat' dir='ltr'><em>T</em></span> <span class='ocrx_word' id='word_1_234' title='bbox 1463 2741 1615 2798; x_wconf 53' lang='lat' dir='ltr'>ortilis,</span> 
     </span>
    </p>
   </div>
  </div>
 </body>
</html>
