1832 3100
445 197 1148 246 METAMORPHOSEON
1180 202 1310 247 LIB.
1344 204 1413 246 II.
1568 201 1647 245 165

214 294 496 362 Doridaque,
521 306 567 343 et
587 306 734 359 natas,
760 294 923 362 tepidis
945 294 1126 344 latuisse
1152 296 1236 343 sub
1255 297 1406 345 antris.

213 373 303 422 Ter
323 374 564 440 Neptunus
582 368 716 440 ‘aquis
740 393 842 422 cum
868 385 995 421 torvo
1017 372 1199 422 brachia
1221 372 1349 423 vultu

1582 397 1648 433 270

212 450 426 500 Exserere
450 447 585 500 ausus
608 463 702 500 erat
724 471 733 499 :
755 464 822 500 ter
841 471 935 500 non
961 451 1065 499 tulit
1090 451 1203 500 aeris
1227 463 1372 499 aestus.

212 528 347 579 Alma
371 532 517 579 tamen
537 529 715 589 Tellus,
742 542 794 579 ut
819 542 913 579 erat
933 529 1203 578 circumdata
1223 542 1368 597 ponto
1382 568 1394 588 ‚

160 600 162 602 V
212 609 338 657 Inter
359 628 496 676 aquas
515 607 688 675 pelagi,
715 619 1056 675 contractosque
1081 607 1280 674 undique
1304 607 1473 665 fontes,

214 685 380 750 Quise
403 685 697 734 condiderant
719 685 766 733 in
792 705 940 752 opacae
962 685 1128 734 viscera
1151 684 1329 743 matris,

215 761 415 812 Sustulit
436 762 681 817 omniferos
706 761 823 811 collo
848 774 978 811 tenus
1001 762 1123 811 arida
1142 761 1319 820 vultus3

208 896 283 929 trit.
309 892 354 928 In
378 893 497 929 antris.
513 892 608 928 Vide
632 892 676 928 ad
695 893 734 937 1,
751 893 827 941 689.
855 893 898 928 In

208 945 323 980 fundo
334 952 453 981 autem
466 946 570 987 maris
582 951 684 980 antra
693 945 895 991 finguntur,

207 997 247 1033 in
257 998 383 1044 quibus
393 998 454 1034 Dii
469 992 598 1033 niarini
607 998 899 1034 habitant—Pri-

209 1062 290 1086 mus
306 1052 481 1096 Neptunus
496 1063 637 1086 causam
650 1050 778 1085 mundi
794 1063 898 1096 agere

208 1103 324 1139 voluit
333 1131 344 1147 ,
364 1105 448 1151 quia
460 1105 571 1140 srater
586 1104 611 1139 J
613 1104 697 1139 ovis.
710 1121 755 1131 —-—
772 1105 898 1139 Torvus

208 1155 326 1192 vultus
349 1157 479 1203 passim
495 1157 529 1192 ei
552 1170 572 1192 a
596 1157 708 1202 poetis
730 1157 899 1192 tribuitur

209 1216 358 1255 propter
366 1209 475 1244 maris
484 1217 662 1244 naturam.
671 1210 778 1245 Nunc
789 1210 898 1245 etiam

211 1259 314 1296 dolor
327 1274 370 1297 ex
384 1268 470 1298 aestu
486 1261 625 1296 vultum
645 1262 852 1298 obducebat.

255 1327 333 1361 27¹·
371 1315 528 1350 Brachia
557 1328 717 1350 exserere.
757 1317 896 1362 Nempe

211 1365 457 1401 orandicausa.
467 1366 614 1401 Etenim
622 1368 820 1403 oratoribus
828 1368 898 1403 Ro-

211 1417 327 1454 manis
349 1417 394 1454 ad
424 1417 617 1453 dicendum
641 1419 897 1465 prodeuntibus

209 1469 368 1506 solemne
384 1476 461 1505 erat
479 1472 655 1504 brachium
669 1475 767 1505 extra
785 1475 897 1514 togam

207 1533 368 1557 eaesmm.
377 1521 503 1556 Senec.
517 1520 644 1556 Contr.
655 1523 691 1555 V
702 1549 711 1566 ,
723 1522 756 1557 6.
767 1522 896 1568 Quint.

209 1573 277 1618 XI,
287 1573 569 1609 3.-Termelius
581 1575 896 1622 repetitum‚quam

207 1627 237 1665 si
253 1640 421 1674 nunquam
436 1626 585 1663 dixisset.

253 1693 330 1726 ²7²·
339 1679 448 1714 Alma
457 1685 568 1715 lamen
581 1682 692 1715 lellus.
703 1681 789 1716 Post
796 1681 896 1715 illurn

212 1732 329 1767 Tellus
348 1731 467 1778 prodit
478 1759 488 1776 ,
515 1745 595 1777 quae
610 1739 686 1767 erat
711 1746 790 1778 pars
806 1732 896 1767 illius

206 1783 413 1820 calamitatis
437 1784 591 1819 maxima
608 1811 617 1828 ,
645 1791 762 1819 mater
788 1785 896 1819 etiam

205 1834 447 1871 laborantium
472 1836 647 1881 sontium,
669 1836 753 1881 qui,
781 1843 821 1870 ut
845 1836 895 1870 li-

206 1885 284 1921 heri
307 1893 470 1933 tempore
492 1888 696 1923 calamitoso
718 1888 754 1923 in
777 1888 896 1923 sinum

207 1938 331 1974 matris
344 1965 354 1983 ,
371 1939 409 1975 in
425 1952 534 1984 opaca
549 1938 628 1986 (ubi
645 1940 726 1983 tuti)
743 1939 819 1984 ejus
832 1939 897 1974 vis-

208 2004 290 2028 cera
322 1994 566 2040 confugerant.
599 1993 773 2028 Praeclara
806 1993 895 2027 idea.

209 2043 295 2080 Non
314 2052 435 2080 autem
454 2047 569 2080 Tellus
581 2045 651 2091 ipse
669 2045 762 2080 orbis
780 2052 894 2079 terra—

208 2108 294 2130 rum
316 2096 546 2142 intelligitur,
572 2096 633 2132 sed
661 2096 739 2131 Dea
763 2096 896 2131 telluris

209 2148 248 2184 in
275 2150 378 2184 terris
403 2148 563 2184 habitans
577 2176 587 2194 ,
620 2156 661 2184 ut
686 2151 817 2184 Peneus
843 2156 896 2184 est

210 2204 298 2240 deus
311 2204 425 2240 Penei
438 2204 537 2240 fluvii
550 2232 560 2249 ,
582 2205 622 2239 in
638 2205 736 2239 sonte
750 2205 825 2250 ejus
837 2218 896 2240 se-

210 2258 295 2293 dem
310 2258 455 2294 habens.
481 2259 602 2295 Tellus
618 2271 703 2294 vero
719 2271 794 2293 non
814 2272 894 2295 ausa

208 2317 262 2346 est
292 2317 367 2345 tota
398 2310 541 2357 prodire
556 2337 565 2355 ,
598 2311 660 2346 sed
689 2318 829 2346 tantum
853 2325 895 2347 ex

208 2361 308 2407 aquis
328 2361 455 2408 quibus
477 2362 590 2399 cincta
602 2389 612 2407 ,
648 2370 868 2409 prospectare
882 2390 893 2408 ‚

207 2415 395 2461 vultusque
414 2416 548 2453 tollere.
569 2417 733 2452 Exseruit
749 2417 893 2463 quidem

207 2473 246 2501 et
271 2480 405 2502 manum
418 2481 432 2509 ‚-
456 2481 536 2503 eam
552 2481 637 2503 vero
659 2482 733 2504 non
749 2482 893 2506 movere

207 2521 304 2556 inter
313 2520 504 2557 dicendum
515 2524 631 2570 potuit
639 2550 648 2568 ,
663 2524 724 2559 sed
734 2551 744 2568 ,
759 2531 799 2559 ut
808 2537 895 2559 ocu-

207 2572 262 2608 los
287 2574 331 2608 ab
359 2581 445 2609 aestu
467 2581 504 2609 et
524 2575 638 2610 favilla
661 2575 891 2618 defenderet,

209 2627 494 2671 opposuilsronli.
518 2627 566 2662 Et
586 2629 755 2674 quoniam
777 2641 825 2664 ne
846 2629 895 2664 sic

211 2677 356 2723 quidem
373 2686 497 2713 aestum
512 2680 604 2714 ferre
620 2687 759 2725 poterat
772 2706 782 2724 ‚
808 2683 895 2714 sub-

210 2734 320 2772 seda.-
333 2732 510 2771 subsidere
523 2733 605 2770 fecit
620 2740 750 2769 terram
759 2759 769 2778 ,
783 2745 894 2779 quan-

966 906 1072 940 quam
1078 895 1255 938 paululum
1272 899 1411 928 tantum
1425 918 1434 936 ‚
1457 905 1501 926 ne
1513 891 1651 937 longius

966 948 1100 982 abesset
1111 948 1152 981 ab
1164 960 1241 981 arce
1251 946 1348 981 Jovis
1362 971 1370 989 ‚
1392 945 1535 991 quicum
1547 957 1650 990 agere

964 1001 1115 1036 volebat.
1126 1001 1223 1036 Hinc
1232 1005 1375 1045 mugnus
1387 1004 1515 1034 [remor.
1530 999 1582 1033 Ita
1592 998 1650 1032 la—

964 1053 1032 1087 bor
1041 1053 1194 1088 Telluris
1205 1060 1240 1087 et
1248 1065 1331 1088 cura
1342 1051 1378 1086 in
1392 1051 1546 1085 maximo
1556 1049 1650 1083 malo

965 1105 1056 1140 bene
1069 1104 1367 1140 notata.—Alma
1378 1129 1386 1146 ,
1399 1103 1519 1137 omnia
1532 1101 1626 1136 alens
1639 1127 1648 1142 ‚

966 1157 1150 1203 proprium
1163 1164 1199 1192 et
1209 1164 1329 1203 aptum
1342 1163 1444 1191 terrae
1454 1153 1647 1200 epitheton.

939 1241 941 1245 ,
964 1228 1009 1236 -—
1022 1211 1164 1250 (Iterat,
1186 1211 1226 1248 ὡς
1243 1215 1327 1253 εἶχε,
1345 1207 1507 1253 exprimit
1519 1213 1650 1242 statum

965 1269 1026 1296 aut
1043 1261 1201 1296 habitum
1214 1289 1222 1303 ‚
1254 1274 1324 1306 quo
1341 1261 1418 1306 quis
1441 1267 1516 1294 erat
1528 1286 1537 1304 ,
1567 1260 1621 1294 IV
1639 1286 1648 1302 ‚

965 1314 1030 1359 473
1050 1324 1058 1345 :
1076 1326 1200 1355 canos,
1221 1318 1261 1347 ul
1274 1318 1348 1347 erat
1361 1314 1496 1347 turbata
1507 1339 1515 1352 ,
1540 1315 1651 1356 capil-

962 1369 1035 1411 los,·
1052 1367 1106 1401 Vl
1120 1392 1130 1410 ,
1149 1366 1237 1412 237:
1257 1370 1296 1400 ul
1310 1370 1385 1399 erat
1396 1376 1544 1409 pronus;
1567 1366 1651 1408 244:

962 1424 1053 1455 sicul
1065 1420 1292 1464 erantjunclae'.
1307 1420 1394 1453 Mox
1409 1418 1648 1454 revocandum

963 1472 1103 1518 putavi,
1131 1475 1384 1516 contraclosque
1396 1498 1404 1511 ,
1432 1471 1475 1504 ab
1501 1469 1651 1504 Heinsio

962 1525 1114 1572 pulsum.
1127 1526 1209 1576 Non
1222 1524 1317 1559 enim
1327 1524 1458 1567 innuit,
1470 1536 1575 1569 aquas
1585 1536 1649 1568 pe-

962 1578 1045 1624 lasgi
1058 1585 1219 1613 constare
1230 1591 1271 1612 ex
1281 1578 1340 1611 son
1347 1577 1450 1620 tibus,
1461 1575 1522 1611 sed
1534 1575 1649 1610 omnis

962 1630 1102 1678 generis
1119 1643 1225 1676 aquas
1238 1641 1520 1665 commemorare
1536 1628 1620 1663 vult.

1005 1684 1082 1729 273.
1105 1684 1307 1718 contractos
1323 1694 1387 1728 pro
1398 1685 1652 1725 contractosque

961 1735 1094 1770 invexit
1110 1735 1280 1770 Heinsius
1297 1741 1336 1768 ut
1353 1746 1458 1778 aquas
1476 1731 1586 1778 pelagi
1598 1732 1649 1765 in-

961 1795 1049 1822 nuat
1072 1795 1233 1823 constare
1258 1801 1298 1822 ex
1315 1786 1470 1821 sontibus
1492 1784 1648 1828 undique

962 1841 1162 1876 contractis.

1008 1895 1084 1939 275.
1112 1892 1313 1936 Omm'feros.
1339 1891 1524 1936 Quoniam
1548 1903 1649 1925 non-

962 1945 1051 1980 nulli
1067 1948 1281 1988 ommparcns
1293 1972 1302 1986 ‚
1321 1951 1507 1990 propterea
1525 1943 1649 1978 Heins.

963 1999 1055 2044 conj.
1072 2002 1281 2044 omnipares,
1304 1998 1410 2044 idque
1433 2011 1474 2032 ex
1491 1997 1647 2043 analogia

961 2051 1176 2096 comprobat.
1199 2050 1318 2086 Nostri
1338 2049 1487 2085 Codices
1501 2076 1509 2092 ,
1531 2052 1647 2084 omni—

952 2104 1062 2149 seros.
1079 2122 1123 2130 ·-
1133 2103 1277 2138 Sustulit
1290 2103 1480 2148 omnifivros.
1496 2102 1548 2136 Ut
1565 2101 1649 2135 Au-

960 2163 1088 2191 tumno
1111 2156 1153 2190 ab
1171 2156 1322 2190 Horatio
1339 2160 1444 2200 capul
1459 2158 1571 2199 pomis
1586 2157 1647 2189 de-

961 2224 1073 2246 corum
1085 2237 1095 2252 ,
1112 2209 1161 2245 sic
1183 2209 1318 2244 Telluri
1339 2222 1358 2248 a
1377 2210 1508 2245 Nostro
1530 2212 1645 2243 omni-

951 2263 1030 2308 seri
1040 2265 1153 2297 vultus
1165 2261 1316 2297 dantur:
1333 2262 1528 2306 omniseros,
1547 2274 1650 2296 voca-

960 2315 1086 2350 bulum
1102 2316 1144 2350 ab
1163 2315 1238 2361 ipso
1258 2314 1390 2350 Ovidio
1407 2316 1535 2349 factum
1550 2340 1559 2357 ,
1577 2324 1646 2359 ap÷

962 2375 1040 2403 tum
1057 2374 1177 2402 tamen
1192 2375 1293 2402 terrae
1307 2369 1455 2416 sroevd'ossffq,
1469 2373 1503 2400 et
1518 2371 1648 2411 παμμή-

961 2437 1026 2472 τθρι
1043 2447 1053 2465 ,
1081 2433 1159 2466 quae
1182 2423 1297 2455 omnia
1316 2446 1324 2460 ‚
1355 2419 1481 2464 quibus
1511 2418 1646 2464 indiget

960 2480 1088 2508 natura
1103 2473 1260 2507 humana
1274 2471 1365 2515 ,sert
1378 2477 1414 2505 et
1430 2470 1498 2506 alit.
1513 2470 1647 2505 Lucre-

961 2525 1012 2560 tio
1021 2532 1057 2559 et
1069 2524 1217 2569 Virgilio
1232 2523 1360 2558 dicitur
1368 2525 1589 2567 omniparens.
1602 2542 1646 2549 —

961 2578 1114 2611 sustam.
1127 2575 1281 2610 Videtur
1291 2581 1393 2621 poeta
1405 2575 1591 2620 respexisse
1605 2575 1649 2609 ad

960 2629 1079 2664 locum
1096 2627 1278 2663 Pausaniae
1296 2627 1335 2662 in
1353 2627 1478 2662 Atticis
1497 2640 1505 2662 ς
1520 2623 1600 2664 [ἔστι
1619 2632 1650 2663 0⁹?

961 2687 1085 2722 καίΓῆς
1098 2683 1222 2725 ἄγαλμα
1235 2684 1422 2721 ἱκετευούσης
1434 2682 1506 2716 ὗσαι
1518 2683 1567 2716 τὲν
1579 2686 1650 2715 Διά.

963 2747 982 2765 «
996 2732 1060 2769 Est
1071 2731 1164 2779 apud
1176 2732 1413 2774 Athenienses
1423 2732 1651 2769 simulacrum

1587 773 1652 819 275
1706 774 1709 777 ’
