1832 3100
385 255 1089 304 METAMORPHOSEON
1125 257 1249 300 LIB.
1282 258 1386 301 ΙΙΙ.

1517 258 1606 318 259

174 355 307 422 Spem
318 353 413 403 sine
426 370 614 419 corpore
625 362 762 400 amat:
773 368 938 417 corpus
950 360 1080 416 putat
1093 367 1202 406 esse,
1217 349 1340 415 quod
1353 349 1513 399 umbra
1524 363 1603 400 est.

173 432 402 499 Adstupet
424 431 521 498 ipse
543 429 632 479 sibi
647 467 659 488 ,
683 428 898 495 vultuque
922 428 1133 476 immotus
1158 427 1314 476 eodem

174 511 327 560 Haeret
341 547 353 568 ,
373 521 430 558 ut
453 528 476 557 e
501 508 634 557 Pario
661 507 900 556 formatum
924 524 1140 554 marmore
1164 505 1355 568 signum.

177 588 358 655 Spectat
380 586 507 636 humi
529 586 708 654 positus
732 585 980 648 geminum,
1005 603 1084 633 sua
1108 583 1298 643 lumina,
1325 584 1474 643 sidus,
1543 599 1611 645 [ρο

173 668 235 716 Et
258 666 418 730 dignos
440 665 644 723 Baccho,
672 664 832 727 dignos
855 675 899 713 et
922 663 1134 731 Apolline
1162 664 1328 721 crines,

174 746 476 814 Impubesque
500 763 632 809 genas
647 781 659 803 ‚
683 755 728 793 et
749 743 945 792 eburnea
967 741 1101 801 colla,
1128 742 1352 810 decusque

177 825 285 875 Oris
300 863 312 884 ‚
334 836 379 875 et
402 825 451 873 in
468 824 597 873 niveo
619 823 808 871 mixtum
832 821 1024 871 candore
1041 821 1251 870 ruborem
1269 840 1280 879 ;

177 906 437 972 Cunctaque
459 903 666 960 miratur,
693 901 861 968 quibus
885 911 952 949 est
969 899 1186 948 mirabilis
1209 919 1218 948 ε
1243 899 1339 966 ipse

175 983 234 1032 Se
257 983 384 1050 cupit
405 981 689 1049 imprudens;
716 992 783 1039 et,
808 979 886 1046 qui
909 978 1092 1046 probat,
1115 976 1188 1026 ille
1213 976 1434 1044 probatur
1453 995 1464 1035 ;

175 1115 290 1151 verbis
299 1115 525 1162 subjectis.—
533 1115 639 1160 Spem.
650 1111 773 1158 Pauci,
780 1127 860 1153 rem,

176 1168 348 1214 probante
370 1167 530 1202 Heinsio.
545 1167 616 1202 Sed
634 1166 863 1201 Burmannus

176 1227 270 1255 recte
287 1226 412 1255 monet
427 1246 437 1264 ,
465 1233 532 1254 rem
560 1219 691 1265 opponi
718 1218 863 1265 quidem

178 1271 314 1307 umbrae
329 1278 388 1307 aut
401 1271 553 1315 nomini,
568 1284 642 1306 non
657 1278 775 1306 autem
785 1284 863 1306 cor-

178 1324 320 1369 pori.--
334 1324 481 1368 Umbra5
503 1322 652 1358 Codices
665 1323 768 1368 Regii
780 1323 812 1358 A
827 1330 864 1358 et

179 1376 210 1411 Β
234 1376 366 1411 habent
396 1378 497 1410 unda.
538 1376 625 1410 Haec
653 1375 755 1409 lectio
787 1387 862 1408 non

178 1429 379 1476 spernenda
392 1429 532 1465 videtur
545 1455 555 1473 ,
584 1436 620 1464 et
647 1429 761 1474 aptior
781 1427 863 1462 huic

177 1482 255 1518 loco
268 1509 277 1526 ,
296 1481 356 1518 ubi
371 1482 486 1528 agitur
498 1480 542 1516 de
559 1481 711 1526 imagine
731 1493 808 1526 quae
825 1481 861 1515 in

178 1533 273 1569 unda
308 1533 508 1569 delineatur
527 1547 535 1574 ;
564 1539 718 1567 attamen
745 1532 837 1565 infra
849 1557 859 1575 ,

177 1599 280 1621 versu
306 1585 392 1630 434,
410 1584 539 1631 legitur
554 1587 669 1618 umbra
685 1588 744 1619 esl.
764 1582 830 1618 Ed.

219 1637 295 1681 418.
308 1636 479 1680 Adstupet
490 1639 564 1681 ipse
570 1638 646 1670 sibi.
657 1634 859 1679 Pausanias,

174 1688 268 1724 dicto
284 1688 382 1733 loco,
408 1687 598 1723 absurdum
615 1687 683 1722 hoc
700 1687 860 1733 figmen-

174 1748 251 1776 tum
276 1753 349 1776 esse
366 1739 524 1787 judicat;
548 1740 735 1775 neminem
762 1740 870 1775 enirnv

175 1800 248 1829 tam
268 1791 435 1828 stolidum
463 1804 561 1836 esse,
591 1799 632 1828 ut
658 1792 712 1827 sui
739 1802 860 1827 amore

174 1846 352 1893 capiatur,
381 1845 637 1891 hominemque
664 1845 707 1880 ab
734 1845 861 1879 umbra

175 1897 376 1934 discernere
407 1904 573 1943 nequeat*
609 1896 708 1942 Quid
742 1904 861 1931 autem

175 1950 335 1987 Noster?
351 1952 386 1987 Is
402 1963 445 1985 eo
461 1950 509 1985 ita
524 1949 716 1985 delectatus
729 1956 780 1984 est
792 1975 802 1992 ,
822 1956 862 1983 ut

174 2003 403 2038 intolerabilis
429 2002 638 2049 garrulitatis
661 2002 861 2047 exemplum

176 2055 278 2090 nobis
292 2053 489 2100 reliquerit,
501 2063 618 2099 neque
630 2053 860 2099 voluptatem,

177 2105 239 2142 scd
271 2106 416 2142 taedium
450 2106 638 2141 lectoribus
677 2105 860 2151 paraverit.

179 2160 331 2207 Semper
345 2159 389 2195 ad
405 2159 570 2195 eamdem
585 2159 771 2194 notionem
794 2172 861 2194 re—

176 2211 348 2255 volvitur,
365 2211 451 2258 quiu
463 2211 552 2246 adeo
562 2238 571 2256 ,
587 2223 666 2257 quae
681 2211 752 2257 ipse
767 2211 862 2247 dixe-

175 2269 231 2299 rat
242 2289 252 2307 ,
267 2263 469 2300 Narcissum
481 2270 704 2309 repetentem
716 2263 861 2298 inducit.

176 2316 320 2352 Diutius
338 2317 444 2352 etiam
457 2343 467 2360 ,
489 2329 594 2362 quam
611 2323 747 2351 naturae
761 2315 861 2350 veri-—

174 2373 228 2404 tas
243 2368 394 2415 patitur,
425 2381 509 2403 eum
534 2369 601 2404 hoc
621 2381 742 2404 errore
760 2368 861 2404 fasci-

176 2428 302 2457 natum
313 2428 423 2457 tenet.
432 2421 534 2456 Adde
547 2421 672 2468 frigida
684 2421 858 2465 acumina,

177 2475 303 2520 quibus
323 2474 358 2510 h.
375 2475 397 2509 Ι.
413 2474 579 2510 distinxit.
602 2493 648 2502 —-
671 2475 862 2520 Adslupem

176 2529 198 2563 d
202 2529 311 2564 ictum
324 2555 333 2572 ,
352 2535 391 2563 ut
403 2531 590 2573 πόει-ωσι,
603 2531 785 2570 adsonare,
801 2531 861 2563 ad-

173 2583 288 2615 ludere
304 2580 416 2615 alicui.
442 2581 586 2627 Stupori
607 2581 775 2616 convenit
796 2594 861 2615 vo-

174 2634 340 2680 cabulum
370 2637 499 2670 herere.
521 2635 627 2681 Apud
651 2634 749 2681 Virg.
775 2634 859 2669 AEn.

177 2686 232 2722 VI
245 2713 255 2731 ‚
274 2689 334 2733 471
352 2714 361 2731 ,
380 2687 502 2734 regina
517 2699 591 2722 non
609 2687 707 2722 aliter
727 2687 859 2731 haeret,

179 2751 218 2774 ac
233 2743 271 2773 si
286 2742 372 2774 dura
390 2742 495 2779 silex,
524 2744 585 2774 aut
606 2743 675 2773 sle!
688 2740 863 2783 Marpesia

179 2792 234 2837 (in
251 2792 362 2837 Paro)
379 2797 505 2829 cautes.
517 2793 605 2828 Inde
619 2793 748 2830 Noster
758 2793 839 2828 secit
849 2820 858 2834 ,

1543 991 1610 1036 425

927 1115 967 1145 ut
974 1124 993 1144 e
1003 1109 1294 1154 Parz'ofhmmlum
1304 1122 1466 1144 marmore
1475 1113 1617 1154 signum.

973 1164 1048 1207 420.
1072 1163 1249 1198 Geminum
1265 1165 1381 1201 sidus,
1403 1162 1470 1197 hoc
1487 1169 1538 1198 est
1553 1176 1617 1197 sua

927 1218 1056 1250 lumina
1071 1242 1079 1256 ,
1108 1222 1167 1250 aut
1193 1215 1241 1250 sic
1261 1228 1268 1250 :
1287 1229 1351 1250 sua
1376 1218 1506 1250 lumina
1531 1223 1617 1250 tan-

927 1277 1034 1313 quam
1052 1271 1217 1312 geminum
1233 1270 1340 1302 sidus.
1357 1286 1401 1293 -—
1423 1267 1590 1313 Plerique
1603 1296 1612 1308 ‚

928 1334 988 1356 ceu
1003 1324 1132 1356 lumina
1144 1333 1156 1364 ,·
1186 1320 1354 1356 Heinsius
1364 1334 1448 1356 vero
1460 1348 1469 1365 ,
1488 1321 1614 1356 Beho-

930 1374 1019 1408 tium
1027 1374 1063 1408 in
1075 1372 1256 1419 Apophor.
1267 1372 1619 1418 sequutus,deditsua

927 1428 1073 1465 Iumina,
1107 1426 1206 1460 malit
1234 1433 1353 1460 tamen
1379 1428 1444 1460 duo
1468 1428 1615 1467 lumina,

928 1477 1022 1523 quod
1036 1478 1148 1524 placet
1160 1484 1194 1512 et
1207 1477 1424 1512 Schirachio.
1438 1479 1614 1514 Burman-

927 1543 995 1565 nus
1011 1530 1152 1576 praesert
1176 1529 1402 1576 Zinzerliugii
1431 1531 1618 1576 conjectu-

927 1594 1002 1617 ram
1015 1605 1025 1624 ,
1050 1585 1236 1626 gemmam,
1259 1595 1319 1617 ceu
1342 1585 1472 1624 sidera,
1494 1586 1615 1619 lumen.

926 1649 971 1673 -·,-
999 1634 1092 1670 Cod.
1111 1635 1155 1670 R.
1174 1636 1227 1679 A,
1245 1647 1333 1674 sua:
1357 1636 1464 1680 R.B,
1483 1650 1552 1672 ceu.
1573 1656 1617 1663 ·—

933 1685 1040 1723 Oculi
1065 1687 1260 1734 fulgentes,
1292 1688 1450 1723 siderum
1476 1689 1588 1724 instar
1605 1716 1614 1733 ,

926 1747 1111 1786 ponuntur
1122 1740 1157 1774 in
1176 1741 1326 1775 maxima
1345 1741 1615 1787 pulchritudinis

926 1800 1036 1838 parte.
1067 1791 1122 1827 Cf.
1150 1792 1192 1826 ad
1212 1793 1247 1836 1,
1275 1795 1349 1841 499.
1368 1811 1412 1818 —
1428 1795 1554 1838 Apollo
1581 1802 1617 1829 et

926 1845 1087 1879 Bacchus
1104 1843 1294 1878 laudantur
1305 1857 1323 1878 a
1333 1845 1445 1890 poetis
1456 1845 1501 1879 ob
1514 1852 1612 1880 aeter-

928 1907 1013 1929 nam
1030 1895 1255 1941 juventutem
1273 1903 1307 1930 et
1332 1896 1590 1932 formositatem
1605 1912 1614 1940 ς

927 1946 1170 1993 imprimisque
1192 1948 1399 1983 tribuuntur
1421 1949 1461 1984 iis
1479 1949 1616 1995 pulchri

927 2005 963 2033 et
990 2000 1150 2045 promissi
1167 2000 1279 2046 capilli
1297 2013 1305 2035 ι
1322 2001 1446 2037 Amor.
1478 2002 1495 2036 I
1509 2028 1518 2046 ,
1551 2003 1613 2046 ι4;

928 2052 1082 2088 Martial.
1095 2053 1162 2097 IV,
1181 2053 1301 2100 Epigr.
1319 2065 1400 2088 XLV.
1419 2054 1516 2089 Hinc
1528 2055 1615 2090 Bac-

927 2104 1012 2140 chus
1029 2108 1175 2150 εὖκόμης,
1196 2110 1389 2156 χρυσοκόμης
1412 2113 1477 2142 etc.
1501 2125 1546 2133 -·
1566 2109 1617 2142 E!

925 2160 1068 2203 dignam
1081 2157 1171 2193 cod.
1183 2158 1284 2204 Regii
1292 2158 1614 2204 habentEtdzgnros

927 2212 1077 2247 Baccho.
1097 2211 1303 2246 Lectionem
1326 2212 1429 2247 istam
1448 2212 1614 2259 rejicien-

927 2264 1010 2299 dam
1028 2265 1159 2300 merito
1180 2272 1299 2300 censet
1317 2265 1507 2307 Heinsius;
1531 2278 1615 2299 narn

926 2317 970 2353 de
981 2317 1096 2364 digitis
1107 2317 1236 2354 Bacchi
1248 2317 1342 2352 nulla
1354 2318 1504 2354 hocloco
1515 2331 1613 2352 men-

926 2370 976 2404 tio
1003 2369 1082 2404 sieri
1109 2377 1223 2416 potest
1240 2385 1248 2411 ;
1282 2383 1406 2405 verum
1435 2370 1478 2405 de
1503 2371 1612 2405 comis

925 2425 1002 2469 ejus
1014 2424 1139 2470 passim
1152 2422 1243 2469 apud
1255 2431 1373 2469 poetas
1382 2450 1391 2467 ,
1408 2423 1491 2458 hinc
1506 2422 1613 2458 etiam

927 2477 1128 2522 ἀκερσεκόμης
1143 2476 1255 2510 dictus
1271 2482 1306 2510 et
1325 2477 1490 2525 miggzeaeo'lans
1510 2475 1613 2510 Grae-

926 2529 983 2563 cis.
1003 2531 1069 2562 Ed.
1094 2547 1139 2554 ·—-
1155 2531 1328 2573 Impubes,
1357 2527 1521 2574 lanugine
1547 2530 1614 2564 ob·-

927 2582 1057 2617 ductas.
1072 2599 1117 2611 ·-
1135 2584 1267 2623 Decus,
1290 2571 1489 2628 exquisitius
1506 2595 1613 2628 quain

927 2633 1161 2679 pulchritudo.
1188 2652 1233 2659 -—·
1260 2635 1392 2669 Miletus
1428 2634 1508 2669 alibi
1534 2636 1609 2671 sine

927 2686 1171 2733 praepositione
1189 2686 1316 2732 legitur
1327 2686 1380 2722 vel
1391 2700 1473 2722 cum
1488 2688 1611 2732 tertio,

926 2740 980 2775 vel
994 2752 1074 2775 cum
1091 2746 1186 2774 sexto
1198 2752 1287 2774 casu.
1329 2735 1331 2737 V

973 2795 1047 2835 425.
1076 2793 1117 2827 Sc
1131 2796 1232 2835 cupit.
1249 2792 1304 2828 De
1322 2806 1439 2837 cupere
1456 2800 1491 2829 et
1501 2798 1616 2838 petere
