1832 3100
256 272 343 332 276

627 270 678 313 P.
712 270 949 316 OVIDII
987 271 1288 321 NASONIS

255 385 278 407 >›
306 361 539 429 Adplicor,
565 373 608 410 et
629 362 792 411 dextris
818 363 1010 412 adducor
1033 364 1165 414 litora
1185 366 1315 414 remis
1335 383 1345 423 ;

251 462 275 483 »
303 441 462 506 Doque
483 439 598 488 leves
624 439 785 498 saltus;
811 441 995 507 udaeque
1017 441 1186 490 innitor
1207 462 1365 501 arenae,

248 539 272 559 »
298 518 396 568 Nox
420 517 499 565 ubi
522 529 752 566 consumta
773 530 850 566 est.
878 519 1051 566 Aurora
1073 519 1303 567 rubescere
1328 520 1520 585 primum

1594 535 1661 568 600

250 617 272 637 >›
303 595 505 661 Coeperat
525 615 535 642 :
560 614 771 658 exsurgo,
798 595 1037 661 laticesque
1059 596 1218 645 inferre
1242 610 1437 646 recentes

248 693 272 714 >›
299 672 530 720 Admoneo
545 709 556 729 ‚
581 684 867 738 monstroque
890 672 1003 721 viam
1017 710 1028 731 ‚
1057 693 1152 740 quae
1175 673 1304 722 ducat
1324 676 1377 724 ad
1401 675 1555 724 undas.

248 771 271 792 »
299 751 422 815 Ipse,
445 749 552 816 quid
576 768 680 798 aura
701 750 810 797 mihi
837 749 1009 797 tumulo
1033 751 1265 815 promittat
1286 751 1340 799 ab
1366 750 1482 811 alto,

248 849 271 869 »
298 827 558 893 Prospicio3
582 827 854 892 comitesque
874 846 1007 885 voco,
1033 840 1273 894 repetoque
1299 831 1502 879 carinam.

249 926 272 946 »
298 904 526 952 Adsumus
548 923 600 952 en
618 941 629 962 ,
653 904 800 969 inquit
821 904 1043 952 sociorum
1068 906 1238 971 primus
1264 907 1508 973 Opheltes3

1590 923 1656 957 605

247 1003 270 1022 »
298 981 448 1045 thue
470 991 619 1045 putat,
645 980 836 1045 praedam
861 981 1033 1030 deserto
1057 995 1211 1030 nactus
1234 984 1280 1031 in
1305 1004 1410 1047 agro
1429 1022 1442 1043 ,

247 1079 270 1100 >›
297 1057 507 1119 Virginea
527 1075 713 1122 puerum
738 1057 858 1104 ducit
880 1077 959 1123 per
978 1058 1109 1107 litora
1132 1059 1284 1108 forma.

246 1157 269 1177 >1
296 1133 376 1181 Ille
395 1171 407 1191 ,
431 1152 550 1181 mero
579 1152 823 1199 somnoque
847 1135 988 1196 gravis
1003 1173 1014 1193 ,
1042 1136 1231 1184 titubare
1252 1136 1446 1195 videtur,

246 1233 269 1253 »
298 1211 471 1276 Vixque
495 1210 619 1276 sequi
641 1231 651 1257 :
676 1222 827 1276 specto
853 1211 1042 1269 cultum,
1069 1212 1311 1284 faciemque
1327 1250 1339 1270 ,
1363 1213 1656 1279 gradumque:

248 1311 270 1332 »
298 1288 373 1338 Nil
394 1288 483 1346 ibi,
508 1288 628 1354 quod
650 1299 802 1354 posset
826 1288 944 1336 credi
965 1289 1170 1348 mortale,
1194 1290 1408 1338 videbam.

241 1419 315 1454 niat
332 1415 406 1454 haec
420 1419 566 1454 varietas
582 1431 654 1453 non
672 1419 829 1454 dixerim.
845 1420 920 1454 Ad-

241 1474 357 1506 ducere
363 1473 462 1506 litora
471 1475 578 1511 remis,
591 1484 655 1516 per
662 1471 918 1518 metonymiam

241 1536 305 1569 pro
316 1549 326 1567 ,
343 1524 506 1556 adducere
523 1533 629 1556 remos
639 1548 647 1562 ,
672 1535 787 1556 navem
806 1523 856 1555 ad
866 1525 918 1556 li·-

240 1581 323 1610 tora.
343 1575 384 1609 In
399 1573 535 1619 vulgata
544 1575 694 1607 adducor
707 1576 808 1607 litora
819 1576 918 1607 remis

239 1626 446 1662 subauditur
473 1624 669 1670 praepositio
701 1626 757 1658 nd.
789 1623 854 1657 Ed.
875 1642 918 1650 ·—

241 1681 355 1714 Saltus
370 1680 433 1717 do,
450 1676 565 1711 exsilio
581 1689 599 1709 e
616 1688 702 1710 nave
719 1675 755 1709 in
769 1675 858 1709 litus.
874 1693 919 1701 —·

243 1731 347 1764 ‚leves
359 1755 367 1769 ‚
392 1735 430 1761 ut
447 1728 571 1761 Horat.
589 1726 625 1761 II
639 1753 648 1770 ,
675 1726 747 1761 Sat.
761 1737 800 1763 vl
814 1753 823 1771 ,
852 1727 915 1773 98,

243 1784 325 1817 leuszr
339 1782 463 1814 exsilit.
907 1811 913 1821 ’Δ

283 1832 360 1866 603.
383 1833 574 1865 Promittere
587 1829 629 1864 de
642 1830 742 1864 bonis
757 1843 917 1875 progno-

242 1884 331 1919 sticis
345 1910 354 1927 ,
366 1890 405 1917 ut
419 1885 616 1917 denunciare
631 1881 673 1915 de
688 1881 785 1916 malis
798 1882 918 1928 virgil.

244 1937 372 1981 Georg.
388 1935 405 1969 I
415 1961 424 1979 ,
445 1936 520 1979 453.
543 1953 586 1960 —
601 1935 769 1969 Sociorum
784 1933 919 1968 duode-

244 1991 313 2025 cim
338 1988 484 2023 nomina
505 1988 610 2022 habet
639 1987 770 2034 Hygia.
795 1986 918 2021 eadem

243 2044 317 2077 sere
330 2068 340 2085 ,
358 2053 434 2086 quae
444 2040 478 2074 h.
494 2040 516 2074 1.
527 2040 654 2075 Noster
670 2052 709 2073 ea
726 2052 788 2084 per
803 2046 918 2073 totum

241 2095 358 2130 locum
377 2091 543 2136 disposuit
560 2117 569 2134 ,
599 2103 643 2125 ne
665 2103 736 2124 uno
758 2091 834 2125 loco
856 2104 919 2126 cu·-

243 2145 374 2180 mulata
387 2143 528 2178 taedium
539 2142 728 2177 adferrent.
740 2142 851 2177 Erant
862 2156 918 2177 au-

244 2206 322 2233 tem·
328 2189 490 2230 illi'secun
497 2195 581 2228 dum
591 2194 739 2228 Homer.
751 2194 872 2241 hymn.
882 2202 918 2230 et

245 2251 326 2286 alios
333 2249 452 2294 piratae
462 2261 470 2288 ;
481 2260 595 2292 neque
607 2247 747 2291 piratica
756 2248 917 2292 antiquis-

241 2302 336 2338 simis
352 2300 567 2346 temporibus
583 2299 720 2333 insamis
736 2307 820 2333 erat.
851 2300 918 2334 Se-

243 2354 400 2390 cundum
416 2352 512 2387 Serv.
531 2351 573 2386 ad
590 2351 710 2396 virgil.
722 2350 862 2384 AEneid.
877 2352 893 2385 Ι
904 2378 914 2394 ,

243 2423 259 2454 7
268 2422 281 2442 1
294 2434 304 2451 ,
317 2409 525 2441 dormientem
534 2408 570 2439 in
581 2407 676 2438 lilore
684 2407 818 2448 rapiunt
824 2415 837 2446 ,·
854 2404 915 2438 sed

242 2459 335 2505 apud
352 2456 512 2503 Apollod.
537 2463 572 2491 et
590 2456 720 2503 Hygin.
740 2456 812 2500 ipse
828 2468 916 2490 con—

243 2511 337 2546 ducit
353 2522 480 2544 navem
493 2535 502 2552 ,
527 2516 566 2543 ut
589 2509 711 2542 Naxon
728 2507 914 2543 deseratur.

241 2581 285 2589 --
295 2564 447 2596 Puerum.
465 2559 571 2605 Apud
584 2561 732 2594 Homer.
746 2566 844 2606 νεηνίῃ
860 2560 915 2594 ἀν-

242 2619 292 2664 δρὶ
308 2616 418 2652 ἐοικώς.
434 2632 478 2639 --
500 2611 787 2655 Vtrgineafizrma.
811 2612 914 2646 Unus

241 2664 424 2698 Mediceus
447 2671 482 2698 et
506 2663 690 2708 Argentin.
706 2666 860 2706 virginea·
863 2688 914 2696 .....

234 2716 351 2760 sormoe
359 2729 372 2760 ‚·
389 2723 578 2760 utrumque
591 2722 695 2750 recte.
708 2734 752 2742 ·-
767 2714 914 2749 Codices

239 2767 359 2813 Regii,
373 2767 648 2812 virgineasorrna.
657 2784 700 2792 —-
711 2766 893 2810 Euripides
903 2792 912 2808 ,

1545 1327 1552 1333 .
1592 1306 1659 1339 610

980 1419 1017 1454 in
1037 1420 1201 1464 Bacchis,
1227 1434 1329 1456 versu
1351 1422 1435 1461 353,
1464 1425 1658 1472 θηλύμορφσς

980 1475 1070 1516 ξένος.
1101 1473 1199 1507 Talis:
1219 1474 1326 1508 etiam
1351 1473 1387 1507 in
1418 1475 1658 1508 monumentis

980 1530 1261 1568 repraesentatur.
1276 1524 1421 1560 Confer.
1434 1525 1488 1559 IV
1498 1551 1508 1569 ,
1529 1527 1568 1560 18
1583 1538 1657 1570 sqq.

980 1594 1024 1602 -—·
1038 1577 1132 1610 Mero
1148 1589 1325 1621 somnoque
1336 1580 1467 1621 gravis,
1493 1577 1552 1622 qui
1573 1590 1657 1612 cra—

981 1626 1097 1671 pulam
1119 1627 1279 1661 nondum
1293 1628 1490 1662 edormivit.
1507 1629 1654 1663 Homer.

982 1679 1021 1714 Il.
1041 1679 1071 1714 A
1085 1706 1094 1723 ,
1113 1683 1175 1714 225
1189 1705 1198 1722 ‚
1219 1684 1379 1730 οἶυοέοφής.
1390 1680 1537 1715 Heroid.
1552 1681 1654 1723 XIV,

981 1734 1023 1767 33
1033 1745 1040 1766 :
1052 1735 1133 1767 Cibo
1143 1737 1281 1778 vinoque
1287 1746 1405 1778 graves
1415 1746 1591 1778 somnoque
1593 1734 1658 1777 ja-

980 1789 1108 1820 cebant.
1127 1804 1169 1810 —-
1191 1787 1348 1819 Tilubare
1361 1791 1396 1819 et
1412 1785 1529 1830 lingua
1546 1792 1582 1819 et
1596 1798 1656 1831 pes

982 1837 1159 1872 ebriorum
1177 1837 1350 1872 dicuntur.
1368 1854 1413 1863 ·-
1432 1838 1588 1871 Titubare
1603 1841 1656 1871 vi·-

981 1890 1084 1922 delur.
1105 1888 1272 1922 vacillare
1289 1900 1388 1922 mero
1404 1900 1598 1932 somnoque
1609 1888 1655 1922 si·-

982 1939 1135 1973 mulabat
1160 1952 1196 1974 se
1225 1938 1381 1974 Bacchus
1398 1965 1408 1982 ‚
1433 1951 1479 1974 ne
1503 1952 1522 1974 a
1541 1940 1656 1973 nautis

983 1991 1081 2026 Deus
1097 2005 1168 2026 esse
1184 1997 1462 2036 cognosceretur.
1480 1992 1546 2024 Ed.

1026 2043 1101 2090 609.
1112 2044 1229 2087 Specto
1239 2045 1364 2077 cultum
1375 2069 1382 2082 ‚
1388 2043 1582 2086 faciemque
1592 2048 1654 2078 etc.

983 2094 1042 2128 Dii
1061 2121 1070 2138 ,
1113 2094 1253 2139 quando
1284 2095 1434 2128 sormam
1464 2093 1657 2128 humanam

981 2154 1198 2190 sumserant,
1225 2147 1360 2181 incessu
1372 2172 1382 2189 ,
1410 2157 1493 2180 voce
1508 2171 1518 2189 ,
1549 2145 1657 2179 oculis

982 2200 1122 2244 aliisque
1143 2200 1245 2233 rebus
1262 2198 1502 2241 declarabant,
1526 2197 1655 2243 aliquid

982 2250 1090 2283 divini
1112 2250 1221 2284 inesse
1238 2250 1312 2284 sibi.
1340 2249 1437 2294 Virg.
1455 2248 1596 2284 AEneid.
1614 2249 1630 2282 I
1642 2274 1653 2289 ,

981 2303 1065 2346 327;
1086 2302 1119 2334 V
1131 2327 1141 2344 ,
1169 2301 1230 2345 647
1246 2313 1253 2334 :
1271 2300 1314 2333 de
1332 2300 1379 2334 Iri
1395 2300 1431 2333 in
1449 2312 1557 2334 anum
1572 2312 1655 2334 mu-

980 2358 1050 2386 tata
1063 2377 1072 2394 ,
1090 2353 1214 2385 Divint‘
1223 2353 1322 2393 s12qna
1334 2351 1463 2383 decorus·
1477 2351 1655 2382 Ardentes-

980 2418 1039 2449 que
1054 2409 1167 2438 notate
1183 2406 1296 2438 oculos
1307 2429 1316 2443 ,
1345 2406 1406 2446 qui
1420 2404 1556 2445 spiritus
1577 2404 1650 2444 illi,
1710 2434 1716 2438 ,

985 2456 1056 2496 Qui
1060 2457 1171 2488 vultus
1180 2457 1337 2497 vocisque
1340 2465 1452 2492 sonus,
1461 2455 1518 2486 vel
1517 2465 1654 2496 gressus

978 2509 1078 2540 eunti.
1098 2505 1168 2539 Sed
1183 2517 1337 2549 quaerere
1353 2504 1456 2546 libet,
1474 2504 1653 2548 quomodo

979 2559 1141 2590 titubanti
1150 2558 1275 2599 gradus
1292 2555 1429 2589 divinus
1446 2553 1516 2590 esse
1534 2562 1652 2600 potue-

978 2610 1033 2643 rit.
1048 2626 1092 2635 ·-
1108 2610 1248 2642 Cultum.
1268 2607 1423 2650 Quidam
1433 2632 1443 2649 ,
1458 2609 1593 2641 vultum.
1608 2624 1652 2633 —

980 2660 1080 2705 Regii
1105 2660 1233 2702 nostri,
1252 2662 1384 2693 cultum.
1401 2677 1445 2684 --
1470 2660 1569 2700 Quod
1579 2670 1650 2690 nu-

979 2725 1051 2747 men
1063 2719 1127 2747 etc.
1141 2712 1365 2746 Gubernator
1377 2712 1415 2745 in
1425 2711 1559 2758 hymno
1571 2710 1650 2743 Ho-

978 2765 1066 2799 meri
1083 2778 1090 2798 :
1105 2755 1128 2800 ll
1144 2767 1201 2812 γὰρ
1212 2770 1282 2803 Ζεὺς
1297 2767 1343 2798 382
1355 2763 1384 2808 γ’
1401 2766 1480 2799 ε’στίν
1491 2788 1501 2805 ,
1524 2764 1539 2803 ἢ
1558 2762 1650 2812 ἀργυ-
