1832 3100
360 195 1054 275 METAMORPHOSEON
1087 230 1216 274 LIB.
1252 232 1309 276 v.

1462 232 1548 291 393

131 321 303 389 Perque
323 321 556 388 pruinosas
579 319 682 368 tulit
702 320 938 387 irrequieta
961 320 1178 370 tenebras.

130 400 332 455 Rursus,
356 407 408 445 ut
425 395 537 445 alma
561 396 661 446 dies.
675 396 907 446 hebetarat
930 397 1097 456 sidera,
1123 411 1269 447 natam

129 474 248 524 Solis
267 473 324 522 ad
346 491 547 522 occasum
561 510 573 531 ‚
599 472 718 522 Solis
743 475 964 541 quaerebat
985 474 1041 523 ab
1066 487 1180 523 ortu.

1484 489 1549 536 445

129 553 263 602 Fessa
283 549 438 600 labore
457 551 578 599 sitim
603 550 840 616 collegerat
854 590 867 611 ‚
893 571 1058 619 oraque
1079 552 1196 600 nulli

132 627 387 678 Colluerant
409 628 582 687 fontes3
612 648 750 695 quum
774 641 933 679 tectam
958 631 1164 679 stramine
1188 630 1300 678 vidit

130 708 264 757 Forte
286 713 452 767 casam,
475 726 723 774 parvasque
745 708 864 756 fores
886 707 1080 775 pulsavit
1100 728 1110 756 z
1134 719 1179 757 at
1204 708 1308 756 inde

127 789 287 840 Prodit
309 808 445 850 anus3
464 790 711 858 Divamque
734 791 855 839 videt
870 829 881 850 ‚
906 790 1219 858 lymphamque
1243 789 1420 854 roganti

129 873 271 923 Dulce
295 873 441 933 dedit,
466 885 586 923 tosta
609 875 730 941 quod
753 886 931 923 coxerat
952 887 1052 924 ante
1075 873 1268 941 polenta.

1488 887 1555 932 450

127 957 250 1006 Dum
270 956 391 1006 bibit
414 955 490 1007 illa
512 957 689 1015 datum,
714 957 815 1006 duri
838 975 951 1024 puer
978 957 1068 1006 oris
1094 969 1138 1006 et
1162 956 1304 1005 audax

131 1039 351 1089 Constitit
373 1039 474 1089 ante
497 1040 637 1088 Deam
655 1058 665 1099 ;
692 1040 880 1107 risitque
895 1078 907 1100 ,
933 1040 1192 1106 avidamque
1213 1037 1398 1088 vocavit.

128 1179 265 1227 lignum
286 1180 482 1216 resinosum
506 1180 660 1227 egregias
680 1180 813 1227 praebet

129 1233 221 1268 faces
237 1245 246 1268 :
261 1231 331 1267 vid.
346 1231 504 1281 Brydon.
516 1232 551 1268 d.
562 1233 584 1267 l.
594 1246 626 1279 p.
642 1235 712 1282 189.
734 1234 811 1280 Ipsa

130 1284 210 1320 Dea
234 1284 317 1321 inde
346 1284 507 1329 tadisera.
533 1303 576 1311 —-
597 1287 654 1320 Ab
677 1288 784 1321 AElna
800 1314 808 1328 ,

130 1338 251 1374 AEtnae
266 1339 414 1385 ignibus.
440 1340 585 1374 Petron.
602 1340 646 1387 89
659 1365 668 1383 ,
683 1342 728 1373 ab
741 1343 812 1374 aris·

129 1393 401 1438 accenditfaces.
430 1392 626 1438 Quomodo
643 1393 685 1427 ab
702 1393 812 1428 AEtna

132 1443 330 1479 accenderit
343 1470 352 1488 ‚
372 1457 412 1479 ex
425 1457 489 1480 suo
507 1452 712 1480 commento
728 1458 813 1480 nar-

131 1502 187 1530 rat
203 1494 389 1530 Claudian.
407 1497 482 1540 111,
498 1496 582 1531 inde
592 1509 611 1531 3
626 1509 728 1531 versu
737 1497 813 1544 39²·

174 1548 249 1591 443.
265 1549 392 1593 Perque
407 1551 590 1593 pruinosas
613 1554 678 1583 etc.
695 1548 814 1584 Noctu

131 1606 168 1634 et
177 1598 334 1634 interdiu
349 1600 511 1646 quesivit
521 1600 640 1635 filiam.
648 1618 692 1627 -—
701 1602 789 1634 Dies
797 1626 806 1641 ‚

129 1665 156 1686 s.
165 1652 217 1687 sol
225 1652 371 1688 clariore
380 1664 442 1688 sua
450 1653 526 1688 luce
535 1655 680 1694 hebetat,
692 1652 737 1687 ob
741 1665 813 1687 scu-

130 1711 185 1740 rat
197 1704 312 1740 sidera
324 1731 335 1750 ,
349 1712 391 1740 ut
403 1717 477 1740 non
490 1712 690 1752 appareant.
710 1705 813 1740 Simi-

133 1756 212 1792 liter
223 1757 300 1797 fere
311 1783 322 1803 ‚
349 1757 387 1793 11
405 1757 588 1796 Amor.,V1
600 1785 610 1802 ,
634 1770 676 1792 πο
693 1785 703 1802 ,
722 1758 815 1804 psit-

131 1815 228 1845 tacus
239 1811 367 1845 virides
375 1814 498 1854 penm's
510 1812 646 1845 hebetat
660 1823 815 1854 smarag-

133 1863 204 1896 dos.
228 1860 299 1897 Sed
315 1861 493 1898 schin-ach.
506 1863 591 1897 alius
603 1864 741 1909 generis
754 1875 816 1897 ve-

133 1926 236 1950 neres
250 1915 288 1949 in
306 1914 341 1949 h.
353 1914 647 1960 v.‘deprehendit.
666 1930 683 1946 α
702 1916 816 1950 Hebe-

134 1972 208 2002 !are
216 1970 346 2008 sidera,
358 1967 475 2012 inquit
486 1994 496 2011 ,
516 1967 644 2002 dicitur
654 1970 737 2009 dies,
756 1968 818 2002 ub'i

131 2018 292 2064 tepidum
301 2025 354 2054 est
363 2031 516 2064 vesperae
526 2026 678 2065 tempus,
693 2032 817 2055 vacans

136 2077 222 2106 aestu
237 2070 381 2106 calentis
397 2070 487 2106 solis.
505 2071 617 2106 Valde
631 2071 784 2118 poetice!
799 2086 816 2103 »

179 2123 254 2167 446.
276 2122 374 2158 Silim
385 2125 582 2168 collegerat.
608 2122 708 2159 Olim
733 2123 820 2158 ede-

135 2176 240 2210 batur
254 2178 347 2210 se'te'n
357 2180 555 2220 conceperat
563 2186 576 2218 ,⁰
586 2175 647 2210 sed
657 2176 730 2219 iam
739 2174 821 2210 Cio·

133 2227 237 2261 sanus
261 2239 303 2261 ex
324 2226 461 2261 duobus
481 2227 551 2262 suis
574 2234 609 2261 et
626 2227 716 2262 Abb.
739 2229 819 2261 col-

135 2282 264 2324 legerat
283 2279 430 2326 protulit
442 2306 451 2323 ,
473 2279 639 2325 idemque
660 2279 819 2326 plurimis

137 2330 208 2366 aliis
217 2332 485 2378 comprobatum
497 2332 629 2378 recepit
641 2332 821 2368 Heinsius.

136 2384 256 2420 Nostri
275 2385 401 2432 Regii,
420 2390 625 2430 conceperat.
641 2403 686 2412 ——
706 2387 821 2420 Colli-

134 2448 212 2481 gem
232 2439 324 2472 cmm
338 2463 347 2478 ‚
376 2437 584 2473 contrahere
599 2463 609 2481 ,
630 2437 738 2472 etiam
762 2450 822 2472 re-

137 2501 161 2535 p
202 2488 275 2524 'tur
292 2490 384 2536 apud
404 2490 592 2536 Virgilium
606 2517 616 2534 ,
637 2492 674 2526 in
690 2491 821 2538 Georg.

139 2501 222 2585 132
239 2541 324 2587 3273
351 2542 521 2578 Horatius
535 2569 544 2586 ,
563 2543 630 2586 IV,
649 2543 720 2578 Od.
741 2555 795 2579 ΧΠ
809 2571 819 2588 ,

142 2593 182 2628 13
196 2605 204 2628 ε
220 2594 391 2628 adduxere
402 2596 493 2628 sitim
509 2599 664 2639 tempora.
690 2595 746 2630 De
766 2596 822 2631 siti

141 2641 283 2679 Cereris
292 2644 403 2679 multa
413 2645 504 2690 apud
515 2646 664 2681 Veteres
680 2661 689 2688 ς
702 2648 825 2686 confer

143 2693 367 2731 callim.V11
381 2722 390 2740 ,
404 2707 479 2740 ΧΠ,
503 2710 552 2742 ι7.
568 2696 611 2731 In
622 2697 657 2731 h.
675 2697 824 2732 Homer.

142 2748 369 2794 aMetanira,
389 2749 677 2786 Cele'rEleusinii
695 2752 823 2796 conju-

877 1197 918 1230 ge
931 1209 944 1227 ,.
959 1182 1112 1230 primum
1129 1188 1309 1218 recreatur
1325 1188 1411 1226 potu
1426 1206 1436 1224 ‚
1464 1186 1560 1226 post-

872 1248 983 1281 >quam
1005 1248 1024 1269 3
1041 1235 1161 1270 Iamba
1179 1261 1189 1278 ‚
1212 1233 1401 1269 Metanirae
1417 1232 1560 1276 famula,

878 1288 1066 1323 exhilarata
1082 1294 1166 1322 erat.
1477 1293 1482 1298 '

921 1342 995 1386 447.
1010 1341 1211 1374 Collueranl.
1222 1338 1328 1374 Multi
1339 1365 1348 1383 ,
1354 1340 1558 1383 polluerant,-

879 1392 974 1427 unde
1004 1392 1170 1426 Heinsius
1189 1391 1407 1436 conjecturat
1424 1392 1560 1435 prolue-

877 1449 973 1485 rant,
1009 1444 1119 1478 nostri
1153 1443 1254 1489 Regii
1268 1469 1277 1486 ‚
1300 1445 1494 1477 colluerant.
1518 1459 1563 1471 ι·-

882 1498 1033 1531 colluere
1041 1508 1121 1530 raro
1131 1496 1178 1530 ita
1189 1494 1341 1530 occurrit
1350 1494 1393 1528 de
1404 1494 1560 1535 bibente;

878 1547 1000 1582 durius
1016 1547 1128 1582 multo
1145 1546 1237 1592 apud
1255 1545 1479 1581 Lactantium
1494 1569 1504 1587 ,
1523 1544 1560 1578 in

878 1605 1088 1644 argumento
1100 1624 1110 1642 ,
1124 1599 1258 1642 Aquam
1267 1624 1275 1638 ,
1295 1599 1347 1630 ad
1353 1597 1562 1630 colluendum

869 1652 1040 1696 jejunium
1051 1679 1059 1692 ‚
1069 1654 1246 1695 porrigere.
1254 1667 1298 1676 -
1313 1651 1420 1693 Quum
1431 1652 1562 1683 lectam.

879 1704 1000 1740 Nostri
1025 1704 1145 1749 Regii,
1165 1707 1361 1738 conlectam.
1382 1720 1426 1727 —
1447 1702 1569 1736 Prodit

878 1769 975 1791 anus.
986 1757 1073 1792 Haec
1085 1769 1171 1790 anus
1184 1769 1203 1790 a
1218 1754 1398 1791 Nicandro
1408 1754 1538 1788 Misma
1551 1779 1560 1795 ‚

880 1809 923 1842 ab
937 1808 1008 1843 aliis
1028 1808 1151 1852 Baubo
1170 1814 1324 1842 vocatur.
1345 1825 1389 1832 -
1404 1807 1563 1850 Roganli.

881 1861 983 1907 Regii
999 1861 1110 1895 nostri
1126 1887 1136 1905 ‚
1157 1863 1295 1906 pelenti.

925 1916 1001 1957 450.
1027 1915 1140 1948 Dulce
1156 1913 1309 1948 absolute
1327 1912 1481 1959 positum
1492 1937 1502 1956 ,
1525 1919 1563 1945 ut

881 1967 916 2002 τὲ
931 1970 1020 2010 γλυκὺ
1037 1965 1177 2001 Graeeis.
1193 1984 1237 1991 —-
1255 1966 1361 2000 Tasta
1372 1991 1381 2006 ‚
1407 1976 1471 2010 pro
1491 1968 1563 1998 les-

881 2022 937 2059 !a,
970 2018 1120 2052 correxit
1136 2017 1311 2053 Barthius.
1328 2035 1374 2043 ·—
1395 2018 1538 2052 Polenla
1553 2027 1564 2057 ‚·

883 2070 926 2104 ab
943 2069 1093 2116 Orpheo
1106 2097 1115 2115 ,
1142 2070 1179 2104 in
1206 2071 1394 2116 fragment.
1422 2074 1566 2103 vocatur

882 2126 992 2158 κυκεὼν
1004 2148 1013 2166 ,
1041 2122 1166 2158 ciunus
1183 2148 1193 2166 ,
1230 2121 1330 2167 potio
1359 2121 1517 2155 confecta
1547 2133 1565 2154 e

882 2180 972 2209 to‘sta
992 2174 1134 2220 polenta
1147 2199 1156 2217 ,
1185 2173 1289 2208 melle
1304 2200 1313 2216 ‚
1331 2173 1416 2208 vino
1431 2199 1451 2216 ,.
1469 2171 1568 2206 flori-

882 2227 969 2271 bus,
1001 2227 1187 2272 herbisque
1204 2226 1316 2261 variis.
1343 2225 1434 2259 Vide
1458 2225 1569 2259 Mun-

881 2280 954 2315 ker.
974 2278 1017 2314 ad
1034 2281 1188 2316 Lactant.
1201 2285 1400 2324 argument.
1411 2277 1532 2312 Fische
1538 2278 1566 2311 ri

884 2333 1062 2375 Indicem;
1079 2333 1381 2379 Theophrastem,
1398 2333 1434 2367 in
1448 2333 1568 2366 κυκεών.

884 2387 1020 2423 Arnob.
1039 2387 1070 2423 d.
1086 2388 1107 2422 l.
1121 2414 1129 2431 ,
1145 2391 1272 2433 oggerit
1281 2391 1466 2431 potionem,
1482 2388 1567 2420 Cin-

884 2453 974 2481 nam,
986 2453 1160 2487 cyceonem
1170 2453 1269 2485 quom
1279 2443 1451 2482 nuncupat
1468 2439 1567 2472 Gra·—

885 2496 967 2534 cia,·
984 2491 1149 2538 idemque
1160 2505 1178 2526 e
1194 2491 1381 2526 Clemente
1390 2489 1486 2524 addit
1502 2516 1511 2533 ,
1529 2489 1564 2524 in

885 2544 1086 2592 Mystarum
1124 2543 1289 2591 symbolis
1318 2542 1422 2576 fuisse
1440 2555 1448 2576 :
1468 2542 1568 2587 jeju*

884 2600 981 2636 navi,
1004 2601 1104 2641 atque
1119 2598 1211 2631 ebibi
1222 2607 1408 2640 cyceonem·
1429 2593 1567 2642 Cyceo—

885 2660 970 2683 nem
983 2647 1092 2682 Ceres
1107 2648 1202 2692 juxta
1220 2646 1392 2681 Antonin.
1411 2645 1444 2681 d.
1461 2646 1480 2680 l.
1494 2646 1568 2680 ehi—

885 2701 936 2735 bit
945 2701 1068 2750 ἀθρέως,
1080 2699 1114 2734 id
1127 2706 1192 2745 est,
1204 2700 1330 2745 ἀμυστὶ,
1344 2711 1417 2733 uno
1429 2699 1565 2744 spiritu,

886 2751 1042 2798 adeoque
1059 2754 1164 2789 avide.
1183 2771 1228 2780 --
1243 2754 1350 2795 Puer,
1369 2751 1459 2788 filius
1476 2750 1566 2785 Mis-
