1832 3100
408 242 1102 295 METAMORPHOSEON
1142 238 1272 287 LIB.
1315 243 1405 287 IV.

1532 242 1619 300 295

197 368 222 390 »ι
247 345 352 394 Non
372 342 508 398 sinat,
535 341 582 388 in
603 338 799 388 medium
823 355 980 385 vacuas
1004 335 1244 384 reseramus
1267 334 1321 383 ad
1346 353 1485 383 aures.
1512 356 1534 377 »

195 423 326 472 Dicta
344 419 560 488 probant,
585 417 863 485 primamque
884 415 1048 481 jubent
1067 430 1244 462 narrare
1265 431 1455 461 sorores.

191 498 275 551 Illa
288 536 301 558 ,
327 497 436 565 quid
457 517 482 546 e
501 495 654 546 multis
677 495 864 553 referat,
885 512 986 542 nam
1010 490 1203 559 plurima
1221 502 1353 539 norat
1367 527 1379 549 ‚

195 577 402 640 Cogitat3
428 587 473 625 et
495 574 631 624 dubia
656 586 749 633 est,
777 574 830 623 de
854 585 918 631 te,
942 569 1191 638 Babylonia
1206 608 1219 628 ‚
1244 581 1415 627 narret,

194 652 396 712 Dercefi,
422 673 555 721 quam
577 673 700 703 versa
719 651 915 721 squamis
940 649 1188 700 velantibus
1213 661 1335 697 artus
1580 658 1623 704 45

193 730 358 795 Stagna
381 730 603 795 Palaestini
628 727 1081 780 credunt'celebrasse
1104 726 1246 791 figura
1267 744 1278 784 3

191 809 263 858 An
284 808 423 873 magis
444 820 496 858 ut
519 809 678 858 sumtis
700 807 821 857 illius
843 806 934 856 filia
955 806 1115 874 pennis

191 888 425 936 Extremos
449 886 563 936 albis
584 884 631 935 in
655 886 857 935 turribus
879 885 1018 950 egerit
1042 902 1203 933 annos:

190 965 299 1014 Nais
323 985 379 1014 an
397 977 450 1014 ut
469 977 602 1014 cantu
617 1003 629 1024 ,
654 964 932 1031 nimiumque
954 961 1219 1030 potentibus
1242 958 1395 1008 herbis
1415 995 1426 1016 ‚

192 1104 377 1140 aliisrebus
385 1104 590 1146 audiendis;
607 1105 663 1141 ΙΙΙ
676 1132 686 1149 ,
703 1105 769 1153 319
780 1131 791 1148 ,
813 1118 877 1140 va-

190 1170 257 1192 cua
271 1159 373 1193 Juao.
390 1157 450 1192 Sic
461 1157 622 1203 sequitur
637 1157 784 1203 longum
801 1155 878 1202 epi-

192 1209 332 1245 sodium
338 1222 447 1256 usque
456 1209 499 1244 ad
507 1223 595 1244 vers.
603 1209 667 1245 388
678 1222 685 1243 :
697 1222 770 1255 quo
778 1221 877 1243 com-

151 1265 154 1269 '
192 1261 300 1297 mode
314 1261 439 1307 jocose
449 1261 582 1308 aliquot
590 1268 627 1296 et
638 1261 816 1296 amatoriae
827 1262 878 1296 sa-

192 1313 293 1351 bella
307 1315 534 1358 intexuntur,
562 1326 641 1360 quae
656 1314 712 1348 vix
726 1313 852 1348 melius
865 1339 876 1357 ,

195 1379 303 1412 quam
312 1379 332 1402 a
341 1366 546 1402 mulieribus
552 1365 855 1402 confabulantibus
865 1391 875 1409 ,

194 1426 395 1455 narrantur.
414 1419 550 1454 Earum
565 1431 758 1454 numerum
774 1425 877 1464 auget

193 1475 362 1517 dubdatio
378 1474 503 1519 primae
517 1472 674 1508 mulieris
691 1479 727 1508 et
745 1478 878 1518 praete-

194 1525 278 1561 ritio
293 1524 406 1561 tertiae
421 1525 588 1573 ἠδ-284.

237 1580 292 1622 45.
306 1579 454 1614 Derceti.
471 1577 592 1614 Nostri
610 1576 732 1622 Regii,
747 1576 853 1611 Dirce
864 1602 873 1616 ‚

193 1629 296 1664 male.
315 1631 383 1665 Ed.
401 1647 447 1656 —
466 1631 625 1664 Dercetis
645 1628 715 1663 sive
731 1629 878 1662 Derceto

192 1688 230 1717 et
244 1681 312 1716 alio
325 1681 473 1717 nomine
487 1681 681 1726 Alergaltls,
705 1679 783 1715 Dea
799 1679 876 1726 Sy—

191 1734 339 1769 riorum.
357 1733 403 1769 Ei
415 1733 542 1769 Venus
557 1733 635 1769 laesa
651 1745 812 1768 amorem
825 1733 877 1777 ju·

192 1785 292 1822 venis
298 1785 481 1832 eujusdam
489 1784 683 1831 inspiravit,
689 1798 730 1819 ex
737 1797 808 1830 quo
816 1784 877 1819 Se·

192 1838 360 1873 miramin
371 1838 472 1874 enixa
485 1850 558 1884 prae
569 1837 704 1884 pudore
720 1850 756 1872 se
771 1837 808 1871 in
824 1837 878 1871 la-

191 1902 274 1925 cum
290 1889 516 1936 praecipitavit
528 1916 538 1934 ‚
556 1890 594 1924 in
612 1902 682 1936 quo
691 1890 729 1924 in
746 1889 878 1935 piscem

191 1949 327 1978 mutata
341 1943 436 1989 iuxta
447 1942 628 1978 Ascalonis
637 1949 803 1988 stagnum
816 1954 878 1977 co-

191 1994 330 2031 lebatur
341 2021 351 2039 ,
367 1995 514 2041 ejusque
524 1994 641 2041 imago
653 2008 694 2029 ex
704 2001 800 2040 parte
811 1994 878 2028 ho-

193 2049 330 2084 minem
343 2074 354 2092 ‚
372 2061 414 2083 ex
429 2055 528 2094 parte
543 2048 675 2094 piscem
693 2047 878 2083 referebat.

193 2099 299 2136 Diod.
317 2100 386 2136 Sic.
404 2100 484 2143 111;
510 2100 602 2136 Plin.
621 2100 669 2135 H.
687 2100 732 2135 N.
749 2100 803 2143 V,
824 2099 878 2134 32.

193 2154 286 2188 Filia
292 2153 368 2198 ejus
376 2152 581 2188 Semiramis
591 2166 610 2188 a
618 2152 788 2188 columbis
795 2152 879 2187 edu-

194 2211 270 2239 cata
278 2204 497 2240 credebatur.
503 2224 548 2232 —-
555 2207 663 2240 Versa
669 2207 829 2250 squamis,
839 2204 879 2239 in

193 2269 355 2303 squamas
365 2284 374 2300 ,
392 2265 432 2293 ut
443 2258 544 2300 alibi,
561 2262 711 2294 mutatas
718 2263 825 2293 tauro.
835 2276 880 2285 —-·

200 2312 321 2346 Velare
333 2310 376 2345 de
392 2310 520 2357 plumis
529 2311 726 2356 etsquamis
741 2310 878 2347 dicitur.

193 2363 436 2405 —Paloesttm',
459 2362 540 2410 Syri
554 2378 562 2406 ς
582 2377 666 2399 nam
680 2363 791 2412 Syriae
802 2377 879 2410 pars

193 2423 270 2452 erat
285 2417 531 2452 Palmfina.=
545 2419 739 2453 Celebrasse
752 2430 879 2464 agnos-

194 2475 282 2506 cunt
302 2469 466 2505 meliores
481 2484 491 2513 ς
509 2470 696 2515 nonnulli,
715 2473 876 2512 coluisse.

194 2527 235 2556 ut
249 2521 308 2556 lib.
326 2521 362 2557 II
374 2547 384 2566 ,
404 2522 493 2565 3803
518 2529 579 2558 aut
594 2525 769 2558 habitasse
783 2523 878 2570 quod

193 2575 367 2622 posterius
374 2576 712 2623 “interpretatione
719 2576 880 2613 fluxit.—

196 2627 321 2664 Codex
334 2628 466 2674 Regius
481 2629 513 2664 A
524 2654 534 2673 ,
554 2632 765 2673 celebrasse‚·
797 2629 879 2666 Co-

195 2681 261 2717 dex
278 2682 309 2717 Β
321 2708 331 2726 ,
353 2695 373 2717 a
386 2682 498 2728 prima
511 2695 621 2717 manu
630 2709 640 2726 ,
657 2688 829 2727 mutasse5
843 2690 880 2719 et

194 2735 291 2770 inter
305 2734 433 2779 lineas,
452 2748 471 2770 a
484 2735 637 2771 secunda
653 2748 781 2779 manu,
799 2739 880 2771 ccle-

198 2788 335 2833 orasse,-
347 2787 403 2822 alii
414 2800 555 2834 quoque
566 2792 715 2824 mutasse
726 2787 858 2824 habent
868 2814 878 2832 ,

943 1109 1031 1138 teste
1043 1101 1203 1138 Heinsio.
1216 1101 1282 1135 Ed.
1291 1118 1335 1126 —-
1346 1099 1502 1135 Celebra!
1509 1097 1627 1132 locum

942 1157 973 1192 is
983 1182 992 1200 ,
1013 1156 1075 1201 qui
1085 1156 1232 1200 frequen
1238 1160 1292 1188 ter
1301 1153 1338 1187 in
1349 1165 1391 1187 eo
1400 1157 1569 1187 versatur.

987 1209 1039 1254 47.
1064 1207 1125 1242 Aa
1144 1210 1253 1251 magis
1274 1210 1313 1240 ut
1326 1207 1456 1239 sumtis.
1475 1203 1629 1238 Semira-

942 1260 1010 1295 mis
1022 1285 1031 1303 ,
1050 1259 1211 1294 Dercetis
1223 1258 1310 1293 Deae
1327 1257 1396 1291 filia
1407 1283 1416 1300 ,
1436 1256 1527 1290 miro
1539 1263 1631 1301 quo-·

943 1312 1026 1347 dam
1042 1311 1150 1346 modo
1166 1324 1185 1346 a
1200 1310 1371 1346 columbis
1387 1309 1473 1344 lacte
1491 1320 1628 1353 coagu-

941 1364 1014 1399 lato
1034 1377 1054 1399 c
1081 1364 1246 1410 proximis
1268 1370 1449 1409 pastorum
1474 1360 1628 1406 mapali-

941 1416 1007 1452 bus
1035 1423 1137 1463 rapto
1172 1416 1306 1451 nutrita
1333 1415 1400 1450 fuit
1413 1441 1423 1459 ,
1463 1413 1560 1449 unde
1594 1419 1629 1446 et

941 1471 1135 1505 Semiramis
1144 1469 1210 1504 suit
1225 1467 1393 1515 appellata
1407 1481 1414 1508 ;
1429 1478 1513 1501 nam
1523 1491 1532 1509 ,
1552 1465 1628 1512 Sy-

942 1535 1066 1558 rorum
1083 1522 1201 1568 lingua
1214 1547 1224 1564 ‚
1241 1519 1481 1556 semiramides
1497 1531 1630 1553 vocan-

943 1582 1002 1610 tur
1017 1575 1188 1610 columba:
1200 1600 1209 1618 ,
1229 1586 1314 1619 quas
1327 1572 1409 1619 Syri
1423 1598 1433 1616 ,
1452 1578 1491 1606 ut
1510 1570 1627 1613 Deos,

941 1630 1114 1666 colebant.
1132 1631 1199 1665 Ed.
1221 1646 1266 1656 —-·
1280 1628 1414 1662 Sumere
1423 1638 1556 1670 pennas
1571 1631 1631 1658 aut

941 1684 1022 1716 alas
1039 1709 1048 1723 ,
1080 1694 1144 1728 pro
1169 1681 1207 1716 in
1230 1693 1332 1716 avem
1354 1678 1505 1721 mutari,
1535 1682 1632 1711 amat

943 1735 1051 1771 ovid.
1064 1735 1099 1769 V
1114 1763 1124 1780 ,
1139 1737 1224 1777 2883
1238 1735 1313 1780 XI,
1333 1734 1414 1781 7893
1429 1733 1524 1776 XII,
1547 1745 1629 1765 1.—

943 1790 1047 1824 Albis
1070 1791 1107 1824 in
1131 1790 1287 1823 turribus.
1303 1787 1422 1827 Alba,
1442 1797 1507 1831 pro
1524 1786 1624 1823 allis,

944 1841 1114 1876 Heinsius
1126 1846 1220 1875 recte
1236 1839 1368 1885 recepit
1382 1851 1403 1873 e
1417 1836 1631 1875 Florentino

944 1893 982 1928 S.
994 1893 1108 1928 Marci
1120 1919 1130 1936 ,
1148 1900 1183 1927 et
1195 1890 1530 1936 Rottendorphiano
1542 1915 1552 1934 ,
1569 1889 1632 1924 ubi

943 1945 1029 1980 illud
1049 1957 1113 1990 pro
1131 1943 1267 1979 diversa
1288 1943 1450 1978 lectione.
1478 1961 1522 1968 -
1548 1941 1630 1976 Co—

945 1996 1038 2033 dices
1072 1997 1186 2032 nostri
1218 1996 1320 2042 Regii
1353 1995 1485 2030 habent
1516 1997 1600 2030 allis
1617 2007 1629 2039 ,-

945 2062 1053 2095 quam
1075 2048 1263 2084 lectionem
1274 2075 1284 2092 ‚
1301 2047 1407 2082 nimis
1425 2046 1604 2092 vulgarem
1621 2073 1630 2089 ,

945 2102 1075 2138 merito
1091 2102 1294 2147 rejecerunt
1305 2100 1429 2136 Heius.
1447 2106 1483 2135 et
1503 2101 1630 2144 Gicrig.

947 2153 1011 2190 Ed.
1023 2153 1371 2198 —Noster,T1-ist.1
1384 2179 1394 2197 ‚
1412 2163 1469 2196 tx,
1489 2166 1506 2197 7
1521 2153 1629 2187 :Ad-

944 2210 1069 2252 sptctls,
1098 2211 1137 2243 ut
1156 2210 1298 2242 veniant
1308 2207 1360 2240 ad
1371 2207 1520 2240 candida
1541 2209 1632 2239 lecta

944 2262 1130 2302 columbae‚·
1165 2260 1329 2304 Accipiat
1354 2261 1468 2293 nullas
1493 2259 1631 2292 sordida

943 2318 1046 2349 turris
1055 2325 1156 2358 aves‚·
1170 2313 1327 2358 itemque
1343 2311 1497 2347 Martial.
1511 2310 1631 2356 Epigr.

945 2366 1041 2410 XII,
1060 2366 1100 2401 31
1122 2375 1130 2398 ε
1156 2368 1299 2411 Quaque
1312 2367 1399 2410 gerit
1406 2366 1534 2398 similes
1549 2375 1632 2397 can-

944 2422 1029 2455 dida
1044 2423 1145 2455 turris
1165 2432 1256 2454 aves.
1274 2420 1409 2454 Amant
1427 2424 1545 2452 autem
1561 2429 1626 2452 co·-

944 2474 1074 2509 lumbae
1099 2473 1175 2508 loca
1200 2472 1331 2507 altiora.
1356 2471 1410 2505 Ex
1434 2470 1488 2505 his
1508 2469 1630 2504 sabulis

947 2527 1029 2574 Syri
1044 2531 1080 2561 e!
1094 2529 1208 2570 pisces
1228 2529 1262 2559 et
1282 2525 1458 2559 columbas
1473 2526 1509 2558 in
1526 2523 1628 2557 Deo-

945 2592 1016 2614 rum
1028 2591 1162 2613 numero
1173 2579 1351 2612 habebant.
1364 2576 1496 2624 Hygin.
1515 2576 1539 2610 s.
1557 2589 1632 2624 ¹97·

989 2632 1042 2679 49.
1057 2631 1155 2665 Nais.
1173 2629 1228 2664 De
1244 2630 1355 2664 Naida
1365 2628 1430 2664 hac
1442 2627 1530 2663 nihil
1542 2626 1628 2662 certi

946 2681 1219 2718 commemorari
1245 2687 1370 2727 potest.
1408 2680 1567 2716 Lactant.
1591 2679 1629 2714 in

947 2734 1033 2779 Arg.
1046 2747 1125 2768 eam
1139 2734 1185 2768 ait
1194 2733 1353 2769 similiter
1363 2733 1500 2768 cessisse
1511 2733 1546 2767 in
1562 2731 1630 2777 pis-

947 2800 1036 2823 cem.
1058 2805 1102 2814 -
1130 2787 1240 2823 Canta
1261 2793 1298 2823 et
1312 2788 1424 2823 herbis
1439 2785 1630 2822 utebantur
