1832 3100
266 240 320 281 32
404 239 728 285 PRAEFATIO
762 243 843 286 DE
886 243 1081 287 OPERE
1114 243 1530 296 METAMORPH.

261 333 351 389 ΙΙΙ,
380 331 474 398 675
489 370 500 390 ‚
520 333 722 400 delphinis
739 355 926 402 squamas
943 337 1473 405 tribuit.--Repetttlonem
1491 342 1684 408 ejusdem

260 413 383 461 verbi
409 426 486 474 aut
503 414 772 465 hemistichii
795 430 872 467 aut
904 419 1066 482 integri
1101 439 1251 469 versus
1280 423 1402 471 vario
1434 424 1570 472 modo
1603 425 1683 473 ad-

242 494 381 560 fectat
391 534 403 552 ,
425 515 677 563 quanquam
693 498 740 546 in
757 518 808 547 eo
823 499 1046 548 interdum
1059 501 1125 548 vis
1143 501 1287 568 aliqua
1303 515 1380 551 aut
1391 504 1531 554 virtus
1548 506 1676 567 inest.

265 605 317 612 —
347 578 390 635 I,
415 576 475 624 33
501 598 510 626 :
530 579 674 635 secuit,
704 590 938 647 sectamque.
963 583 1087 630 Vers.
1118 584 1204 644 142
1227 603 1236 631 :
1251 585 1491 650 prodierant
1505 606 1522 642 ,·
1540 587 1683 653 prodit

260 658 424 731 bellurn.
461 661 587 708 Vers.
624 661 712 708 158
745 681 754 709 :
786 661 998 711 incaluisse
1025 664 1165 725 serunt
1181 704 1193 720 ,
1233 665 1496 733 calidumque.
1550 669 1674 718 Vers.

257 740 351 788 206
367 761 463 808 sqq.
489 762 498 790 ε
516 745 977 811 compressit—pressus.
1001 748 1125 795 Vers.
1150 746 1243 808 642
1265 768 1274 796 :
1293 749 1454 798 Naides
1467 751 1671 816 ignorant,

255 823 419 887 ignorat
439 834 479 871 et
498 824 683 873 Inachus
705 827 801 892 ipse.
825 828 951 875 Vers.
981 826 1074 888 643
1095 849 1104 876 :
1123 839 1283 895 patrem
1312 831 1510 897 sequitur,
1543 833 1677 899 sequi-

252 915 392 970 turque
421 924 589 954 sorores.
630 935 681 943 —
711 910 754 956 II
773 945 785 965 ‚
811 907 904 975 399
930 929 939 956 :
961 910 1075 958 soevit
1094 931 1109 957 .·
1129 910 1258 960 Soevit
1279 913 1396 960 enim.
1423 942 1474 950 ——
1498 915 1553 972 V,
1586 913 1673 963 15:

251 985 458 1035 deseruere
475 988 543 1035 sui
558 989 773 1058 Nymphoe
793 991 933 1038 vineta
956 991 1142 1061 Tymoli,
1169 992 1398 1042 Deseruere
1417 1013 1513 1043 suas
1534 996 1675 1065 Nym-

243 1068 346 1133 phoe
368 1069 605 1118 Pactolides
638 1071 780 1119 undas.
811 1100 873 1108 ι-
903 1073 969 1119 Vl
983 1109 995 1130 ‚
1033 1074 1126 1138 419
1156 1093 1166 1120 :
1204 1073 1389 1141 Quoeque
1425 1076 1542 1124 urbes
1577 1077 1674 1126 alioe

249 1151 397 1198 bimari
409 1151 656 1199 clauduntur
673 1152 726 1200 ab
748 1151 932 1209 Isthmo,
978 1153 1255 1221 Exteriusque
1275 1156 1365 1204 sitoe
1386 1157 1535 1205 bimari
1553 1177 1671 1224 spec-

248 1242 388 1280 tantur
407 1233 460 1280 ab
483 1233 657 1281 Isthmo.
676 1262 727 1269 -
745 1235 876 1292 VIII,
902 1233 996 1281 628
1018 1256 1027 1282 ;
1053 1236 1179 1283 Mille
1199 1236 1339 1285 domos
1359 1237 1516 1300 adiere,
1537 1239 1668 1302 locum

248 1315 496 1381 requiemque
514 1325 695 1380 petentes
718 1336 728 1363 :
754 1317 880 1364 Mille
905 1317 1045 1365 domos
1066 1318 1243 1367 clausere
1260 1337 1375 1367 seroe.
1402 1348 1453 1357 —-
1477 1322 1519 1378 I,
1543 1319 1666 1369 325:

247 1397 313 1445 Et
331 1416 532 1464 superesse
552 1398 668 1446 videt
687 1398 739 1446 de
762 1409 821 1446 tot
839 1399 958 1448 modo
978 1401 1156 1449 millibus
1177 1422 1298 1450 unum
1317 1442 1329 1459 ,
1379 1403 1445 1452 Et
1466 1423 1667 1470 superesse

243 1479 358 1527 videt
375 1480 426 1528 de
443 1490 503 1528 tot
517 1480 637 1529 modo
659 1481 836 1530 millibus
856 1501 990 1530 unam.
1014 1510 1065 1519 —
1083 1485 1162 1542 IV,
1189 1483 1303 1543 306,
1331 1503 1360 1550 9
1380 1506 1390 1532 :
1454 1536 1457 1540 ⁴

353 1580 511 1620 Salmaci
526 1610 538 1631 ‚
565 1581 627 1622 vel
648 1582 836 1635 jaculum,
863 1582 922 1622 vel
943 1582 1059 1636 pictas
1086 1597 1190 1623 sume
1205 1584 1421 1638 pharetras3

349 1652 403 1691 Et
417 1660 479 1690 tua
495 1666 580 1691 cum
598 1651 700 1692 duris
719 1652 915 1693 venatibus
932 1654 1008 1693 otia
1024 1654 1152 1694 misce.

347 1723 385 1761 N
389 1737 430 1762 ec
447 1723 610 1775 jaculum
627 1725 765 1772 sumit,
791 1739 862 1764 nec
884 1726 1003 1779 pictas
1021 1726 1082 1765 illa
1098 1726 1287 1780 pharetras
1303 1742 1315 1776 ;

346 1791 437 1832 Nec¹
449 1809 514 1833 sua
530 1809 615 1833 cum
635 1793 737 1833 duris
753 1795 948 1836 venatibus
966 1789 1043 1836 otia
1061 1797 1202 1837 miscet.

238 1883 292 1928 In
318 1899 407 1946 quo
429 1893 654 1947 postremo
669 1880 911 1948 plurimum
930 1895 997 1930 est
1014 1879 1240 1932 suavitatis
1254 1921 1267 1942 ‚
1290 1883 1662 1951 quemadmodem

234 1963 282 2009 in
304 1963 584 2012 antecedente
606 1983 764 2026 magna
777 1953 1051 2033 vis.÷†Nova
1074 1965 1203 2013 etiam
1222 1966 1436 2015 vocabula
1459 1965 1658 2034 quaedam

235 2043 394 2092 fecisse
411 2044 604 2103 videtur,
630 2058 682 2094 ut
703 2043 951 2104 dubitabile,
978 2046 1227 2114 jaculabile,
1258 2048 1433 2105 crinale,
1458 2042 1650 2116 omnffer,

234 2126 434 2174 remollire
449 2166 461 2182 ‚
491 2138 572 2175 etc.
946 2118 952 2123 ⁸
1190 2127 1193 2131 ⁴
1242 2129 1245 2131 ’
1558 2129 1567 2136 ’

298 2209 368 2256 Ex
385 2208 455 2256 his
474 2209 612 2271 igitur
628 2221 830 2275 apparet,
855 2211 1080 2273 egregium
1098 2211 1184 2259 hoc
1202 2203 1295 2269 esse
1313 2213 1656 2280 Metamorpho-

232 2309 342 2338 seon
377 2309 539 2356 corpus
553 2328 565 2348 ‚
605 2291 738 2340 naevis
779 2291 1046 2359 quibusdam
1088 2292 1297 2359 dispersis
1337 2294 1616 2360 deturpatum
1639 2331 1651 2351 ‚

231 2391 395 2438 eosque
418 2372 580 2438 partim
604 2392 656 2421 ex
678 2373 846 2436 ingenii
869 2373 1032 2432 abusu,
1060 2374 1221 2439 partim
1238 2393 1290 2423 ex
1307 2373 1535 2447 facilitate,
1564 2394 1652 2441 qua

230 2453 321 2502 haec
343 2466 470 2511 nata,
494 2454 685 2504 fluxisse.
