1832 3100
760 210 1384 230 mmmmm
1387 213 1508 229 mm
1514 213 1561 228 Μ

361 344 441 414 P.
501 338 846 409 ovum
891 337 1326 411 NASONIS

201 507 1480 600 METAMORPHOSEON

461 690 463 692 ⁵
516 685 1166 756 LIBER'SEXTUS.

131 1021 244 1070 FAB.
266 1020 300 1068 I.
336 998 668 1068 PRAEBUERAT
693 1017 823 1066 dictis
844 1017 1050 1066 Tritonia
1076 1016 1240 1066 talibus
1259 1036 1430 1078 aurem3

135 1097 428 1164 Carminaque
448 1095 674 1145 Aonidum
688 1134 700 1154 ‚
721 1095 972 1163 justamque
993 1095 1259 1162 probaverat
1280 1095 1400 1144 iram.
1455 1128 1458 1131 ,

132 1179 250 1227 Tum
273 1195 451 1226 secum:
476 1198 498 1219 «
524 1175 725 1224 Laudare
745 1193 901 1241 pamm
925 1185 1018 1232 est3
1042 1172 1272 1222 laudemur
1293 1185 1337 1221 et
1358 1173 1488 1240 ipsae3

136 1278 161 1299 ³>
188 1255 385 1304 Numina
404 1274 486 1303 nec
509 1253 657 1321 sperni
687 1253 780 1302 sine
804 1271 936 1319 poena
957 1264 1107 1301 nostra
1130 1252 1324 1301 sinamus
1352 1272 1360 1301 :
1393 1275 1416 1296 »

133 1333 426 1400 Maeoniaeque
450 1332 645 1381 animum
667 1330 768 1380 fatis
792 1330 984 1380 intendit
1006 1331 1232 1380 Arachnes
1250 1370 1261 1390 ‚
1537 1347 1555 1381 5

134 1412 282 1477 Quam
305 1411 395 1460 sibi
417 1410 599 1460 lanificae
621 1429 715 1458 non
739 1409 891 1459 cedere
913 1409 1119 1459 laudibus
1141 1410 1247 1458 artis

178 1544 300 1586 1-145.
314 1542 475 1577 Arachne
489 1546 524 1577 el
531 1542 694 1577 M’neroa.
707 1540 814 1576 Anti-

133 1593 376 1639 quissimarum
396 1593 582 1628 nationum
596 1619 605 1636 ,
628 1591 671 1627 ad
691 1592 814 1627 melio—

130 1657 209 1680 rem
241 1652 375 1681 sortem
408 1644 659 1691 adspiramina·
686 1670 695 1687 ,
729 1656 814 1679 cura

130 1697 220 1732 circa
244 1696 394 1732 vestium
421 1697 459 1732 in
483 1696 603 1742 primis
627 1695 812 1742 elegantias

129 1746 241 1783 haesit.
261 1748 384 1794 Itaque
399 1747 517 1783 lanam
536 1747 662 1783 ducere
680 1754 717 1782 et
732 1748 812 1782 tin—

131 1812 235 1846 gere,
260 1800 367 1835 telam
394 1807 510 1836 texere
525 1827 534 1844 ,
557 1808 736 1846 vestesque
757 1812 810 1835 co-

129 1853 246 1888 lorum
258 1861 294 1890 et
306 1855 422 1890 nitore
437 1861 472 1889 et
482 1854 647 1889 varietate
660 1854 810 1898 insignes

131 1905 305 1941 conficere
322 1905 695 1950 iampatriarcharum
710 1911 811 1940 tem-

130 1958 273 2004 poribus
283 1965 465 2004 repertum
475 1965 536 1993 est.
547 1958 632 1992 Post
643 1970 739 1992 casus
747 1957 813 1992 de-

133 2008 184 2043 dit
198 2009 315 2056 Tyriis
324 2021 538 2055 purpuram;
555 2004 637 2042 mox
652 2007 812 2043 additum

132 2061 284 2097 vestibus
296 2074 431 2097 aurum.
443 2063 568 2097 Vestes
582 2061 728 2108 egregiis
741 2062 813 2107 pic-

134 2113 221 2149 turis
253 2115 512 2150 exornabantur
532 2114 586 2149 vel
603 2127 665 2149 acu
692 2113 812 2160 (quod

132 2165 290 2213 Phryges
299 2167 620 2211 invenerunt,Plin.
632 2167 722 2202 Hist.
733 2167 811 2202 Nat.
822 2180 824 2182 ’

136 2217 249 2260 VIII,
266 2220 353 2263 48),
375 2220 429 2255 vel
439 2220 532 2254 inter
546 2218 736 2254 texendum
746 2219 811 2254 filis

132 2271 417 2315 versicoloribus,
446 2284 514 2317 qua
537 2279 610 2306 arte
627 2271 811 2319 Babylonii

132 2324 236 2370 primi
252 2325 499 2361 excelluerunt.
521 2325 685 2370 Utroque
703 2324 810 2359 modo

133 2376 260 2413 dicitur
276 2382 375 2422 picta
395 2382 510 2413 vestis.
540 2378 668 2414 Omnis
692 2385 808 2413 autem

133 2430 280 2465 vestium
293 2430 595 2466 conficiendarum
612 2444 666 2466 ars
684 2431 811 2466 mulie-

134 2480 228 2517 ribus
244 2483 426 2517 commissa
442 2490 515 2518 erat
529 2510 538 2526 ,
562 2496 671 2528 eaque
690 2483 809 2518 excel-

133 2533 205 2568 lere
231 2534 358 2580 reginis
379 2534 466 2569 adeo
489 2535 583 2570 laudi
609 2535 809 2571 ducebatur.

135 2585 243 2620 Hom.
262 2586 300 2621 Il.
313 2592 348 2629 Γ,
364 2589 443 2627 1255,
458 2594 495 2630 z,
508 2590 571 2635 289
584 2602 592 2629 ς
607 2595 650 2632 Χ,
665 2590 738 2633 440.
753 2589 808 2624 De

133 2651 174 2673 ea
190 2639 327 2685 egregie
345 2639 479 2674 meritae
497 2648 598 2676 erant
614 2642 705 2687 apud
730 2642 808 2690 Ly—

134 2689 208 2726 dios
223 2691 399 2731 Arachne,
422 2691 616 2737 Plin.V11,
636 2694 694 2734 563
718 2694 809 2739 apud

135 2741 274 2778 Graecos
290 2744 457 2785 IVIinerva,
482 2743 610 2779 AElian.
631 2745 721 2780 Hist.
736 2746 809 2781 An.

879 1541 897 1575 Ι
909 1567 918 1584 ,
932 1554 970 1574 ιιι
986 1554 994 1581 3
1007 1539 1307 1585 quemadmodum
1322 1540 1412 1586 apud
1427 1540 1555 1590 AEgyp-

878 1591 943 1626 tios
968 1592 1040 1627 Isis.
1065 1592 1171 1626 Forte
1199 1593 1358 1627 Arachne
1384 1593 1467 1627 olim
1490 1595 1555 1629 suit

877 1656 1009 1678 nomen
1028 1656 1218 1679 commune
1236 1645 1426 1680 mulierum
1443 1646 1553 1692 perite

877 1696 1080 1732 texentium.
1100 1696 1226 1742 Quum
1244 1703 1362 1731 autem
1378 1711 1442 1743 pro
1463 1711 1554 1743 pro-—

877 1748 954 1794 prio
963 1748 1082 1783 haberi
1093 1755 1246 1793 coeptum
1261 1756 1366 1793 esset,
1380 1749 1473 1784 lusus
1482 1757 1554 1797 ety-

875 1798 1066 1848 mologicus
1076 1801 1157 1836 huic
1170 1802 1236 1836 sab.
1249 1802 1421 1848 originem
1433 1803 1549 1843 dedit,

874 1868 941 1900 qua
963 1857 1121 1889 Arachne
1145 1868 1218 1889 cum
1244 1856 1397 1889 Minerva
1413 1858 1554 1891 texendo

875 1911 1006 1943 certans
1019 1910 1054 1941 in
1076 1920 1233 1940 araneam
1249 1911 1404 1941 mutatur.
1421 1907 1554 1953 Saepius

875 1958 1040 1993 mortales
1061 1972 1143 1993 cum
1163 1959 1239 1993 Diis
1259 1966 1472 1994 concertasse
1491 1968 1551 1995 at·-

877 2024 943 2056 que
958 2011 1111 2046 stultitiae
1127 2024 1198 2046 suae
1213 2011 1412 2046 mercedem
1435 2011 1550 2047 tulisse

875 2062 1074 2099 traduntur.
1089 2082 1133 2090 —
1149 2066 1273 2099 Aurem
1288 2076 1359 2098 non
1375 2063 1440 2099 nisi
1460 2078 1551 2099 unus

875 2116 1178 2162 Berneggerianus
1187 2116 1302 2159 habet,
1316 2116 1410 2151 unde
1421 2118 1551 2163 accepit

877 2168 1043 2204 Heinsius
1057 2182 1066 2210 ;
1084 2169 1198 2204 caeteri
1211 2194 1221 2213 ‚
1233 2181 1340 2203 aures.
1355 2169 1408 2204 Ita
1422 2176 1457 2204 et
1467 2182 1551 2204 nos-

875 2222 920 2256 tri
940 2222 1051 2268 Regii.

918 2276 949 2318 4.
967 2276 1112 2309 Numina
1129 2279 1244 2311 nostra
1259 2274 1372 2310 multo
1391 2275 1526 2320 gravius
1540 2302 1548 2318 ‚

875 2339 980 2372 quam
994 2355 1003 2373 ,
1020 2340 1072 2361 me
1084 2340 1096 2370 ‚⁸
1114 2334 1148 2361 et
1159 2327 1279 2372 plural.
1290 2331 1427 2361 numina
1443 2327 1552 2371 digni-

873 2381 951 2416 tatis
963 2394 1074 2415 causa.
1086 2380 1224 2415 AEneid.
1239 2380 1322 2423 VH,
1336 2381 1402 2414 310
1414 2407 1422 2423 ,
1437 2380 1547 2423 Juno,

872 2436 909 2466 si
919 2447 993 2467 mea
1005 2437 1141 2468 numina
1153 2447 1218 2467 non
1227 2438 1307 2467 sun!
1317 2446 1440 2477 magna
1453 2437 1552 2468 salis.

875 2485 962 2520 Ibid.
981 2486 1018 2529 Ι,
1041 2487 1083 2530 48
1096 2513 1104 2529 ,
1128 2490 1162 2520 el
1171 2489 1343 2531 quisquam
1361 2499 1478 2520 numen
1488 2488 1550 2520 Ju-

874 2542 972 2572 nont's
997 2540 1010 2582 (
1025 2539 1104 2581 me)
1121 2541 1238 2572 adoret
1247 2541 1265 2574 ?
1279 2557 1323 2564 —-
1337 2539 1415 2572 Sine
1423 2551 1526 2582 poena
1538 2566 1546 2579 ‚

873 2592 1030 2635 impune.
1424 2586 1427 2599 l

919 2644 949 2676 5.
972 2643 1129 2676 Animum
1147 2642 1241 2686 salis
1264 2644 1415 2676 inlendit.
1444 2642 1548 2677 Unus

875 2693 1012 2728 Heinsii
1023 2719 1032 2736 ‚
1049 2696 1214 2736 mcendm
1235 2694 1335 2740 Regii
1352 2695 1460 2729 nostri
1474 2695 1550 2729 vul-

875 2755 988 2792 gatam
1006 2746 1099 2783 dant.
1116 2749 1273 2783 Animum
1286 2751 1447 2793 inlendt'l5
1458 2750 1547 2784 serio
