1832 3100
276 238 371 303 *316

661 260 712 303 P.
749 258 988 306 OVIDII
1026 261 1332 308 NASONIS

281 352 407 398 Tunc
429 350 489 398 sic
514 368 613 399 orsa
635 350 759 418 loqui
779 372 788 400 :
812 375 835 396 «
856 354 971 402 Puer
989 373 1015 402 o
1038 353 1291 417 dignissime
1310 354 1426 403 credi

1620 368 1687 402 320

285 448 308 469 >›
337 429 445 475 Esse
468 428 616 486 Deus;
642 447 719 477 seu
742 442 790 477 tu
815 431 936 479 Deus
959 450 1028 488 es,
1048 443 1176 497 potes
1197 450 1290 479 esse
1316 428 1492 497 Cupido
1512 448 1523 487 3

286 526 311 547 >›
336 503 436 552 Sive
458 523 504 562 es
526 505 745 564 mortalis,
772 507 848 571 qui
871 518 913 555 te
937 526 1123 569 genuere
1146 507 1285 566 beati,

285 602 310 624 >³
336 583 397 629 Et
417 581 550 630 frater
572 582 697 641 felix,
721 596 765 631 et
784 584 1007 632 fortunata
1028 583 1223 650 profecto

285 677 311 700 >›
337 657 384 706 Si
408 678 495 724 qua
518 660 600 708 tibi
625 679 752 708 soror
773 673 865 718 est,
887 672 931 708 et
949 679 1044 726 quae
1066 661 1185 708 dedit
1201 660 1338 708 ubera
1361 659 1522 708 nutrix.

281 754 307 776 >›
336 734 422 782 Sed
442 735 572 799 longe
595 737 785 795 cunctis,
804 737 1023 803 longeque
1043 738 1268 804 potentior
1289 735 1398 794 illis,

1623 746 1688 781 325

286 831 311 853 >›
336 810 384 858 Si
409 831 495 878 qua
521 813 604 861 tibi
628 832 791 879 sponsa
812 826 898 872 est,
925 814 962 861 si
987 833 1118 880 quam
1143 813 1379 875 dignabere
1401 811 1522 859 taeda.

286 908 310 929 >›
338 888 441 935 Haec
468 888 549 935 tibi
573 889 662 936 sive
684 889 829 955 aliqua
854 901 947 947 est,
973 909 1068 938 mea
1089 890 1147 938 sit
1164 889 1324 937 furtiva
1345 887 1580 953 voluptas:

279 985 310 1018 „>›
338 963 424 1012 Seu
439 964 559 1013 nulla
575 977 660 1024 est,
678 986 759 1029 ego
774 968 855 1015 sim
866 1005 878 1026 ‚
893 967 1218 1032 thalamumque
1232 967 1426 1014 ineamus
1441 962 1685 1013 eumdem.»

280 1043 387 1091 Nais
412 1043 465 1091 ab
490 1044 560 1092 his
585 1045 748 1092 tacuit:
769 1046 894 1110 pueri
917 1045 1056 1093 rubor
1081 1063 1156 1091 ora
1177 1043 1367 1113 notayit,

285 1121 464 1177 Nescia,
491 1122 598 1188 quid
623 1123 680 1170 sit
702 1142 845 1180 amor3
868 1123 942 1170 sed
968 1133 1012 1170 et
1034 1121 1260 1169 erubuisse
1283 1119 1474 1168 decebat.

1625 1133 1691 1166 330

284 1198 370 1246 Hic
395 1198 519 1247 color
541 1200 686 1265 aprica
705 1199 1002 1265 pendentibus
1024 1197 1178 1258 arbore
1203 1197 1378 1263 pomis,

285 1275 379 1323 Aut
401 1275 525 1323 ebori
548 1276 686 1323 tincto
710 1287 794 1333 est,
820 1287 896 1323 aut
919 1276 1002 1324 sub
1028 1275 1215 1324 candore
1237 1272 1444 1330 rubenti,

284 1410 435 1454 Gellius,
461 1411 506 1447 N.
533 1411 575 1445 A.
594 1412 611 1445 Ι
623 1438 632 1455 ,
652 1413 670 1445 5
689 1438 698 1455 ,
725 1413 902 1454 composite
922 1415 957 1445 et

284 1465 515 1506 circumspecte
526 1466 677 1497 amiciri:
689 1462 765 1496 vide
784 1463 954 1496 Burman-

284 1525 382 1546 num.
402 1515 572 1548 Collocare
587 1521 716 1548 vestem
735 1521 785 1547 est
805 1514 859 1556 11,
881 1513 954 1557 733.

284 1581 328 1590 —-
343 1565 460 1597 Fmaeit
480 1567 601 1598 vultum
612 1590 621 1604 ‚
645 1571 685 1599 ut
701 1563 896 1598 subrideret
919 1570 955 1597 et

283 1613 388 1648 oculis
404 1613 628 1648 blandiretur.
643 1632 687 1641 -
709 1616 842 1656 Viden,-
865 1612 954 1646 Bal—

282 1663 435 1699 liotensis
447 1691 458 1708 ‚
479 1668 603 1700 vocari.
660 1698 661 1701 ,

326 1716 401 1751 320.
416 1718 508 1751 Tunc
515 1721 567 1752 sic
575 1730 654 1752 orsa
662 1719 776 1762 laquie
780 1723 820 1750 tc.
830 1716 903 1751 Ora
908 1714 954 1749 tio

285 1765 532 1802 blanditiarum
555 1775 590 1803 et
615 1768 819 1803 insidiarum
842 1768 954 1812 plena.

285 1817 417 1863 Magna
427 1819 498 1853 laus
512 1845 522 1862 ,
538 1820 566 1853 si
576 1820 712 1865 cognati
726 1826 845 1854 nostra
856 1830 956 1853 causa

284 1869 376 1905 beati
401 1869 643 1915 praedicantur.
669 1871 790 1915 Virgil.
816 1870 898 1904 AEn.
916 1870 955 1912 Ι,

284 1922 349 1955 605
367 1934 375 1955 :
398 1923 467 1964 Qui
477 1926 569 1957 lanii
577 1925 677 1956 talem
686 1935 823 1966 genuere
831 1934 956 1965 paren-

285 1977 336 2007 les
343 1977 364 2010 i'
373 1973 443 2008 Sed
453 1974 524 2008 haec
534 1973 699 2021 Nympha
710 1973 843 2018 longius
853 1971 958 2006 etiarn

285 2025 519 2110 progreditur,
533 2032 568 2060 et
577 2026 618 2060 ab
630 2026 681 2060 his
690 2024 846 2059 laudibus
860 2037 959 2058 com-

287 2090 347 2111 mo
374 2091 392 2112 e
410 2078 452 2112 ad
474 2086 554 2113 vota
579 2092 640 2113 sua
662 2078 828 2112 defertur.
850 2095 894 2102 —-
911 2079 961 2111 Et

278 2128 392 2173 frater
406 2130 508 2173 filix.
538 2129 659 2164 Codex
680 2130 809 2175 Regius
836 2129 870 2163 A
887 2154 896 2172 ,
927 2133 962 2162 et

287 2187 394 2216 mater
395 2182 506 2226 felix,
525 2189 560 2216 et
567 2183 765 2223 fortunata;
786 2179 905 2215 Codex
915 2181 956 2221 B,

289 2238 325 2267 et
344 2238 450 2268 mater
460 2233 553 2276 felix
567 2260 577 2275 ‚
606 2236 671 2267 sed
677 2232 865 2276 fortunata.
892 2233 959 2266 Hae

290 2287 368 2322 duae
378 2287 541 2322 lectiones
560 2287 756 2332 rejiciendae
765 2286 852 2320 mihi
861 2286 960 2320 sicuti

289 2339 439 2374 Heinsio
450 2339 623 2374 videntur.
639 2341 705 2373 Ed.
718 2356 761 2365 —·
772 2340 957 2379 Poteult‘or,

289 2393 487 2438 exquisitius
503 2401 538 2428 et
558 2394 693 2439 dignius
710 2405 816 2438 quam
836 2395 963 2426 beatior

291 2444 384 2488 quod
400 2444 530 2479 habent
544 2444 653 2479 nostri
670 2443 780 2489 Regii.
800 2442 935 2477 Confer
950 2468 959 2485 ,

289 2495 404 2540 VIII,
425 2497 488 2538 80,
512 2497 573 2531 ubi
588 2509 597 2531 ε
615 2498 726 2530 Beata
749 2498 878 2539 votique
895 2507 962 2538 po-

291 2551 372 2587 iens,
388 2553 423 2583 et
430 2555 549 2582 votum
561 2547 648 2582 adeo
662 2548 775 2592 ipsum
778 2551 907 2590 potens,
923 2545 961 2579 in

270 2597 397 2642 vVIII,
411 2600 536 2644 745.·—·
545 2599 599 2633 De
612 2598 761 2644 eleganti
770 2610 852 2632 vero
866 2610 960 2642 repe-

291 2650 413 2685 titione
429 2654 544 2696 Ionge,
564 2654 719 2696 longeque
738 2652 961 2686 Burmannus

291 2701 472 2736 consulere
489 2703 587 2746 jubet
595 2702 744 2737 Bentlei.
765 2702 808 2736 ad
821 2703 909 2736 Hor.
923 2702 939 2735 I
950 2728 959 2745 ,

296 2752 367 2788 Sat.
381 2763 441 2798 vx,
464 2755 513 2788 18.
530 2772 574 2781 -—
592 2756 796 2789 Tbalamum.
811 2754 892 2789 Non
907 2753 962 2788 hic

1019 1411 1150 1457 agitur,
1168 1416 1207 1444 ut
1228 1410 1452 1444 Burmannus
1465 1405 1624 1452 putabat,
1646 1404 1690 1439 de

1018 1463 1145 1498 furtivo
1161 1461 1253 1496 coitu
1267 1487 1276 1504 ,
1300 1459 1361 1495 sed
1374 1459 1418 1493 de
1434 1458 1588 1503 legitimo
1607 1469 1692 1491 ma·-

1018 1514 1207 1557 trimonio,
1227 1512 1269 1546 de
1288 1524 1358 1557 quo
1377 1513 1546 1545 thalamus
1555 1513 1591 1544 εἴ
1605 1511 1692 1543 ioeda

1018 1567 1123 1600 etiam
1141 1576 1245 1608 supra
1259 1575 1361 1597 versu
1376 1563 1419 1596 60
1434 1588 1444 1604 ,
1464 1568 1499 1595 et
1516 1561 1594 1603 1115
1616 1560 1690 1604 267.

1018 1635 1062 1643 --
1078 1615 1212 1649 Eadem
1229 1614 1272 1647 de
1287 1625 1386 1647 causa
1397 1613 1605 1646 Burmanno
1621 1609 1691 1654 pla-

1019 1667 1128 1708 cebat,
1141 1678 1204 1710 pro
1215 1667 1363 1697 ineamus
1373 1689 1380 1702 ,
1399 1664 1582 1702 subeamus,
1599 1657 1692 1704 quod

1021 1718 1120 1753 Junii
1137 1725 1172 1752 et
1188 1716 1258 1750 duo
1277 1715 1343 1749 alii.
1365 1732 1409 1740 —-
1427 1712 1547 1748 Nostri
1569 1710 1690 1756 Regii,

1023 1775 1183 1806 ineamus.

1065 1823 1138 1869 329-
1164 1821 1220 1855 Ab
1236 1822 1290 1854 his
1302 1846 1310 1860 ‚
1333 1825 1410 1864 post
1426 1817 1501 1852 haec
1513 1841 1522 1859 ,
1548 1821 1588 1850 ut
1606 1813 1661 1849 ΙΙΙ
1679 1839 1689 1856 ,

1022 1874 1085 1919 273
1100 1887 1108 1915 ;
1126 1872 1217 1908 VIII
1232 1898 1241 1914 ,
1268 1871 1342 1905 611.
1368 1888 1412 1896 -—
1429 1869 1499 1902 Ora
1519 1869 1618 1901 rubor
1633 1878 1695 1899 uo-

1022 1929 1107 1960 tavz‘t
1115 1926 1220 1959 etiam
1234 1925 1305 1966 VI,
1326 1923 1388 1966 463
1409 1921 1531 1956 Amor.
1542 1919 1599 1954 111
1610 1944 1619 1962 ,
1632 1928 1692 1960 vl,

1025 1979 1075 2023 78.
1092 1978 1229 2022 Nempe
1247 1976 1355 2011 rubor
1370 1978 1451 2008 nola
1468 1970 1609 2018 pudoris
1634 1976 1695 2004 est.

1023 2031 1150 2064 Nolare
1157 2029 1262 2074 igitur
1268 2025 1515 2071 significantius
1524 2030 1697 2067 est‚quam

1022 2083 1184 2126 suffundi.
1207 2100 1250 2108 —-
1269 2082 1396 2116 Nescia
1406 2106 1414 2118 ,
1430 2079 1513 2123 quid
1522 2079 1571 2110 sit
1581 2087 1677 2109 amor
1682 2086 1696 2117 ,-

1027 2134 1174 2169 Codices
1187 2133 1317 2176 nostri,
1333 2134 1442 2166 nescit
1449 2131 1584 2175 quidsi!
1594 2139 1696 2161 amor.

1023 2205 1066 2215 -—·
1081 2189 1261 2221 Erubuissc
1276 2187 1414 2219 decebat
1428 2196 1438 2217 :
1455 2182 1498 2217 de
1511 2181 1563 2216 his
1578 2178 1694 2214 verbis

1022 2239 1100 2274 vide
1119 2238 1160 2273 ad
1177 2250 1316 2272 versum
1334 2236 1407 2270 230.

1066 2291 1140 2325 331.
1164 2292 1232 2324 Hl'c
1246 2290 1340 2323 color
1353 2294 1417 2321 ete.
1442 2283 1576 2319 Eadem
1593 2281 1696 2316 simi-

1022 2344 1154 2387 titudo,
1173 2344 1251 2386 111,
1269 2341 1533 2385 483.·-Ροιπι“.ς,
1551 2347 1696 2381 proquo

1027 2395 1147 2431 Codex
1163 2395 1291 2439 Regius
1308 2393 1338 2426 B
1355 2391 1583 2431 habet-malis.
1602 2387 1696 2422 Huic

1024 2446 1196 2482 consentit
1212 2444 1376 2479 Heinsius
1387 2468 1397 2486 ,
1421 2442 1480 2486 qui
1496 2451 1620 2474 omnes
1635 2451 1698 2473 ve-

1024 2498 1183 2535 tustiores
1202 2495 1328 2529 habere
1354 2494 1453 2527 malis
1469 2491 1642 2533 affirmat,
1660 2495 1696 2523 et

1023 2548 1113 2582 hanc
1135 2559 1272 2582 causam
1288 2546 1348 2579 dat
1363 2550 1456 2578 recte
1470 2569 1480 2587 ‚
1506 2541 1600 2587 quod
1621 2551 1694 2573 non

1024 2599 1142 2634 omnia
1164 2611 1267 2643 poma
1284 2597 1434 2631 colorata
1457 2600 1548 2629 sunt.
1565 2593 1630 2626 Ed.
1653 2607 1697 2614 --

1025 2651 1255 2684 Eboritincto.
1281 2646 1425 2682 Plenius·
1442 2645 1540 2688 Virg.
1553 2639 1694 2675 AEneid.

1026 2702 1097 2737 XII
1109 2728 1118 2744 ,
1149 2701 1189 2747 67
1216 2714 1224 2735 :
1250 2702 1367 2734 Indum
1393 2699 1574 2740 sanguineo
1594 2695 1703 2727 velun·

1026 2754 1198 2788 violaverit
1208 2756 1297 2786 ostro
1307 2751 1423 2794 Siquis
1430 2750 1517 2782 ebur.
1528 2763 1571 2773 ·—
1582 2745 1695 2787 Luna,
