1832 3100
380 217 1074 267 METAMORPHOSEON
1114 219 1244 263 LIB.
1287 219 1356 263 11.

1495 231 1577 261 201

159 316 314 368 Edidit
332 315 558 373 hinnitus,
581 325 626 363 et
646 313 831 363 brachia
858 313 1002 362 movit
1023 312 1072 360 in
1094 311 1271 360 herbas.

158 402 276 450 Tum
297 397 428 461 digiti
448 407 635 454 coeunt,
661 408 706 445 et
729 396 893 463 quinos
917 393 1083 458 adligat
1105 412 1278 456 ungues

1519 406 1587 451 670

157 483 382 548 Perpetuo
407 498 547 528 cornu
569 477 678 528 levis
695 477 894 541 ungula:
920 476 1075 526 crescit
1101 487 1146 525 et
1170 475 1286 533 oriS,

157 565 220 614 Et
237 561 341 612 colli
366 562 558 629 spatium
580 581 590 610 ε
613 561 756 625 longae
779 580 882 629 pars
903 560 1092 609 maxima
1113 556 1241 626 pallae

158 644 312 695 Gauda
333 644 385 693 fit
406 663 417 692 :
437 655 576 711 utque
600 643 701 706 vagi
725 643 868 692 crines
891 662 972 710 per
995 640 1109 690 colla
1127 639 1357 707 jacebant,

155 730 210 778 In
235 727 410 777 dextras
431 726 578 776 abiere
593 726 727 793 jubas
746 746 756 775 :
775 726 1028 794 pariterque
1049 735 1210 774 novata
1235 733 1302 770 est

156 812 220 860 Et
240 829 350 867 vox,
371 820 416 858 et
437 808 570 858 facies
591 828 602 858 z
621 827 785 857 nomen
805 827 986 875 quoque
1007 817 1208 856 monstra
1228 803 1399 860 dedere.

1521 815 1587 863 675

220 895 300 943 VI.
322 884 500 953 Flebat,
530 911 749 960 opemque
774 905 897 942 tuam
920 892 1085 941 frustra
1107 889 1359 957 Philyreius
1381 886 1536 945 heros,-

156 1039 244 1074 quos
259 1026 382 1073 aliquis
396 1030 536 1062 imitans
551 1026 633 1073 equi
651 1039 768 1062 sonum
785 1028 839 1062 es-

154 1080 328 1126 fingeoet,
353 1079 551 1126 perspicuos
573 1091 583 1114 ε
610 1078 690 1113 vide
715 1078 759 1113 ad
779 1080 836 1124 V,

156 1133 232 1181 296.
254 1151 300 1160 --
323 1134 469 1179 Equam.
494 1132 615 1169 Nostri
636 1131 786 1168 Codices
804 1133 838 1168 A

155 1192 193 1221 et
207 1186 239 1222 B
250 1211 261 1229 ‚
278 1198 377 1231 eque.
395 1184 462 1221 Ed.

198 1239 276 1288 669.
291 1241 445 1274 Brachia
462 1245 527 1275 etc.
554 1239 676 1274 Prono
694 1251 839 1284 corpore

155 1291 260 1337 coepit
275 1291 424 1326 brachiis
440 1290 583 1326 mutatis
605 1289 780 1325 incedere.
797 1308 842 1316 —-

159 1345 295 1384 Coeunt,
315 1343 514 1378 coalescunt
522 1342 716 1378 interstitiis
727 1342 839 1377 subla-

155 1395 210 1430 tis.
234 1394 295 1430 Sic
313 1395 460 1438 vulnera
487 1394 655 1429 dicuntur
679 1397 782 1432 cole-e.
804 1399 840 1428 et

156 1460 258 1493 aqua,
267 1446 706 1494 quaecongelatur.Contra
718 1447 749 1490 1,
763 1447 837 1491 742:

158 1500 296 1544 Ungula
309 1503 345 1534 in
361 1503 482 1544 quinos
500 1501 639 1543 dilapsa
652 1500 843 1533 absumitur

150 1562 300 1596 ungue-53
314 1551 373 1586 ubi
385 1551 462 1586 vide
473 1552 836 1594 notam.-Perpeluo‚

154 1614 228 1637 non
245 1602 367 1644 scis-‘103
386 1602 527 1648 ungulae
543 1602 640 1639 enim
661 1613 837 1646 equorum

152 1661 236 1690 sunt
249 1654 378 1690 solida.
394 1655 514 1690 Etiam
525 1661 637 1689 vestes
652 1660 838 1688 mutant-ur

151 1719 234 1743 eum
241 1719 389 1753 oorpore
399 1733 409 1751 ,
423 1707 506 1749 582;
521 1707 556 1750 1,
570 1705 716 1741 2362sed
725 1718 837 1751 quum

151 1774 250 1797 nunc
257 1764 411 1808 pallafit
422 1763 536 1796 cauda
548 1788 557 1803 ‚
582 1760 714 1796 lascivit
729 1760 837 1805 inge—

153 1813 255 1849 nium
272 1820 395 1860 poetae.
420 1832 465 1841 -—-
483 1815 533 1848 Ut
543 1814 735 1859 jacebant5
756 1811 836 1847 vide

157 1865 201 1901 ad
216 1880 292 1912 πμ.

193 1917 271 1961 673.
305 1920 398 1963 Vagi
423 1922 544 1954 crines.
573 1920 672 1953 Jubae
696 1918 734 1952 in
762 1930 836 1951 uno

152 1970 231 2006 colli
243 1970 351 2006 latere
363 1970 564 2017 dependere
576 1971 700 2006 solent.
716 1970 837 2004 Verba

147 2028 341 2070 pariterque
361 2031 448 2065 etc„
477 2025 587 2059 otiosa
613 2031 650 2059 et
673 2023 838 2069 languida

152 2083 236 2112 sunt
246 2083 324 2122 post
339 2076 612 2123 descriptionem
623 2103 634 2120 ‚
654 2089 732 2122 quae
746 2088 838 2122 prae-

151 2127 432 2164 cedit—Nomen
439 2131 567 2168 dedere,
577 2141 705 2174 nempe
716 2128 837 2174 Hippo

156 2187 217 2215 aut
229 2181 347 2228 Hippe
357 2180 449 2217 dicta
460 2187 531 2216 est:
542 2186 692 2216 monstra
702 2208 710 2220 ‚
729 2188 837 2216 trans-

152 2234 318 2268 formatio
327 2259 338 2277 ,
357 2240 397 2269 ut
410 2233 474 2279 367
488 2259 498 2277 ,
511 2240 572 2268 aut
583 2240 712 2268 novata
723 2233 836 2268 facies.

208 2285 380 2332 675-707.
407 2287 530 2320 Hebat
558 2293 622 2320 etc.
649 2286 837 2321 Mercurius

151 2338 325 2386 Apollinis
334 2339 441 2374 boves
451 2351 562 2384 quum
572 2339 738 2385 abigeret,
749 2340 837 2373 Bat-

149 2395 240 2431 lmn,
266 2404 390 2426 senem
412 2398 588 2436 pastorem
601 2417 611 2435 ,
633 2404 740 2436 quem
764 2392 837 2426 ob-

150 2442 250 2478 vium
265 2442 414 2478 habebat
426 2469 436 2487 ‚
454 2444 598 2489 rogabat
610 2469 620 2487 ,
637 2444 774 2478 furtum
789 2456 835 2478 ne

149 2494 323 2530 indicaret
340 2505 348 2526 τ
367 2495 462 2540 quod
482 2496 540 2530 ille
552 2521 562 2539 ,
587 2495 750 2531 mercede
770 2508 835 2531 ac-

149 2553 252 2593 cepta
264 2573 273 2590 ‚
295 2547 456 2592 promisit
479 2547 624 2593 quidem
642 2561 650 2589 ;
677 2547 738 2582 sed
754 2560 836 2582 mox

149 2598 334 2634 Mercurio
353 2625 363 2643 ,
399 2598 464 2634 sub
487 2599 598 2634 aliena
618 2600 733 2635 forma
759 2601 835 2646 eius

149 2652 313 2689 tentandi
332 2666 434 2688 causa
449 2653 613 2688 redeunti
625 2679 635 2696 ,
653 2654 772 2688 locum
784 2666 835 2688 os-

149 2705 265 2740 tendit
278 2731 288 2749 ,
303 2718 373 2751 quo
388 2706 493 2740 boves
509 2712 709 2751 pascerent:
728 2719 834 2751 quam

150 2757 197 2793 ob
213 2758 397 2804 perfidiam
419 2761 455 2793 in
471 2771 592 2794 saxum
609 2762 759 2804 mutatus
773 2763 834 2793 est.

904 1025 1195 1061 Fundamentum
1210 1022 1334 1058 sabulae
1350 1022 1388 1057 in
1402 1021 1564 1056 Homero
1574 1045 1584 1064 ,

904 1078 1029 1126 hymn.
1040 1078 1078 1112 in
1091 1077 1313 1112 Mercurium
1327 1102 1336 1119 ,
1354 1074 1589 1121 copiosissime

905 1139 1083 1167 tractatur.
1111 1131 1164 1165 Ibi
1181 1130 1381 1165 Mercurius
1394 1155 1404 1173 ,
1432 1141 1475 1162 eo
1489 1127 1564 1173 ipso
1577 1152 1588 1171 ‚

906 1198 977 1230 quo
988 1192 1089 1220 natus
1100 1191 1192 1224 erat,
1213 1183 1269 1218 die
1281 1209 1290 1226 ‚
1310 1196 1350 1217 ex
1359 1182 1472 1216 bubus
1488 1180 1590 1214 Deo-

906 1251 987 1273 rum
1001 1265 1011 1283 ,
1029 1251 1114 1284 quas
1131 1237 1258 1283 Apollo
1270 1237 1307 1271 in
1326 1235 1451 1271 Pieriae
1467 1240 1590 1268 monte

905 1293 1065 1338 pascebat
1078 1319 1087 1335 ,
1103 1290 1359 1336 quinquaginta
1374 1300 1512 1324 summa
1526 1287 1591 1322 cal·

905 1345 1038 1379 liditate
1054 1357 1119 1389 per
1138 1343 1312 1378 Boeotiam
1333 1341 1448 1388 abegit
1465 1339 1508 1375 ad
1525 1339 1592 1374 Al-

906 1397 1039 1443 pheum
1050 1397 1088 1431 in
1105 1397 1352 1442 Peloponneso
1364 1423 1372 1435 ‚
1395 1402 1498 1440 atque
1512 1405 1591 1439 pro-

905 1463 949 1497 pe
968 1451 1095 1498 Pylum
1110 1450 1148 1484 in
1163 1457 1266 1485 antro
1281 1449 1435 1495 quodam
1448 1448 1589 1483 abscon-

905 1502 1004 1538 didit.
1030 1504 1073 1539 In
1089 1503 1215 1538 itinere
1234 1515 1343 1548 prope
1365 1501 1590 1537 Onchestum

903 1568 1028 1590 senem
1044 1554 1233 1590 vinitorem
1247 1562 1348 1601 rogat
1361 1581 1370 1597 ‚
1388 1567 1435 1589 ne
1452 1554 1589 1589 furtum

904 1608 1047 1654 prodat3
1071 1617 1196 1643 verum
1216 1608 1273 1642 ille
1301 1606 1459 1652 Apollini
1483 1606 1590 1641 boves

904 1661 1076 1707 quaerenti
1087 1687 1096 1704 ,
1108 1661 1192 1706 quid
1205 1660 1350 1703 viderit,
1363 1657 1507 1694 indicat.
1518 1657 1590 1693 Sed

903 1714 1066 1749 eamdem
1076 1713 1182 1748 fabul.
1192 1713 1299 1748 etiam
1312 1710 1490 1747 Hesiodus
1502 1736 1512 1754 ,
1529 1710 1591 1745 Ni-

903 1766 1035 1802 eander
1046 1793 1055 1810 ,
1070 1765 1332 1814 Didymarchus
1342 1791 1351 1808 ‚
1367 1764 1568 1810 Antigonus
1579 1789 1588 1807 ,

903 1818 1114 1863 Apollonius
1140 1817 1302 1852 Rhodius
1332 1821 1587 1856 narraverant;

903 1869 999 1904 unde
1015 1883 1094 1904 eam
1107 1868 1313 1904 Antoninus
1323 1894 1333 1910 ,
1351 1867 1427 1901 Lib.
1438 1867 1589 1901 Metam.

904 1922 946 1956 23
958 1948 967 1965 ,
986 1922 1127 1967 repetiit
1143 1934 1152 1955 :
1171 1933 1248 1966 quae
1272 1920 1362 1954 ratio
1377 1919 1481 1970 paulo
1497 1931 1588 1964 pro—

903 1974 981 2019 pius
1007 1973 1049 2008 ad
1071 1972 1286 2008 Ovidianam
1316 1971 1456 2007 accedit.
1486 1971 1531 2006 In
1547 1983 1589 2005 ea

903 2026 1056 2061 occurrit
1074 2026 1199 2061 Battus
1212 2052 1222 2070 ,
1244 2024 1324 2071 qui,
1342 2022 1506 2059 mercede
1522 2035 1588 2058 ac-

904 2085 1004 2124 cepta
1014 2104 1023 2122 ,
1039 2078 1218 2114 silentium
1227 2077 1397 2124 spondet,
1411 2083 1446 2112 et
1461 2089 1479 2111 a
1493 2076 1589 2110 Mer-

902 2131 1000 2166 curio
1015 2130 1188 2166 redeunte
1198 2157 1208 2174 ,
1224 2142 1337 2176 quum
1347 2129 1465 2164 datam
1477 2128 1587 2163 fidem

901 2183 1059 2227 falleret,
1077 2184 1115 2218 in
1132 2196 1252 2219 saxum
1269 2189 1446 2224 mutatum
1465 2194 1587 2227 quan—-

902 2248 1008 2281 quam
1024 2236 1062 2270 in
1079 2235 1152 2271 aliis
1168 2235 1376 2281 quibusdam
1395 2234 1499 2269 rebus
1511 2260 1521 2277 ,
1548 2239 1589 2267 ut

901 2288 971 2323 suis
995 2288 1078 2324 locis
1100 2287 1318 2331 videbimus,
1349 2286 1518 2321 dissentit.
1543 2303 1587 2312 ·—

900 2341 1092 2388 Philyreius
1107 2353 1126 2375 a
1143 2340 1285 2388 Philyra
1297 2346 1422 2382 matre,
1435 2350 1587 2384 quacum

901 2394 1076 2428 Saturnus
1087 2418 1097 2436 ‚
1115 2400 1230 2428 sumta
1247 2393 1376 2438 equina
1393 2392 1508 2426 sorma
1520 2416 1529 2434 ‚
1548 2390 1586 2424 in

901 2445 1001 2480 Pelio
1022 2453 1145 2480 monte
1173 2457 1378 2490 congressus
1404 2443 1586 2478 habuerat.

901 2499 1066 2544 Aponon.
1089 2499 1148 2543 ΙΙ,
1174 2499 1280 2539 1236;
1303 2497 1426 2543 Virgil.
1456 2496 1587 2543 Georg.

901 2551 979 2594 111,
1004 2552 1129 2598 92-94.
1158 2550 1217 2585 Sic
1235 2549 1373 2584 Chiron
1399 2556 1474 2584 erat
1491 2551 1588 2584 heros

899 2614 1003 2636 sensu
1014 2602 1178 2646 antiquo;
1193 2605 1284 2651 ἥρωες
1296 2601 1392 2635 enim
1404 2601 1489 2635 olim
1503 2600 1587 2636 dicti

898 2661 981 2689 sunt
998 2680 1007 2697 ,
1038 2654 1097 2698 qui
1123 2667 1141 2688 a
1171 2653 1250 2688 Deo
1277 2648 1396 2688 Deave
1423 2653 1586 2699 prognati

900 2713 1010 2740 erant.
1024 2705 1118 2740 Male
1136 2705 1243 2750 igitur
1259 2705 1350 2741 Rod.
1363 2706 1468 2740 vertit
1480 2707 1586 2749 Held3

898 2765 934 2794 et
951 2758 1094 2794 Safftius
1108 2784 1117 2804 ‚
1133 2759 1415 2804 grossmuclhiger
1427 2759 1527 2794 Sohn.
