1832 3100
373 231 1063 279 METAMORPHOSEON
1094 237 1225 281 LIB.
1265 238 1321 284 V.

134 328 306 378 Nititur
321 325 397 377 ille
420 326 622 394 quidem,
644 337 903 392 pugnatque
926 345 1152 391 resurgere
1177 349 1290 396 saepe
1312 349 1323 389 3

133 407 302 456 Dextra
322 405 401 455 sed
422 404 627 454 Ausonio
651 423 808 453 manus
835 416 903 453 est
925 405 1123 470 subjecta
1146 406 1306 456 Peloro
1327 428 1337 467 ;

70 475 73 477 ⁵
133 485 282 541 Lava,
301 481 506 548 Pachyne
520 518 532 539 ,
558 480 668 539 tibi;
691 480 891 548 Lilybaeo
913 500 1040 531 crura
1061 496 1323 549 premuntur
1343 505 1354 544 ;

136 561 360 623 Degravat
379 559 516 607 AEtna
539 570 701 625 caput3
727 558 810 607 sub
838 578 924 626 qua
945 560 1181 627 resupinus
1204 581 1355 611 arenas

1467 238 1553 282 385

1493 425 1557 460 350

131 637 324 703 Ejectat‚
345 635 651 702 flammamque
675 635 769 685 fero
792 637 932 685 vomit
953 656 1028 686 ore
1051 638 1306 705 Typhoeus.

134 714 257 781 Saepe
279 713 475 763 remoliri
497 713 691 763 luctatur
712 714 912 781 pondera
938 726 1062 764 terrae
1079 753 1091 774 ‚

125 779 429 858 'Oppidaquffi
455 803 500 840 et
519 811 706 855 magnos
731 791 926 841 evolvere
949 812 1134 859 corpore
1158 806 1344 843 montes.
1493 811 1558 844 355

133 869 417 939 Indeptremit
443 869 601 928 tellus;
627 882 671 919 et
690 889 767 918 rex
784 882 915 937 pavet
934 870 1276 937 ipsesilentum,

132 948 200 997 Ne
224 958 396 1014 pateat,
422 947 601 1014 latoque
623 947 769 996 solum
793 960 1016 1011 retegatur
1039 948 1188 1007 hiatu,

131 1027 452 1093 Immissusque
474 1025 567 1075 dies
591 1026 862 1093 trepidantes
886 1038 1045 1076 terreat
1068 1027 1263 1076 umbras.

133 1104 262 1153 Hanc
282 1115 483 1153 metuens
505 1103 673 1152 cladem
696 1104 934 1152 tenebrosa
959 1103 1058 1152 sede
1084 1115 1295 1170 tyrannus

133 1182 344 1240 Exierat;
372 1201 591 1248 curruque
614 1195 812 1230 atrorum
834 1194 984 1230 vectus
1007 1201 1246 1248 equorum,
1498 1199 1563 1232 360

135 1260 356 1309 Ambibat
381 1259 538 1309 Siculae
557 1272 711 1309 cautus
735 1258 993 1309 fundamina
1013 1271 1149 1308 terrae.

134 1400 246 1436 nostri
269 1399 419 1435 Codices
434 1395 566 1448 habent
585 1412 736 1444 sperare,
761 1399 819 1434 cui

134 1451 350 1497 praetulerim
366 1451 554 1486 lectionem
568 1451 717 1486 Heinsii.
731 1451 798 1485 Ed.

178 1505 254 1552 349.
275 1506 406 1539 Nititur
418 1507 477 1538 ille
491 1507 632 1549 quidem.
661 1505 740 1538 Hoc
754 1503 818 1537 id-

133 1555 226 1592 cireo
257 1555 404 1603 fingitur
416 1582 426 1600 ‚
457 1557 539 1601 quia
567 1555 684 1591 Sicilia
714 1563 817 1590 terrae

133 1607 287 1643 motibus
303 1620 546 1653 saepenumero
559 1607 725 1652 quatitur.
749 1608 817 1641 Ed.

134 1660 384 1705 —Pugnalqua
398 1658 520 1694 Codex
532 1658 663 1704 Regius
674 1658 707 1693 A
719 1685 728 1701 ,
745 1663 817 1692 len·-

131 1717 253 1758 Ialque.
264 1713 454 1747 —Dexlra
467 1713 533 1745 sed
543 1718 607 1746 etc.
625 1711 717 1745 Nota
733 1717 816 1759 sunt

132 1763 209 1800 haec
228 1764 297 1803 tria
324 1763 450 1799 Siciliae
472 1763 716 1808 promontoria
729 1789 739 1806 ,
771 1762 815 1797 de

133 1817 258 1863 quibus
274 1816 354 1852 vide
373 1815 558 1851 Claudian.
577 1815 680 1861 Rapt.
696 1817 731 1859 Ι,
754 1818 813 1860 147

132 1883 206 1916 sqq.
231 1888 276 1896 -—
300 1871 454 1904 Pelorum
484 1867 615 1915 (Capo
640 1865 831 1912 Pelorus)'

132 1922 309 1956 orientem
320 1927 451 1967 spectat
461 1946 472 1963 ,
487 1921 683 1964 Pachynum
699 1917 815 1962 (Capo

136 1975 296 2018 Pam-ro)
306 1973 506 2016 meridiem,
518 1972 700 2018 LIbeoeum
709 1970 813 2017 (Cap.

137 2026 309 2068 Marsala)
327 2024 790 2060 occidentem—Ausonium
799 2049 809 2063 ‚

138 2078 304 2114 Ausoniae
314 2090 377 2113 seu
385 2076 494 2112 Italiae
504 2076 668 2111 vicinum.
678 2095 722 2101 -
729 2077 819 2110 Pte-

139 2134 280 2166 mantus.
305 2129 496 2164 Vaticanus
519 2135 556 2163 et
577 2126 668 2163 unus
692 2127 820 2162 Medi-

138 2195 219 2218 ceus
227 2209 238 2226 ,
248 2186 408 2217 tenentur.
420 2180 521 2227 Regii
532 2180 643 2215 nostri
653 2207 662 2224 ,
669 2193 821 2225 premun-

141 2239 204 2276 tur,
221 2233 317 2280 quod
333 2231 545 2269 servandum
557 2244 693 2267 censeo.
710 2233 777 2266 Ed.

181 2286 257 2322 353.
267 2288 516 2330 Flammamque
529 2288 633 2319 vomit
638 2285 820 2331 Typhoeus.

143 2338 333 2384 Quotquot
348 2337 478 2383 ubique
494 2343 652 2380 montes,
673 2343 733 2371 aut
754 2336 821 2371 loci

141 2391 269 2427 marini
294 2396 455 2426 eructant
473 2388 656 2433 incendia,
681 2395 741 2423 aut
755 2402 821 2423 re—

141 2445 303 2492 pentibus
319 2444 459 2482 ssatibus
470 2470 479 2488 ‚
498 2444 557 2490 qui
568 2450 737 2479 vocantur
753 2445 823 2490 Ty-

135 2499 265 2542 phones
279 2523 288 2538 ,
314 2504 350 2532 et
376 2504 478 2532 terrae
504 2495 658 2531 motibus
683 2508 822 2530 concu-

138 2550 295 2594 tiuntur,
313 2550 469 2594 Typhoeo
482 2547 610 2593 injecta
626 2547 822 2593 finguntur.

144 2602 290 2638 Confer.
318 2601 461 2636 AEneid.
488 2601 526 2636 11
545 2615 554 2649 ς
579 2600 764 2636 Claudian.
779 2601 822 2636 de

144 2653 263 2699 Raptu
274 2652 506 2698 Proserpinae,
520 2653 537 2687 1
548 2666 557 2693 ;
567 2653 710 2696 Noster,
723 2652 825 2688 XIV.

143 2706 414 2740 Eat—Evolvam
426 2702 550 2738 maluit
563 2703 730 2738 Heinsius
739 2728 749 2747 ,
762 2715 826 2748 pro

145 2760 311 2794 devolvere
322 2786 331 2799 ‚
350 2757 445 2804 quod
462 2756 546 2795 dant
564 2756 665 2803 Regii
684 2757 803 2792 nostri.

273 2825 375 2871 III⁴

926 1399 1001 1434 356.
1023 1400 1108 1433 Inde
1130 1403 1243 1434 lremil
1263 1401 1372 1433 lellus.
1404 1398 1463 1434 Sic
1488 1398 1565 1446 Ty-

881 1450 987 1496 phoei
1001 1458 1116 1485 motus
1125 1451 1165 1486 fit
1178 1464 1279 1486 causa
1291 1451 1487 1496 probabilis,
1501 1465 1565 1486 cur

883 1502 988 1537 Pluto
1005 1516 1024 1537 e
1038 1502 1121 1537 sede
1137 1516 1198 1538 sua
1214 1503 1336 1537 exierit
1359 1502 1403 1537 ad
1419 1516 1561 1548 superas

881 1568 981 1589 auras
993 1581 1002 1598 ‚
1027 1554 1280 1601 Cupidinisque
1295 1555 1369 1591 telis
1387 1555 1565 1590 vulnerari

880 1606 1053 1652 potuerit!
1067 1606 1259 1651 Sequentia
1270 1619 1427 1652 expressa
1438 1620 1478 1641 ex
1491 1608 1566 1641 Ho-

880 1659 971 1693 meri
994 1658 1033 1694 ΙΙ.
1053 1665 1093 1702 Υ,
1111 1659 1150 1693 61
1174 1671 1181 1693 :
1199 1654 1350 1694 ursum-a
1369 1658 1398 1694 d*
1418 1662 1566 1707 ὑπένερθεν

882 1713 959 1754 ἅναξ
981 1712 1084 1756 ἐνέρων
1116 1702 1272 1752 ᾼίδωνεὺς
1358 1716 1402 1755 μὴ
1420 1715 1449 1746 οἱ
1466 1715 1566 1760 ὕπερθε
1628 1741 1632 1745 .

884 1769 981 1797 Γαῖαν
998 1764 1174 1812 ἄναῤῥήξειε
1188 1763 1363 1798 Ποσειδάων
1378 1765 1542 1808 ἐνοσίχθων
1557 1790 1567 1808 ,

881 1820 978 1851 Οἰκία
994 1819 1024 1850 δέ
1033 1821 1178 1855 Summe
1192 1821 1244 1850 καὶ
1255 1816 1433 1851 ἀθανάτοισι
1451 1823 1567 1863 φανείη.

884 1866 1008 1910 Quem
1026 1865 1140 1900 locum
1154 1866 1382 1911 magnificum
1396 1893 1405 1911 ,
1420 1875 1455 1902 et
1468 1868 1566 1902 Lon—

883 1917 966 1963 gino
979 1943 988 1960 ,
1003 1930 1026 1964 9
1037 1944 1046 1961 ,
1064 1916 1266 1961 laudatum,
1278 1919 1443 1964 expressit
1459 1920 1565 1954 etiam
1605 1943 1621 1955 ι

885 1970 1010 2016 Virgil.
1027 1970 1169 2006 AEneid.
1183 1970 1276 2006 VIII
1287 1998 1297 2015 ,
1314 1973 1396 2015 243,
1414 1972 1473 2007 sed
1485 1980 1566 2008 tan-

884 2029 962 2057 tum
977 2023 1013 2057 in
1031 2023 1268 2058 similitudine.
1288 2023 1425 2059 Verum
1437 2024 1471 2059 h.
1488 2025 1509 2060 l.
1524 2033 1564 2060 ut

885 2074 976 2121 apud
988 2075 1208 2119 Homerum,
1222 2088 1325 2110 verus
1342 2076 1502 2111 Plutonis
1520 2078 1565 2112 ti-

885 2141 966 2162 mor
979 2127 1184 2163 declaratur.
1198 2128 1269 2164 Sed
1285 2129 1390 2163 verba
1405 2129 1512 2175 petita
1525 2144 1566 2165 ex

883 2179 944 2214 illo
954 2180 1108 2226 Virgilii,
1121 2183 1346 2225 lrepidenlque
1354 2185 1504 2216 immisso
1513 2185 1569 2216 Iu-

885 2235 972 2267 mine
987 2234 1121 2268 Manes.
1136 2251 1180 2259 —
1193 2233 1336 2268 suentes
1346 2233 1565 2279 simpliciter,

884 2284 1027 2318 mortui.
1035 2303 1079 2310 -—
1087 2285 1212 2319 Pateat
1221 2311 1229 2325 ‚
1248 2292 1408 2330 patescat.
1416 2303 1460 2310 ·-
1467 2287 1567 2327 Dies,

884 2336 952 2371 lux.
964 2354 1009 2363 ·—·
1024 2339 1243 2381 Trepidanlcs
1259 2342 1396 2379 terreat,
1415 2344 1545 2373 terreat
1556 2365 1565 2383 ‚

885 2397 926 2425 ut
942 2390 1129 2437 trepident.

930 2443 1004 2477 360.
1019 2443 1110 2477 Atra
1125 2442 1243 2478 omnia
1255 2469 1264 2487 ,
1285 2455 1361 2488 quae
1378 2442 1421 2476 ad
1438 2442 1568 2478 inferos

886 2494 1076 2539 pertinent.
1085 2498 1295 2545 Κυανέτριχας
1312 2494 1569 2533 tukwffllutoni

887 2547 946 2582 dat
954 2548 1059 2582 etiam
1067 2547 1233 2593 Orpheus
1243 2562 1251 2589 ;
1262 2550 1418 2582 coeruleos
1427 2547 1567 2591 Noster,

888 2600 978 2634 Fast.
993 2599 1026 2633 d.
1043 2600 1065 2634 l.
1079 2618 1124 2627 —-
1138 2602 1306 2644 Equorum
1330 2600 1470 2635 illorum
1493 2613 1568 2635 no-

889 2653 987 2687 mina
997 2652 1103 2688 habet
1121 2651 1305 2689 claudian.
1324 2653 1367 2688 R.
1384 2654 1421 2698 1,
1442 2654 1570 2688 282.—

890 2705 1070 2747 Ambibat,
1082 2711 1121 2740 ut
1131 2705 1411 2751 Jupiter‘moenia
1423 2705 1547 2755 mundi
1559 2733 1569 2750 ,

892 2757 928 2792 ΙΙ
943 2783 952 2802 ,
970 2760 1045 2802 40¹·

1265 2827 1321 2870 25
