1832 3100
360 198 1059 245 METAMORPHOSEON
1093 200 1220 244 LIB.
1259 201 1348 246 IV.

1477 202 1565 263 319

146 294 479 361 Sublimemque
502 290 641 358 rapit3
666 291 863 358 pendens
886 302 1020 358 caput
1036 290 1115 340 illa
1138 291 1362 359 pedesque

146 372 417 436 Adligat‚·et
440 368 579 419 cauda
602 368 843 434 spatiantes
866 367 1064 435 implicat
1087 367 1177 417 alas
1198 389 1208 417 :

146 452 260 500 Utve
281 447 429 498 solent
450 446 621 495 hederae
644 444 807 509 longos
828 445 1022 495 intexere
1047 456 1228 495 truncos
1249 465 1260 494 z

1503 464 1567 498 365

149 529 299 594 thue
323 525 408 575 sub
433 523 689 591 aequoribus
711 523 975 590 deprensum
997 521 1191 590 polypus
1213 522 1389 573 hostem

147 601 384 662 Continet,
410 602 610 666 exomni
636 601 828 650 dimissis
851 612 976 669 parte
998 600 1197 664 flagellis.

147 682 320 731 Perstat
339 679 639 737 Atlantiades3
666 691 927 746 sperataque
951 679 1111 742 gaudia
1135 679 1351 746 Nymphae

145 764 347 827 Denegat
366 783 376 811 ε
396 761 473 811 illa
492 761 656 829 premit
675 781 685 819 ;
712 761 1032 828 commissaque
1054 781 1240 828 corpore
1270 773 1367 810 toto

150 845 276 894 Sicut
295 844 558 902 inhaerebat‚
585 866 608 887 «
631 844 809 908 Pugnes
832 843 957 902 licet,
978 844 1207 911 improbe,
1232 843 1367 903 dixit,

1508 859 1573 893 3-1·

1535 887 1545 906 Ι

154 950 177 971 »
201 929 308 978 Non
327 939 471 976 tamen
495 926 681 991 effugies
707 927 801 976 :'ita
819 926 879 975 Di
900 927 1092 992 jubeatis
1108 964 1119 985 ‚
1145 938 1190 976 et
1210 927 1346 975 istum

154 1033 178 1054 »
202 1009 346 1060 Nulla·
359 1009 453 1059 dies
475 1029 500 1059 a
519 1028 588 1058 me
604 1048 616 1069 ‚
642 1028 722 1058 nec
745 1029 816 1057 me
841 1009 1022 1058 diducat
1045 1010 1100 1058 ab
1124 1010 1225 1058 isto.
1251 1031 1275 1051 n

147 1093 267 1142 Vota
287 1111 391 1142 suos
411 1091 607 1141 habuere
631 1093 778 1150 Deos3
802 1112 904 1141 nam
926 1093 1062 1141 mixta
1087 1092 1279 1140 duorum

155 1177 357 1242 Corpora
375 1175 649 1240 junguntur3
673 1173 892 1242 faciesque
916 1175 1142 1224 inducitur
1163 1174 1252 1223 illis

149 1314 236 1348 hum
245 1311 350 1358 paulo
362 1318 438 1358 post
448 1311 632 1358 repetitur,
645 1319 832 1358 propterea

151 1363 320 1399 Heinsius
335 1362 504 1397 alterutro
525 1363 600 1397 loco
617 1365 757 1407 impedit
774 1363 833 1398 le-

152 1415 307 1462 gendum
322 1422 450 1450 censet.
476 1413 548 1449 Sed
575 1414 654 1449 alibi
671 1415 743 1460 jam
760 1414 832 1448 do—

151 1468 307 1511 cuimus,
332 1467 503 1502 Nostrum
527 1466 711 1512 sepissime
739 1467 834 1501 intra

151 1533 344 1566 paucorum
360 1532 526 1554 versuum
547 1519 720 1554 ambitum
737 1519 832 1554 idem

152 1571 300 1605 verbum
324 1576 495 1615 repetere.
519 1569 562 1604 In
585 1576 734 1615 utroque
756 1569 833 1604 loco

154 1623 306 1659 Codices
322 1623 434 1658 nostri
450 1622 552 1668 Regii
568 1622 700 1657 habent
721 1624 834 1666 ιήιμΙιέ-

149 1674 432 1711 cac—cumulat
445 1686 566 1709 rursus
574 1673 831 1718 similitudines,

151 1741 170 1763 e
185 1729 310 1774 quibus
325 1727 456 1774 prima,
475 1738 554 1773 quae
570 1728 658 1762 vers.
677 1726 740 1773 713
758 1739 833 1772 sqq.

151 1781 298 1828 repetita
312 1780 439 1828 legitur
451 1807 460 1824 ,
487 1793 584 1815 nunc
601 1779 746 1826 quidem
763 1780 835 1814 mi·-

152 1846 218 1869 nus
230 1840 327 1880 grata
336 1838 398 1869 est.
410 1851 455 1860 —
468 1834 578 1877 Regia
594 1835 668 1867 ales
677 1860 685 1875 ,
709 1831 835 1878 aquila.

152 1903 196 1912 ·--
208 1886 374 1926 Sustinet,
394 1895 535 1920 sursum
551 1884 650 1920 tollit.

195 1938 271 1983 364.
293 1939 504 1983 Spatiantes,
528 1937 631 1983 longe
649 1943 807 1971 extensas
823 1962 833 1980 ‚

154 1989 294 2036 longas,
315 1996 356 2024 ut
388 1989 478 2024 XIV
492 2015 502 2032 ‚
529 1989 595 2023 630
617 2001 625 2022 z
648 1990 837 2031 spatiantia

153 2045 293 2077 brachia
307 2045 470 2078 arborum.
498 2042 688 2088 Expressus
717 2047 837 2075 autem

155 2095 251 2131 locus
267 2109 308 2131 ex
321 2096 419 2142 virg.
437 2095 579 2131 AEneid.
596 2096 648 2131 XI
660 2122 669 2139 ,
693 2098 767 2142 75¹·
780 2095 838 2131 De

157 2161 274 2195 pugna
304 2149 499 2195 aquilarum
533 2156 568 2185 et
600 2155 808 2194 serpentum
826 2175 836 2193 ,

156 2201 236 2236 vide
252 2201 343 2237 Plin.
359 2202 450 2238 Hist.
469 2203 548 2238 Nat.
568 2203 601 2238 X
614 2229 624 2246 ‚
642 2204 662 2246 4
683 2215 692 2237 :
716 2202 842 2237 Acrior

156 2257 210 2288 es!
236 2252 417 2300 (aquila)
441 2267 516 2289 cum
543 2256 688 2289 dracone
713 2267 838 2299 pugna.

158 2305 244 2338 Eum
252 2309 344 2349 rapi!
350 2307 544 2351 ubicumque
557 2308 675 2340 mltum.
687 2306 751 2339 Ille
759 2307 840 2340 mul-

156 2358 269 2401 tiplici
278 2369 367 2392 nexu
378 2360 468 2402 ligat
477 2385 485 2399 ,
514 2361 565 2392 ita
580 2371 618 2392 sc
634 2360 813 2403 implicans
827 2385 836 2400 ‚

157 2412 196 2443 u!
208 2411 313 2443 simul
321 2411 464 2445 decidat.
481 2427 526 2435 --
541 2411 690 2445 Pendere
707 2409 839 2445 dicun-

160 2469 218 2496 tur
238 2474 317 2497 aves
338 2463 515 2507 volantes,
535 2463 618 2499 hinc
634 2470 670 2499 et
694 2476 771 2509 quae
797 2464 840 2498 ab

158 2517 198 2552 iis
216 2523 393 2554 tenentur.
416 2536 460 2546 ·—
486 2521 637 2554 lutea-ere
663 2519 841 2566 eleganter

159 2568 203 2604 de
220 2569 350 2604 hedera
367 2576 535 2606 truncum
546 2571 691 2606 nexibus
704 2572 773 2606 suis
782 2571 842 2605 in—

159 2621 334 2658 cludente.
345 2625 614 2668 —Deprensum.
635 2623 757 2659 Codex
774 2625 841 2660 Re-

161 2675 235 2721 gius
253 2675 284 2710 A
298 2702 307 2719 ,
331 2678 544 2720 deprendens.
571 2677 691 2712 Lectio
703 2677 841 2726 vulgata

162 2726 354 2772 elegantior
365 2727 513 2764 videtur.
531 2729 596 2763 Ed.

940 1313 1015 1349 366.
1032 1316 1198 1360 Polypus,
1216 1312 1316 1359 piscis
1326 1312 1576 1349 voracissimus.

899 1364 1111 1400 Insidiarum
1132 1377 1234 1399 causa
1249 1377 1338 1410 saepe
1355 1364 1391 1399 in
1409 1366 1554 1411 scopulis
1566 1393 1576 1410 ,

899 1428 1050 1461 quorum
1069 1415 1224 1450 colorem
1245 1416 1388 1450 assumit
1402 1443 1411 1459 ,
1441 1417 1551 1452 latitat
1566 1443 1578 1461 ²

898 1468 1145 1514 pisciculosque
1161 1481 1281 1504 secure
1295 1468 1499 1504 adnatantes
1514 1483 1578 1515 pe-

899 1520 1021 1564 dibus,
1048 1521 1156 1555 veluti
1174 1521 1240 1555 reti
1263 1520 1425 1565 Implicat.
1449 1521 1578 1557 AElian.

900 1573 945 1607 V.
972 1573 1020 1607 H.
1041 1572 1079 1616 I,
1102 1586 1114 1606 1
1132 1586 1140 1615 ;
1169 1572 1259 1607 Plin.
1283 1573 1353 1616 IX,
1370 1586 1433 1620 29;
1452 1573 1580 1608 Noster

900 1624 1056 1659 Halieut.
1079 1638 1168 1659 vers.
1186 1626 1229 1659 30
1245 1637 1318 1670 sqq.
1335 1644 1379 1650 —
1395 1625 1507 1660 Pedes
1523 1625 1580 1661 hic

898 1683 1068 1711 vocantur
1073 1678 1234 1721 flagella,
1257 1677 1299 1711 ab
1313 1676 1385 1711 aliis
1395 1680 1478 1712 cirri
1482 1704 1491 1719 ,
1512 1681 1580 1713 cri-

898 1742 958 1764 nes
970 1757 979 1770 ,
1004 1732 1155 1765 brachia.
1251 1776 1257 1779 ³

942 1782 1018 1830 359.
1039 1784 1296 1828 Commissaque.
1316 1781 1440 1817 Codex
1451 1783 1581 1829 Regius

901 1836 934 1869 A
947 1861 956 1878 ,
983 1836 1214 1879 demissaquffi
1238 1833 1358 1868 Codex
1374 1835 1405 1869 Β
1419 1861 1428 1878 ,
1453 1837 1581 1870 dimis-

899 1899 1002 1931 saque
1014 1898 1025 1928 ‚·
1047 1893 1237 1931 utrumque
1255 1886 1356 1921 male.
1366 1888 1582 1923 Eae—Com-

900 1943 1024 1980 missa,
1048 1940 1248 1984 exquisitius
1265 1952 1371 1984 quam
1390 1941 1582 1984 conjuncta.

900 1992 1107 2025 -Diducat.
1118 1990 1461 2034 Multi,deducal;sed
1473 1992 1583 2026 Hein-

901 2044 970 2079 sius
985 2057 1067 2079 cum
1082 2044 1261 2079 nonnullis
1277 2045 1419 2078 seducat
1441 2046 1581 2091 recepit.

904 2114 948 2123 -
973 2096 1094 2131 Codex
1118 2097 1248 2142 Regius
1274 2097 1305 2131 A
1331 2096 1436 2131 habet
1457 2098 1583 2144 vulga-

904 2156 998 2192 tam;
1026 2149 1147 2184 Codex
1163 2150 1194 2184 B
1208 2176 1218 2194 ‚
1236 2151 1390 2185 deducat.
1406 2169 1451 2178 —
1469 2151 1582 2187 Anti-

905 2204 1065 2249 quierem
1091 2203 1280 2239 lectionem
1304 2230 1314 2248 ,
1339 2217 1445 2250 quam
1477 2206 1583 2240 etiam

904 2256 1133 2292 Burmannus
1146 2257 1270 2303 probat
1285 2283 1294 2300 ,
1307 2257 1486 2300 revocavi,
1503 2258 1584 2302 quia

904 2311 1022 2355 Δι’-ἄησι·
1043 2316 1137 2344 recte
1164 2308 1330 2344 dicuntur
1346 2335 1356 2353 ,
1383 2310 1442 2354 qui
1467 2310 1586 2344 divel-

904 2361 1027 2397 luntur
1052 2375 1071 2397 a
1093 2362 1336 2408 complexibus.
1365 2363 1524 2408 Propert.
1543 2363 1583 2406 I,

905 2426 976 2449 xnl
990 2441 1000 2459 ,
1035 2417 1083 2458 14.
1112 2433 1156 2441 —
1187 2416 1271 2449 Suos
1282 2442 1290 2455 ‚
1316 2415 1492 2460 propitios.
1523 2414 1585 2449 Dii

906 2466 1157 2502 exaudiverunt
1173 2480 1302 2512 preces.
1318 2467 1376 2502 Sic
1389 2473 1424 2501 et
1439 2467 1471 2501 X
1481 2493 1491 2510 ,
1508 2468 1584 2515 489.

906 2519 1020 2565 Supra
1034 2531 1135 2554 versu
1156 2520 1217 2562 164
1226 2544 1235 2562 ,
1248 2524 1330 2553 vota
1337 2522 1469 2562 tempere
1480 2521 1584 2553 Deos.

907 2572 1015 2607 Unde
1024 2579 1162 2607 etnunc
1172 2584 1235 2617 pro
1244 2573 1388 2606 habuere
1396 2572 1467 2606 duo
1473 2572 1583 2607 MSS.

906 2627 1047 2668 leligere.
1076 2625 1157 2658 Hoc
1179 2624 1285 2658 etiam
1311 2624 1442 2670 Regius
1463 2631 1585 2659 noster

906 2677 937 2711 B
954 2676 1068 2710 habet.
1082 2694 1127 2702 --
1142 2678 1263 2711 Facies
1273 2704 1281 2717 ,
1300 2689 1435 2723 corpus.
1451 2676 1491 2712 Id
1505 2677 1584 2711 ele-

908 2735 1031 2773 ganter
1043 2728 1169 2764 dicitur
1184 2731 1317 2772 induci,
1340 2742 1451 2775 quum
1471 2729 1582 2764 datur.
