1832 3100
400 214 1088 260 METAMORPHOSEON
1126 218 1241 263 LIB.
1276 221 1316 263 I.

148 307 401 358 Procubuit
422 307 637 372 genibus,
662 307 965 374 resupinoque
989 307 1125 356 ardua
1146 309 1285 369 collo,

150 386 284 451 Quos
305 384 480 452 potuit,
505 383 627 436 solos
652 384 814 434 tollens
837 385 893 434 ad
915 384 1059 434 sidera
1081 385 1231 435 vultus
1246 425 1259 445 ,

149 465 212 512 Et
233 464 421 528 gemitu,
445 475 492 513 et
511 462 703 513 lacrimis
716 502 728 523 ‚
753 475 798 512 et
819 462 1042 512 luctisono
1067 464 1244 527 mugitu

151 540 267 590 Cum
291 542 402 591 Jove
425 541 519 590 visa
543 541 670 608 queri
692 552 781 599 est,
805 540 1028 607 finemque
1053 559 1178 590 orare
1200 540 1429 592 malorum.

151 619 374 685 Conjugis'
390 617 463 667 ille
486 636 574 667 suae
598 617 856 684 complexus
880 617 995 667 colla
1017 618 1216 677 lacertis,

151 697 299 746 Finiat
318 709 371 747 ut
392 715 546 764 poenas
570 696 768 754 tandem,
793 708 947 759 rogat3
977 719 999 739 «
1027 697 1170 762 Inque
1194 696 1396 746 futurum

157 797 180 818 ι)
209 775 334 824 Pone
355 786 524 833 metus,
550 773 720 841 inquit,
745 793 975 840 nunquam
995 774 1081 822 tibi
1102 794 1231 824 causa
1249 775 1416 825 doloris

131 852 181 923 χὅ»
209 853 316 902 Haec
340 852 455 913 erit:
478 875 501 896 »
529 863 573 901 et
597 852 772 918 Stygias
793 852 922 917 jubet
944 852 1029 900 hoc
1053 852 1203 900 audire
1222 852 1421 919 paludes.

1496 221 1572 265 131

1518 329 1582 373 730

153 931 218 978 Ut
239 929 376 979 lenita
398 930 493 978 Dea
516 939 604 988 est,
628 928 776 976 vultus
800 929 921 995 capit
944 927 1019 976 illa
1043 929 1216 995 priores
1238 948 1248 988 ;

152 1008 335 1076 Fitque,
362 1007 608 1077 quod'ante
634 1006 720 1055 fuit
744 1027 753 1055 :
779 1006 959 1069 fugiunt
983 1025 1005 1054 e
1030 1025 1218 1072 corpore
1242 1019 1343 1056 setae
1363 1029 1373 1057 :

155 1088 337 1137 Cornua
359 1086 621 1134 decrescunt
641 1105 652 1133 :
675 1083 726 1132 fit
743 1084 924 1132 luminis
947 1083 1109 1132 arctior
1132 1083 1255 1132 orbis
1276 1104 1286 1132 ε
1520 1105 1559 1128 ..κ
1579 1120 1586 1136 ,

155 1164 449 1216 Contrahitur
468 1163 608 1212 rictus
628 1183 638 1211 :
660 1162 849 1211 redeunt
873 1161 1135 1227 humerique
1159 1180 1404 1230 manusque
1427 1185 1435 1221 ;

157 1242 424 1309 Ungulaque
444 1242 491 1289 in
515 1241 677 1307 quinos
702 1239 873 1306 dilapsa
896 1238 1147 1287 absumitur
1168 1259 1354 1302 ungues.

158 1322 227 1370 De
248 1318 364 1369 bove
386 1319 451 1368 nil
473 1330 701 1385 superest,
724 1316 877 1366 formae
899 1317 987 1365 nisi
1010 1316 1196 1373 candor,
1221 1317 1267 1365 in
1285 1317 1361 1366 illa
1382 1339 1392 1376 ;

160 1403 413 1471 Officioque
436 1402 599 1470 pedum
623 1401 830 1468 Nymphe
850 1411 1059 1449 contenta
1083 1400 1274 1449 duorum

158 1486 380 1550 Erigitur;
404 1484 653 1550 metuitque
675 1482 826 1549 loqui,
853 1502 910 1531 ne
933 1501 1056 1530 more
1077 1481 1271 1547 juvencae

1523 1500 1590 1546 745

158 1567 356 1632 Mugiat;
380 1577 425 1615 et
447 1564 600 1614 timide
623 1564 758 1613 verba
780 1564 1033 1613 intermissa
1055 1575 1258 1617 retentat.

202 1692 278 1739 730.
286 1693 414 1726 Ponere
419 1703 504 1736 genu
514 1689 646 1736 phrasis
655 1688 796 1735 propria
804 1695 841 1723 et

123 1773 125 1776 v
155 1744 296 1791 elegans
314 1756 324 1778 ε
340 1741 410 1778 vid.
428 1741 620 1777 Heinsium
642 1741 684 1776 ad
714 1739 839 1776 Claud.

157 1797 212 1832 Vl
224 1821 236 1840 ,
253 1795 359 1831 Cons-
370 1794 509 1830 Honor.
527 1807 579 1839 7ι.
595 1791 652 1828 Cs.
664 1791 840 1827 Heroidd.

158 1848 261 1892 XIV,
277 1846 525 1892 107.—Ardua,
540 1845 578 1880 in
588 1844 736 1880 sublime
747 1857 840 1890 spec-

157 1907 247 1935 tans.
278 1898 378 1945 Virg.
393 1897 537 1933 AEneid.
554 1898 607 1941 V,
625 1899 690 1943 278
709 1910 717 1932 :
743 1897 841 1931 Colla

157 1953 284 1987 arduus
297 1953 466 1987 attollens.
488 1969 532 1977 —
554 1949 736 1995 Supplices
751 1949 840 1983 bra-

159 2004 237 2040 chia
244 2004 360 2040 solent
368 2002 513 2038 tendere
526 2017 535 2046 ;
547 2001 608 2037 sed
616 2001 756 2036 brachia
765 2013 841 2035 non

161 2055 311 2092 habebat
320 2055 373 2099 10,
383 2053 603 2100 solosigitur‚
615 2065 702 2098 quos
713 2052 841 2098 potuit,

162 2108 278 2143 vultus
291 2107 336 2143 ad
351 2106 465 2142 sidera
479 2104 626 2141 sustulit.
649 2104 820 2139 Similiter
830 2130 840 2150 ‚

162 2160 312 2195 Metam.
323 2158 360 2194 11
371 2184 382 2203 ‚
399 2159 461 2204 487
476 2171 485 2192 2
499 2158 762 2200 Quale-ecumque
774 2168 843 2190 ma-

162 2226 226 2249 nus
241 2214 294 2248 ad
305 2213 422 2248 celum
443 2212 543 2246 tolla.
568 2209 666 2254 Virg.
681 2207 766 2243 AEu.
782 2209 820 2244 II
830 2234 842 2254 ,

161 2266 227 2308 405
244 2277 254 2299 :
269 2265 333 2299 Ad
342 2265 458 2298 celum
467 2262 606 2297 tendens
619 2263 774 2295 ardentia
787 2262 844 2295 lu-

160 2321 254 2353 mina
261 2316 419 2361 frustra5
438 2316 583 2350 lumina
593 2342 603 2357 ‚
619 2327 698 2349 nam
715 2318 845 2349 teneras

160 2372 324 2406 arcebant
331 2370 469 2404 vincula
472 2369 621 2412 palmas.
634 2384 679 2395 ·—-
691 2366 843 2402 Luclziso·

162 2436 236 2464 aas,
250 2421 392 2458 imitans
402 2433 525 2456 vocem
542 2419 740 2466 lugubrem,
754 2420 844 2456 forte

163 2475 207 2510 ab
223 2474 355 2511 ovidio
370 2475 557 2522 signatum.

208 2527 282 2573 733.
298 2528 374 2561 Est.
390 2526 501 2562 Abest
517 2540 537 2561 a
552 2532 674 2561 nostro
691 2525 781 2561 cod.
799 2526 842 2561 R.

162 2578 206 2616 Β.
220 2578 293 2614 Sed
309 2578 406 2614 facile
422 2577 637 2614 subauditur.

209 2631 283 2677 738.
320 2632 438 2666 Vultus
454 2657 463 2672 ‚
499 2630 660 2665 sormam.
680 2646 725 2657 —-
750 2631 844 2665 Sele.

163 2683 287 2731 virgil.
304 2683 389 2719 AEn.
407 2683 479 2720 VII
493 2710 502 2728 ‚
518 2696 582 2731 790
598 2697 607 2719 ι
623 2685 662 2719 Io
667 2684 746 2728 jam
762 2687 845 2718 sem·

163 2738 284 2774 obsita.
297 2752 341 2764 —
354 2737 508 2772 Luminis
523 2739 617 2771 orbes
627 2764 636 2778 ,
656 2735 766 2779 oculi,
785 2735 845 2780 qui

904 1688 1012 1723 etiam
1028 1687 1232 1734 simpliciter
1246 1691 1343 1723 orbes
1359 1696 1394 1724 et
1412 1692 1514 1726 κύκλοι
1529 1690 1590 1726 di—

904 1747 1044 1775 cuntur.
1067 1740 1226 1776 Lactant.
1261 1740 1304 1775 de
1333 1739 1462 1786 Opific.
1492 1743 1563 1778 Dei
1582 1771 1590 1787 ,

906 1793 1013 1836 VIII,
1032 1793 1081 1828 16.
1092 1792 1256 1838 Sophocl.
1270 1793 1391 1839 OEdip.
1407 1797 1500 1842 1294.
1509 1795 1591 1830 Vid.

905 1845 1038 1881 Savaro
1055 1844 1098 1879 ad
1116 1844 1239 1880 Sidon.
1258 1845 1326 1890 Ap.
1342 1847 1379 1889 1,
1403 1860 1432 1880 2.

951 1901 1022 1945 742.
1042 1900 1184 1944 Ungulae
1192 1898 1331 1934 bisulcae
1343 1925 1352 1942 ,
1371 1905 1489 1944 χηλαὶ,
1508 1913 1594 1946 qua-

905 1952 955 1988 les
970 1952 1102 1987 habent
1117 1952 1236 1995 boves,
1253 1965 1350 1988 nuuc
1366 1965 1485 1988 rursus
1498 1954 1594 1989 scin-

907 2003 1043 2038 duntur
1052 2003 1091 2038 in
1109 2003 1235 2049 quinos
1245 2003 1380 2050 digitos.
1388 2022 1433 2031 —-
1443 2006 1595 2050 Dilapsa

906 2058 1096 2090 absumitur
1113 2055 1288 2100 suaviter,
1317 2068 1382 2102 pro
1405 2055 1591 2097 dilabitur,

906 2109 980 2145 sere
996 2115 1036 2144 ut
1050 2109 1149 2155 Virg.
1166 2108 1295 2156 Georg.
1307 2109 1374 2154 IV,
1392 2113 1458 2154 410
1472 2124 1480 2146 ε
1492 2111 1591 2146 Pro-

906 2170 984 2198 teus
999 2162 1037 2197 in
1053 2175 1164 2208 aquas
1174 2167 1290 2198 tenues
1301 2166 1457 2209 dilapsus
1466 2168 1594 2208 abibit,-

907 2220 944 2249 et
959 2214 1089 2249 Noster
1101 2241 1111 2259 ,
1146 2215 1194 2258 V,
1213 2215 1278 2259 435
1302 2228 1311 2250 ι
1335 2218 1543 2262 Pectoraque
1557 2221 1595 2251 in

907 2270 1023 2300 tenues
1051 2269 1177 2302 abeunt
1206 2269 1351 2303 evanida
1380 2272 1479 2303 rivos.
1509 2269 1592 2304 Non

908 2316 993 2354 dixit
1004 2317 1041 2352 in
1058 2320 1200 2362 digitos,
1220 2317 1283 2353 sed
1298 2318 1336 2353 in
1353 2332 1495 2363 ungues,
1510 2332 1594 2364 quo-

907 2381 990 2403 rum
1000 2375 1127 2404 natura
1136 2369 1284 2405 similior
1296 2370 1445 2415 ungulis.
1454 2388 1499 2398 -
1512 2371 1595 2417 Offi-

907 2425 962 2457 cio
966 2424 1089 2467 pedum
1098 2422 1265 2468 exquisite
1280 2448 1289 2466 ,
1312 2435 1376 2467 pro
1384 2425 1548 2467 pedibus3
1560 2431 1597 2458 et

907 2479 1064 2509 contenta
1074 2474 1178 2510 habet
1193 2473 1322 2519 aliquid
1333 2474 1595 2518 jocosi.·-Can-

908 2529 978 2568 dor,
1001 2533 1038 2561 ut
1052 2530 1150 2569 nitor,
1170 2540 1258 2562 vers.
1276 2529 1361 2571 552;
1390 2535 1426 2563 et
1441 2528 1595 2574 pulchri-

908 2579 1071 2615 tudinem
1086 2586 1122 2615 et
1138 2579 1330 2615 candidum
1347 2580 1504 2617 colorem
1520 2596 1590 2618 uo-

907 2638 969 2666 tat.
995 2631 1181 2677 Ingeniose
1200 2635 1345 2667 meluit...
1362 2637 1515 2668 retentat.

956 2683 1027 2729 746.
1035 2684 1242 2718 Intermissa.
1249 2682 1381 2719 Lovan.
1390 2688 1490 2719 verba
1495 2689 1593 2719 1'nler-

909 2739 1007 2780 σφω
1016 2762 1024 2776 ,
1040 2747 1114 2770 non
1124 2734 1308 2771 invenuste
1319 2762 1330 2781 ‚
1341 2737 1457 2781 judice
1469 2738 1595 2777 Burm,
