1832 3100
287 258 345 299 52
659 255 710 298 P.
748 255 981 301 OVIDII
1016 256 1323 308 NASONIS

284 351 485 414 Quarum
509 366 604 415 quae
627 348 768 397 media
790 360 880 406 est,
902 368 994 397 non
1014 361 1082 398 est
1100 349 1356 400 habitabilis
1378 363 1486 401 aestu
1505 371 1516 400 ε

281 428 368 477 Nix
392 427 502 491 tegit
521 427 607 476 alta
630 427 764 485 duas3
788 427 971 476 totidem
991 427 1106 476 inter
1126 440 1356 494 utramque
1375 427 1537 478 locavit
1551 467 1563 489 ‚
1649 445 1694 478 5ο

281 505 641 572 Temperiemque
665 504 810 562 dedit,
838 503 973 552 mixta
994 523 1093 553 cum
1114 504 1275 567 frigore
1298 506 1480 556 flamma.

280 585 485 635 Imminet
503 578 573 632 his
595 602 691 641 aer,
716 582 813 648 qui,
837 594 1003 648 quanto
1029 594 1096 631 est
1115 583 1308 648 pondere
1328 595 1451 632 terrae

279 662 458 710 Pondus
483 679 605 726 aquae
626 659 787 717 levius,
811 670 934 707 tanto
958 670 1025 707 est
1048 659 1275 707 onerosior
1294 659 1400 722 igni.
1457 685 1459 688 ·

278 739 374 788 Illic
397 730 441 787 et
463 736 669 795 nebulas,
694 735 785 784 illic
809 736 1047 784 consistere
1071 737 1213 784 nubes

276 816 440 874 Jussit‚
466 827 509 864 et
530 815 743 863 humanas
765 825 939 862 motura
956 813 1154 862 tonitrua
1176 826 1368 872 mentes,
1648 829 1693 863 55

274 897 336 944 Et
358 914 457 943 cum
473 892 735 941 fulminibus
755 891 963 940 facientes
982 891 1149 953 frigora
1169 902 1337 938 ventos.

274 972 358 1023 His
385 988 563 1038 quoque
588 989 681 1018 non
699 969 863 1035 passim
886 968 1040 1016 mundi
1062 967 1300 1016 fabricator
1322 967 1574 1017 habendum

275 1054 390 1101 Aera
411 1051 612 1118 permisit
631 1071 641 1098 ε
661 1050 733 1098 vix
754 1069 872 1097 nunc
897 1049 1132 1098 obsistitur
1153 1048 1241 1096 illis
1255 1086 1267 1106 ‚

275 1136 428 1198 Quum
449 1152 526 1181 sua
549 1132 736 1198 quisque
759 1142 914 1194 regant
937 1130 1108 1178 diverso
1127 1130 1304 1178 flamina
1323 1142 1489 1188 tractu,

274 1215 398 1279 Quin
421 1214 587 1263 lanient
608 1211 849 1270 mundum3
873 1223 995 1264 tanta
1018 1224 1085 1260 est
1106 1209 1327 1260 discordia
1348 1211 1559 1259 fratrum!

273 1345 453 1390 sonantius
466 1361 501 1388 et
512 1352 709 1398 exquisitius
718 1378 727 1395 ‚
739 1364 844 1397 quam
853 1355 950 1394 sunt;

273 1420 357 1442 nam
366 1408 477 1451 premi
488 1405 664 1451 eleganter
677 1403 859 1446 dicuntur,
872 1415 950 1447 quae

273 1459 401 1493 finibus
423 1457 555 1494 inclusa
571 1463 663 1492 sunt.
680 1455 803 1501 Virgit.
820 1454 949 1500 Georg.

274 1512 314 1555 Ι,
334 1511 418 1547 235:
437 1521 533 1543 zonae
547 1510 731 1543 trahuntur.

315 1564 368 1610 49.
381 1562 458 1597 Non
468 1565 522 1594 es!
528 1561 726 1595 habitabilis
738 1565 802 1593 etc.
811 1558 948 1603 Nempe

273 1628 314 1649 ex
334 1613 500 1659 opinione
530 1612 705 1645 Veterum
722 1636 732 1654 ‚
763 1609 822 1654 qui
847 1622 950 1644 zonas

270 1665 411 1711 frigidas
431 1677 505 1698 non
530 1663 648 1697 minus
666 1689 675 1706 ,
705 1675 811 1707 quam
835 1662 949 1695 torri-

273 1718 354 1752 dam
367 1743 377 1761 ‚
395 1715 515 1751 incolis
532 1715 632 1749 orbas
651 1714 818 1759 putabant
836 1727 844 1748 ε
868 1714 948 1754 vide

277 1772 411 1805 Lucret.
427 1769 462 1802 V
474 1794 484 1812 ,
513 1771 596 1810 205;
618 1767 741 1811 Virgil.
756 1766 884 1812 Georg.
908 1766 926 1800 I
938 1792 948 1809 ,

275 1824 336 1869 237
351 1836 376 1857 s.
387 1849 396 1866 ,
410 1828 446 1856 et
461 1819 713 1855 Macr.-Somn.
726 1817 884 1863 scip‚11,
904 1819 923 1851 5
937 1844 947 1862 ,

273 1875 341 1909 late
358 1873 402 1908 de
419 1872 484 1907 hac
507 1885 545 1906 re
562 1870 808 1916 disputantem.

317 1929 370 1960 50.
384 1926 573 1969 Utramque.
581 1922 755 1957 Revocavi
762 1926 932 1966 utramque
938 1948 946 1962 ,

275 1979 355 2024 quia
373 1982 542 2021 utrumque
558 1987 633 2010 non
652 1974 718 2009 nisi
740 1973 811 2008 duo
828 1972 951 2008 Leidd.

272 2030 404 2064 habent
413 2055 422 2070 ,
435 2035 471 2061 et
481 2039 572 2061 unus
585 2039 647 2072 pro
660 2026 754 2060 varia
765 2026 839 2060 lect.
854 2024 948 2059 unde

271 2079 440 2115 adsumsit
453 2079 576 2112 Burm.
591 2077 785 2122 Singularia
798 2089 872 2110 non
887 2075 956 2123 adj

273 2131 445 2175 mittenda
458 2138 540 2166 sunt
550 2157 559 2174 ,
574 2131 640 2164 nisi
653 2129 766 2164 Codd.
777 2142 950 2164 consensu

273 2186 309 2221 id
326 2186 493 2231 exigente.

318 2242 370 2273 51.
387 2239 541 2271 Flamma
552 2262 559 2276 ,
580 2233 714 2280 poetice
728 2245 791 2279 pro
802 2232 926 2267 calore.

317 2295 368 2327 52.
385 2291 554 2329 Imminet,
587 2286 871 2332 superimpositus
887 2293 949 2321 est.

274 2344 320 2378 Et
332 2343 494 2378 viciniam
513 2348 547 2375 et
564 2340 722 2375 altiorem
741 2339 845 2373 situm
865 2337 898 2373 h.
915 2351 947 2373 v.

273 2395 412 2429 indicat.
434 2412 478 2418 —-
493 2393 629 2437 Vulgo,
647 2395 723 2436 qui,
751 2395 875 2436 quanlo
898 2396 952 2425 est

253 2442 258 2452 ³
265 2449 410 2490 pondere
423 2451 519 2479 teme
527 2471 535 2485 ,
568 2445 717 2478 Pondere
731 2456 825 2487 aquoe
839 2445 948 2476 levior.

274 2496 343 2532 Sed
362 2497 510 2530 alterurn
527 2508 545 2529 e
561 2494 648 2529 Cod.
664 2501 862 2539 pervetusto
871 2506 947 2539 pro-

271 2549 350 2584 tulit
362 2547 496 2591 Consu,
507 2548 655 2581 Fanens.
666 2554 700 2580 et
704 2548 836 2590 pondus
844 2549 949 2580 levius

274 2606 467 2646 agnoscunt
489 2599 593 2633 etiam
611 2605 769 2642 excerpta
793 2597 947 2646 Vatican.

275 2650 459 2687 Calandrae
472 2676 481 2693 ,
500 2663 701 2694 quanquam
718 2650 754 2684 in
776 2649 827 2684 his
841 2650 948 2685 etiam

272 2718 361 2750 aqua
379 2704 562 2746 scribitur,
592 2703 686 2748 quod
706 2710 867 2748 argutum
889 2703 948 2750 vi-

273 2756 420 2792 debatur
435 2755 591 2790 Heinsio.
615 2755 805 2790 vetustum
823 2758 897 2799 tgrm'
908 2767 949 2789 ex

1645 1226 1691 1259 60

1016 1350 1146 1386 Medic.
1171 1351 1310 1386 Bonou.
1340 1357 1376 1385 et
1404 1349 1536 1386 Strozae
1563 1349 1694 1395 accepit

1015 1403 1251 1438 Burmannus.
1687 1403 1692 1406 ’

1060 1455 1111 1498 54.
1139 1455 1333 1488 Consttrtere.
1349 1452 1473 1488 Heins.
1493 1452 1593 1488 malit
1603 1465 1692 1488 con—

1015 1509 1131 1542 sidere.
1149 1506 1255 1541 Male.
1270 1525 1314 1532 —
1332 1508 1536 1547 Conshtere,
1557 1506 1691 1552 colligi,

1015 1559 1100 1593 oriri
1110 1585 1119 1602 ,
1139 1564 1332 1601 συνίς-ασθοει
1342 1584 1352 1602 ,
1373 1564 1433 1592 aut
1446 1557 1638 1592 immorari.
1648 1576 1692 1583 —

1014 1611 1159 1644 Matura.
1180 1610 1274 1644 Alias
1287 1614 1405 1643 lert-ere
1415 1609 1555 1654 Jupiter
1567 1608 1692 1644 dicitur

1015 1661 1220 1696 fulminibus
1230 1669 1290 1696 aut
1304 1660 1449 1695 tonitru.
1462 1678 1506 1687 ·-
1517 1655 1692 1696 Eam-ntes

1004 1715 1156 1759 frigora,
1170 1721 1209 1749 ut
1220 1713 1311 1760 apud
1319 1713 1416 1760 Virg.
1427 1712 1597 1759 Georg.1‚
1609 1713 1689 1754 352,

1014 1772 1150 1812 agentes
1156 1767 1292 1812 frigora
1306 1769 1406 1800 venti.

1061 1821 1112 1864 57.
1130 1821 1265 1853 Passim
1276 1846 1285 1859 ‚
1307 1819 1382 1854 sine
1399 1817 1521 1853 ordine
1537 1825 1574 1854 et
1591 1818 1667 1864 lege
1679 1844 1690 1861 ,

1015 1877 1055 1905 ut
1070 1870 1215 1915 quisque
1231 1870 1338 1915 spiret
1350 1897 1359 1913 ,
1379 1869 1474 1904 unde
1489 1869 1581 1904 velit.
1598 1868 1693 1903 Vide

1014 1922 1281 1965 Burmannum,
1300 1922 1343 1956 ad
1367 1918 1590 1968 Quintilianli
1606 1922 1689 1956 De-

1014 1974 1112 2010 clam.
1139 1974 1210 2019 IV,
1232 1975 1280 2009 13.
1297 1995 1341 2002 —-
1358 1977 1575 2016 Habendum,
1601 1987 1688 2020 pos-

1013 2026 1135 2061 sidend
1141 2039 1200 2061 um
1209 2053 1219 2071 ,
1231 2026 1286 2061 vel
1296 2026 1499 2072 agitandum
1510 2039 1518 2062 :
1530 2026 1689 2062 similiter

1015 2075 1121 2124 graecs
1130 2083 1222 2123 ἐ’χειν.

1058 2133 1110 2177 59.
1132 2132 1269 2174 Quum...
1282 2134 1392 2164 tractu
1400 2157 1408 2171 ,
1423 2143 1533 2176 quum
1543 2130 1688 2176 quisque

1014 2195 1055 2216 ex
1072 2182 1204 2217 diversa
1221 2182 1363 2227 regione
1378 2181 1439 2216 flat
1453 2208 1463 2227 ,
1481 2189 1520 2216 ut
1539 2182 1688 2217 Homer.

1015 2231 1084 2269 Od.
1103 2234 1149 2277 V,
1162 2236 1235 2281 295.
1245 2252 1288 2260 -—
1299 2235 1435 2278 cham‘
1451 2236 1685 2279 suastamina,

1013 2291 1180 2330 tanquam
1197 2298 1352 2330 personae
1372 2295 1380 2317 :
1398 2289 1542 2329 lam'cnt,
1567 2286 1687 2331 gravi—
1707 2295 1709 2297 ’

1014 2344 1085 2380 ter,
1103 2351 1166 2383 pro
1183 2338 1412 2384 disrumpant.

1056 2390 1111 2423 Go.
1121 2392 1283 2424 Fratrum.
1295 2389 1413 2424 Habiti
1423 2397 1505 2424 sunt
1516 2388 1688 2425 Astraei'et

1014 2443 1160 2476 Aurorae
1178 2441 1248 2475 filii.
1267 2440 1411 2475 Hesiod.
1431 2439 1588 2486 Th.‚378.
1613 2441 1686 2476 Sed

1013 2494 1140 2528 Noster
1161 2493 1258 2527 omni
1279 2492 1314 2527 h.
1338 2493 1359 2527 l.
1382 2492 1595 2539 mythologia
1617 2506 1682 2528 ne-

1013 2546 1120 2591 glecta
1135 2572 1144 2585 ‚
1171 2557 1290 2578 rerum
1313 2552 1475 2579 naturam
1503 2544 1684 2589 sequitur;

1011 2598 1126 2642 itaque
1144 2596 1210 2631 hoc
1226 2596 1370 2631 nomine
1387 2608 1613 2631 communem
1625 2608 1684 2641 po-

1012 2650 1078 2684 tius
1102 2656 1290 2683 ventorum
1313 2656 1476 2682 naturam
1499 2647 1683 2692 respexisse

1011 2701 1159 2736 videtur.
1184 2701 1343 2736 Positum
1360 2707 1477 2734 autem
1493 2705 1544 2733 est
1558 2699 1595 2733 in
1615 2698 1681 2733 hoc

1012 2752 1279 2801 epiphonemate
1296 2763 1377 2787 cum
1391 2751 1529 2787 virtute.
