1832 3100
244 252 324 294 118

617 250 668 292 P.
709 249 945 294 OVIDII
978 247 1277 299 NASONIS

235 344 451 392 Constitit
470 343 517 390 in
540 344 694 399 terris;
717 343 988 410 nebulasque
1008 331 1208 394 recedere
1230 345 1374 410 jussit.

237 422 454 486 Conjugis
477 421 712 469 adventum
735 433 1043 487 praesenserat,
1069 421 1204 487 inque
1227 422 1439 472 nitentem

1590 439 1657 472 610

236 498 472 546 Inachidos
496 497 645 555 vultus
669 509 911 546 mutaverat
935 497 1008 546 ille
1030 498 1270 562 juvencam.

233 578 326 624 Bos
351 594 529 642 quoque
548 575 739 623 formosa
761 587 827 623 est
848 595 857 622 ε
879 576 1070 641 speciem
1094 576 1298 624 Saturnia
1320 595 1458 625 vaccae
1475 614 1487 634 ‚

237 655 505 719 Quanquam
528 653 684 710 invita,
710 653 874 719 probat
898 673 908 700 :
929 673 1009 702 nec
1035 672 1127 700 non
1147 664 1191 701 et
1212 654 1359 718 cujus,
1385 666 1428 703 et
1451 655 1590 714 unde,

237 734 396 795 Quove
421 731 479 778 sit
501 742 699 779 armento
714 768 727 788 ‚
753 731 843 779 veri
869 731 995 797 quasi
1019 731 1185 788 nescia,
1213 731 1381 797 quaerit.

235 809 414 875 Jupiter
435 829 458 857 e
482 821 598 857 terra
622 809 814 871 genitam
838 809 1072 866 mentitur,
1098 821 1149 856 ut
1173 820 1328 856 auctor
1389 819 1393 823 '

1594 824 1661 859 615

236 887 424 934 Desinat
443 887 608 952 inquiri
630 887 770 953 :petit
795 887 909 935 hanc
930 886 1138 935 Saturnia
1157 905 1333 934 munus.

236 964 362 1027 Quid
388 963 549 1013 faciat?
574 964 769 1023 crudele,
795 984 901 1013 suos
926 965 1126 1013 addicere
1147 982 1320 1012 amores
1340 983 1351 1022 ;

234 1041 338 1088 Non
362 1042 481 1099 dare,
509 1054 763 1108 suspectum
781 1062 791 1090 z
809 1043 957 1109 pudor
979 1054 1069 1101 est,
1095 1042 1171 1108 qui
1195 1041 1375 1090 suadeat
1398 1039 1550 1097 illinc;

235 1158 405 1193 amatoria
417 1158 552 1194 dicitur.
564 1158 725 1194 Omnino
735 1166 787 1193 est
798 1158 915 1194 fallere

237 1218 297 1244 aut
307 1210 436 1244 violare
449 1211 598 1245 alterum
611 1223 833 1256 quocumque
844 1223 917 1245 mo-

238 1261 284 1295 do
303 1262 339 1295 in
361 1275 490 1297 amore.
510 1261 599 1297 Vide
615 1263 747 1309 Heynii
769 1263 916 1298 Observ.

237 1313 278 1348 ad
298 1314 413 1348 Tibul.
436 1315 473 1357 I,
500 1326 545 1355 11,
571 1317 623 1362 89.
644 1333 688 1342 ——-
702 1317 918 1360 Delapsaque

235 1368 279 1399 ab
292 1368 410 1400 oelhere
421 1379 557 1400 summo.
575 1365 804 1401 Celeritatem
817 1374 918 1401 notat

236 1419 429 1454 venientis:
443 1427 611 1464 tanquam
624 1432 701 1464 quae
712 1420 772 1454 alis
783 1420 895 1454 delata
907 1433 915 1461 ;

238 1472 361 1517 virgil.
376 1472 518 1506 AEneid.
531 1473 566 1515 I,
579 1473 643 1520 394
654 1483 662 1504 t
675 1474 828 1506 AEtheria
835 1486 918 1517 quos

234 1526 335 1566 lapsa
344 1526 451 1567 plaga
463 1525 562 1557 Jovis
574 1527 647 1557 ales
663 1528 777 1566 aperto
795 1525 828 1556 T
823 1526 918 1556 urba-

235 1578 297 1608 bal
315 1578 406 1609 caelo.
431 1575 481 1609 lb.
508 1574 563 1609 lib.
589 1576 640 1610 IV
654 1601 663 1617 ,
686 1575 748 1609 223
767 1587 775 1608 :
802 1576 896 1609 Vade
907 1601 915 1614 ,

236 1641 300 1672 age
311 1654 319 1667 ‚
332 1633 433 1672 gnate
444 1655 453 1668 ‚
473 1640 558 1662 voca
568 1629 730 1672 Zephims
737 1654 746 1668 ‚
765 1631 800 1661 el
807 1629 919 1661 labere

231 1683 362 1723 pennis.
387 1679 452 1714 Ed.

280 1732 356 1778 509.
367 1733 517 1766 Nebulas
525 1731 790 1775 recedere-jussit.
800 1730 919 1764 Etiam

238 1783 338 1817 Juno
354 1784 506 1818 nubibus
528 1784 679 1828 imperat
691 1809 700 1827 ,
727 1783 813 1828 quin
831 1782 918 1817 adeo

236 1835 373 1869 fulmen
393 1835 573 1870 interdum
590 1835 710 1870 mittit.
737 1834 918 1869 Caeterum

239 1887 323 1921 hinc
341 1888 456 1923 Valer.
476 1888 567 1922 Flac.
586 1887 618 1921 d.
631 1887 650 1922 l.
665 1887 818 1921 fabulam
831 1900 918 1922 sua-

237 1939 375 1974 vissime
389 1965 398 1983 ‚
417 1940 478 1974 sed
491 1939 629 1974 brevius
646 1939 777 1974 Ovidio
788 1946 919 1974 narrat.

279 1991 356 2025 διο.
380 1994 555 2026 Nitentem.
583 1993 697 2026 Nilere
719 1991 860 2037 proprie
884 1998 920 2026 et

237 2044 416 2089 eleganter
432 2044 599 2078 dicuntur
612 2057 736 2089 pecora
753 2045 895 2090 pinguia
908 2072 918 2089 ,

237 2104 273 2131 et
285 2097 375 2131 bene
390 2097 505 2130 habita
516 2110 523 2130 :
535 2097 628 2142 Opp.
645 2100 780 2131 horrida
796 2105 831 2133 et
846 2101 921 2131 slri-

235 2162 342 2192 gosa,·
355 2149 414 2183 sed
424 2149 526 2183 simul
538 2149 698 2183 candoris
708 2150 807 2184 notio
818 2151 918 2185 inest.

240 2202 338 2235 Hinc
349 2202 413 2235 652
427 2205 523 2235 nivea
534 2208 569 2235 et
583 2201 774 2246 743fhrmoe
782 2205 919 2238 candor.

240 2255 359 2303 Etiam
374 2254 471 2300 'apud
490 2254 693 2300 Apollodor.
710 2262 868 2289 mutatur
882 2256 918 2289 in

239 2307 352 2341 albam
365 2320 513 2341 vaccam.
526 2308 603 2352 Ipse
612 2307 754 2352 Jupiter
764 2308 798 2341 ΙΙ
813 2333 821 2350 ,
834 2309 896 2342 852
909 2334 918 2351 ,

238 2360 424 2393 m'vez'tauri
436 2361 587 2394 sormam
598 2359 718 2398 sumit,
734 2359 919 2404 eidemque

239 2411 395 2445 candidae
402 2411 550 2446 victimae
558 2411 805 2456 probabantur.
815 2410 920 2457 Apud

240 2463 393 2510 AEschyl.
412 2465 452 2498 Io
464 2489 473 2506 ,
497 2471 535 2498 ut
553 2465 589 2497 in
607 2463 784 2497 theatrum
799 2463 919 2498 induci

239 2522 371 2560 posset,
387 2516 532 2550 retinuit
542 2517 691 2549 sormam
706 2515 898 2550 humanam
909 2542 918 2559 ,

239 2565 299 2600 sed
316 2566 439 2600 faciem
460 2567 564 2602 habet
581 2566 835 2610 deformatam,
855 2580 920 2601 ca·-

239 2625 372 2663 putque
390 2620 554 2653 cornibus
570 2618 831 2654 dedecoratum.
858 2619 922 2653 Est

240 2673 389 2715 βούκερως
406 2674 552 2720 παρθένος.

283 2722 304 2756 B
311 2736 323 2756 1
333 2724 545 2757 1.Inach1·dos
554 2725 675 2761 vallus,
687 2723 833 2758 Inachis.
843 2725 921 2757 Ina-

239 2776 350 2809 chidis
359 2787 493 2817 cornua,
510 2774 613 2808 simili
626 2775 817 2820 periphrasi
827 2775 919 2820 apud

981 1158 1228 1204 Propertium,
1248 1159 1287 1202 1,
1308 1157 1361 1193 El.
1382 1169 1446 1200 111,
1468 1169 1573 1192 20.—
1589 1157 1661 1191 Ille.

981 1212 1142 1247 Leidens.
1158 1216 1245 1246 ante.
1258 1228 1303 1237 —·
1319 1211 1440 1246 Nostri
1457 1209 1572 1245 codd.
1592 1210 1660 1244 ille.

1024 1264 1191 1307 δια-614.
1212 1265 1400 1307 Spaniam...
1425 1264 1550 1307 qua-rit.
1570 1259 1662 1294 Mul-

981 1325 1058 1352 tum
1082 1319 1147 1357 ἦθος
1163 1316 1265 1351 inest.
1290 1314 1395 1361 Apud
1413 1314 1531 1349 Valer.
1549 1312 1662 1348 Flacc.

980 1369 1037 1402 lib.
1052 1369 1118 1411 IV,
1129 1368 1194 1402 358
1209 1380 1216 1401 :
1233 1365 1459 1410 Plausuforet
1466 1367 1556 1402 hanc
1564 1363 1663 1411 (vac-

982 1421 1074 1463 cam)
1091 1424 1126 1454 el
1129 1424 1266 1464 pectora
1278 1421 1411 1454 mulcet.
1586 1414 1589 1416 ¹

1025 1473 1101 1506 615.
1126 1474 1162 1506 E
1174 1477 1261 1506 lerra
1274 1475 1430 1516 genilam.
1455 1468 1670 1504 Multi-olim-

981 1522 1143 1563 homlnes
1153 1524 1317 1567 l'eraeque,
1332 1529 1474 1566 γηγενεῖς.
1482 1538 1527 1547 -
1536 1521 1663 1566 Ignoto

983 1582 1018 1609 et
1033 1576 1180 1609 obscuro
1195 1587 1323 1620 genere
1335 1576 1453 1608 ortum
1467 1599 1476 1617 ,
1494 1573 1663 1616 cujusque

982 1628 1235 1673 ignorabantur
1243 1633 1418 1672 parentes,
1425 1638 1508 1660 eum
1516 1624 1665 1659 Veteres

984 1680 1221 1726 appellabant,
1245 1680 1367 1722 Terrae
1383 1678 1505 1712 filium.
1527 1675 1665 1711 Contra

984 1745 1136 1777 quorum
1158 1732 1326 1766 virtutem
1354 1730 1576 1765 mirabantur
1589 1753 1600 1771 ‚
1618 1725 1663 1762 de

983 1785 1067 1819 caelo
1094 1783 1311 1819 descendisse
1345 1782 1509 1816 dicebant
1527 1795 1536 1823 ;
1570 1778 1666 1825 quod

986 1837 1114 1872 Cicero
1126 1863 1135 1880 ,
1150 1836 1204 1871 lib.
1219 1837 1234 1870 I
1247 1863 1256 1880 ‚
1269 1835 1311 1870 ad
1326 1834 1452 1880 Quint.
1463 1834 1541 1868 stat.
1553 1832 1618 1878 Ep.
1628 1842 1643 1865 1
1653 1858 1663 1873 ‚

985 1890 1082 1935 quasi
1098 1889 1182 1924 caelo
1198 1888 1366 1933 delapsus.
1382 1888 1449 1922 Ed.

1027 1944 1048 1977 6
1056 1943 1103 1976 ιθ.
1115 1945 1208 1977 Petit
1215 1940 1462 1975 munus.Valer.
1471 1938 1562 1973 Flac.
1571 1935 1665 1971 dicto

983 1995 1060 2029 loco
1073 2022 1081 2035 ‚
1102 1996 1178 2028 da...
1192 1996 1454 2037 Indomilamque
1466 1994 1578 2025 berem
1590 2016 1599 2031 ,
1617 1990 1666 2023 da

984 2060 1070 2082 cara·
1086 2059 1221 2080 munera
1236 2049 1355 2090 παρίω.

1029 2091 1103 2145 6ι’7.
1122 2098 1299 2133 Addz'cere.
1327 2096 1385 2131 Nil
1409 2094 1503 2130 aliud
1523 2101 1575 2130 est
1597 2094 1664 2129 nisi

986 2151 1117 2185 donare
1133 2177 1142 2193 ,
1165 2148 1302 2184 tradere
1315 2175 1324 2191 ,
1347 2155 1387 2183 ut
1406 2154 1499 2182 recte
1519 2146 1665 2192 explicat

986 2201 1097 2236 Gloss.
1115 2201 1221 2235 MSS.
1239 2200 1331 2235 Flor.
1350 2199 1472 2233 Vellei.
1491 2199 1547 2242 11¹,
1566 2208 1639 2232 xxv
1651 2223 1662 2241 ,

984 2256 1415 2298 4:Addtlz·1‘tDianoeagms
1425 2253 1529 2286 Sulla.
1539 2251 1664 2284 Horat.

987 2306 1099 2351 Epod.
1116 2317 1195 2340 xvn
1206 2334 1214 2345 ‚
1231 2318 1318 2340 vers.
1335 2319 1347 2339 1
1362 2331 1370 2344 ‚
1390 2300 1661 2345 addt'clumfinlr.

986 2359 1123 2404 Nempe
1135 2360 1255 2392 addici
1266 2370 1316 2402 pr.
1333 2356 1375 2390 de
1390 2354 1603 2389 debitoribus
1616 2353 1665 2387 di-

986 2411 1149 2454 cebatur,
1168 2410 1228 2455 qui
1240 2435 1249 2452 ,
1276 2421 1386 2454 quum
1406 2420 1480 2442 non
1496 2405 1664 2441 solvendo

986 2470 1101 2497 essent
1124 2488 1132 2505 ,
1170 2461 1397 2496 creditoribus
1424 2458 1662 2493 tradebantur.

987 2515 1083 2549 Hinc
1099 2515 1247 2548 omnino
1260 2520 1310 2547 est
1324 2512 1377 2547 vel
1389 2512 1425 2546 in
1436 2511 1640 2546 servitutem
1651 2535 1662 2554 ,

985 2567 1039 2600 vel
1055 2566 1216 2611 potestati
1231 2565 1373 2609 alicujus
1391 2562 1499 2598 tradi:
1518 2575 1550 2596 v.
1564 2562 1660 2606 Grae-

985 2618 1060 2652 vius
1077 2617 1119 2651 ad
1136 2617 1209 2652 Cic.
1223 2616 1373 2660 Quinct.-
1391 2617 1430 2650 18
1441 2641 1450 2658 ‚
1468 2621 1503 2649 et
1520 2613 1663 2649 Salmas.

986 2671 1029 2705 de
1048 2671 1154 2705 Usur.
1173 2683 1205 2715 p.
1223 2670 1298 2704 360.
1539 2667 1541 2670 '

1029 2724 1105 2758 618.
1122 2726 1232 2758 Illinc.
1262 2722 1383 2757 Codex
1400 2721 1529 2767 Regius
1544 2727 1663 2755 noster

987 2775 1031 2809 A.
1046 2777 1136 2809 illud
1140 2787 1153 2819 ς
1171 2775 1212 2809 Β.
1228 2778 1316 2817 illic,
1334 2785 1528 2819 perperam.
