1832 3100
255 217 340 260 520

627 218 679 260 P.
722 217 967 262 OVIDII
1001 216 1305 262 NASONIS

246 310 483 376 .Milliaque
505 309 698 360 incultos
720 323 970 378 serpentum
993 311 1130 360 multa
1152 331 1231 378 per
1249 331 1378 375 agros

253 393 435 440 Errasse
450 430 461 450 ‚
487 405 615 459 atque
640 393 733 441 suis
755 393 910 441 fluvios
936 405 1163 455 temerasse
1187 395 1377 449 venenis.

1596 406 1662 442 535

255 473 408 536 Strage
425 493 578 522 canum
593 475 734 541 prima
747 513 758 533 ‚
775 474 1092 540 volucrumque
1107 512 1119 532 ,
1140 475 1395 542 oviumque,
1413 474 1661 542 boumque,

253 557 394 622 Inque
417 557 520 605 feris
543 558 679 605 subiti
705 558 913 624 deprensa
936 557 1137 623 potentia
1160 557 1317 606 morbi.

257 637 495 688 Concidere
518 638 669 687 infelix
690 639 857 687 validos
881 638 1064 686 miratur
1087 650 1232 686 arator

254 720 377 767 Inter
397 739 510 786 opus
535 733 708 779 tauros,
733 721 965 786 medioque
986 720 1239 768 recumbere
1263 718 1398 768 sulco.

256 801 483 863 Lanigeris
506 802 738 864 gregibus,
760 801 934 849 balatus
959 801 1168 849 dantibus
1190 819 1350 863 aegros,

255 883 425 948 Sponte
449 903 526 931 sua
550 883 744 950 lanaeque
769 883 957 941 cadunt,
1266 865 1273 871 ¹

1599 814 1666 861 540

985 895 1028 931 et
1049 902 1236 949 corpora
1260 883 1424 931 tabent.

255 965 370 1012 Acer
392 984 530 1031 equus
556 965 776 1030 quondam
791 1002 803 1022 ,
827 983 1078 1030 magnaeque
1103 965 1150 1012 in
1171 964 1347 1030 pulvere
1370 963 1492 1012 famae
1508 1000 1524 1022 ,

256 1046 502 1109 Degenerat
523 1045 718 1112 palmas,
743 1058 1023 1112 veterumque
1047 1045 1214 1095 oblitus
1235 1045 1456 1093 honorum
1474 1082 1508 1103 ,Δ
1544 1085 1546 1089 ,

254 1203 339 1237 vitio
349 1202 448 1246 aeris,
460 1202 587 1246 partim
597 1201 778 1235 venenosis
787 1213 932 1246 serpen-

255 1255 355 1289 tibus.
373 1256 437 1287 Ed.
453 1272 496 1279 ·—
518 1255 734 1293 Temerasse,·
762 1252 930 1297 polluisse.

259 1306 348 1339 Vide
360 1305 400 1339 ad
414 1306 470 1348 II,
486 1307 558 1351 59²·
572 1305 836 1339 Miscuitautem
846 1304 932 1338 Ovi-

258 1358 334 1393 dius
347 1359 479 1393 diversa
494 1373 502 1397 ;
515 1370 640 1403 nempe
651 1357 843 1392 secundum
854 1358 934 1404 Hy-

257 1412 392 1455 ginum,
407 1410 517 1445 fabula
530 1413 585 1452 52,
595 1411 618 1444 J
623 1423 691 1443 uno
704 1410 789 1444 irata
801 1422 934 1452 serpen-

256 1468 320 1496 tem
330 1466 364 1496 in
374 1476 493 1506 aquam
506 1465 607 1500 misit,
622 1475 691 1506 quoe
702 1475 775 1495 eam
787 1474 933 1496 venena-

256 1520 314 1549 ret.
333 1516 383 1549 Ex
398 1528 464 1558 qua
477 1516 534 1559 qui
550 1514 694 1556 biberat,
709 1514 933 1548 moriebatur.

302 1567 374 1601 535.
385 1568 500 1608 Strage
508 1579 626 1599 canum
631 1568 741 1608 prima
750 1592 756 1602 .
770 1572 833 1598 etc.
846 1566 881 1598 H
885 1577 932 1599 aec

258 1633 298 1654 ex
317 1619 440 1653 Iliados
453 1619 488 1662 1,
505 1625 641 1662 sumpta
656 1630 727 1651 esse
744 1617 929 1658 videntur;

260 1683 343 1705 nam
361 1671 539 1703 Homerus
554 1696 563 1712 ,
593 1668 684 1703 dicto
708 1669 783 1705 loro
798 1694 806 1711 ,
830 1680 931 1702 versu

261 1725 303 1756 50
314 1748 323 1765 ,
334 1729 467 1766 pestem
482 1721 517 1754 in
531 1719 719 1754 exercitum
727 1719 931 1754 Graecorum

261 1773 431 1818 Apollinis
449 1773 498 1806 ira
514 1771 701 1805 immissam
717 1771 930 1814 describens,

260 1826 306 1859 ait
327 1838 334 1859 :
358 1829 477 1873 Οὖρῖῐας
496 1828 548 1862 με’-ι
571 1830 683 1873 πρῶτον
707 1826 835 1870 ἐπῴχετο
847 1849 856 1866 ,
880 1826 935 1857 καῖ

259 1881 347 1915 κύνας
364 1877 476 1920 ἀργοὺς.
502 1876 559 1910 Sic
583 1883 616 1909 et
639 1875 816 1920 Virgilius,
838 1874 930 1908 dicto

257 1930 334 1963 loco
355 1942 362 1963 :
379 1941 482 1973 genus
496 1941 592 1961 mnne
607 1930 685 1962 neci
690 1930 853 1971 pecudum
870 1929 931 1961 de-

258 1984 311 2014 dit
323 2008 331 2022 ,
356 1994 449 2014 omne
469 1979 632 2022 serarum.
655 1998 698 2005 —
726 1979 905 2023 oviumque
918 1990 930 2021 ‚·

257 2032 340 2066 olim
357 2031 524 2065 edebatur
538 2033 732 2073 aviumque3
756 2030 812 2074 qui
833 2042 930 2063 error

259 2083 419 2127 antiquus
429 2090 479 2116 est
491 2097 499 2122 3
515 2082 561 2116 sic
572 2081 666 2115 enim
678 2082 748 2125 jam
761 2080 841 2126 legit
853 2080 930 2114 Pla-

254 2134 378 2177 nudes,
388 2131 422 2168 in
434 2134 531 2177 cujus
541 2133 697 2167 versione
708 2158 717 2175 ,
729 2140 865 2167 πετεινῶν
878 2137 931 2167 και*

259 2190 385 2237 ὅρνὶθων.
406 2187 502 2232 Regii
525 2187 633 2220 nostri
654 2186 738 2219 dant
753 2190 870 2220 ovium.
887 2205 930 2211 —

255 2243 441 2284 Deprensa,
463 2238 710 2273 animadversa.

297 2294 369 2327 538.
397 2294 572 2326 Concidere
587 2292 708 2335 infelix
724 2298 787 2325 etc.
803 2291 925 2336 Virgi-

251 2345 318 2380 lius
329 2371 339 2388 ,
356 2344 448 2378 dicto
467 2344 542 2377 loco
557 2370 565 2385 ‚
594 2345 656 2377 515
682 2356 689 2376 :
716 2344 805 2376 Ecce
820 2347 928 2376 aulem

252 2401 333 2435 dum,
346 2397 488 2442 fumans
509 2395 662 2442 (sudore
680 2397 693 2437 )
715 2398 776 2430 sub
803 2408 929 2429 vomere

252 2457 367 2485 laurus
391 2451 546 2484 Concidit
558 2475 566 2489 ,
599 2453 634 2483 et
649 2451 785 2482 mixtum
804 2451 928 2492 spumis

252 2506 357 2537 vomit
366 2515 420 2536 ore
435 2514 579 2536 cruorem
590 2527 598 2541 ‚
618 2503 854 2543 Extremusque
864 2502 930 2533 ciet

249 2557 390 2599 gemitus
407 2567 418 2588 :
434 2557 462 2587 it
481 2556 587 2587 trister
602 2557 718 2587 arator
737 2553 929 2586 Moerentem

249 2606 434 2649 abjungens
443 2605 602 2648 fraterna
618 2608 718 2637 morte
728 2603 925 2647 juvencum;

249 2656 361 2700 Atque
375 2668 468 2698 opere
482 2658 517 2688 in
531 2656 637 2687 medio
649 2656 758 2698 defi-ta
773 2656 929 2697 relinquit

247 2711 372 2741 aratra.
388 2705 489 2743 Adde
501 2719 587 2740 vers.
603 2707 767 2753 494-497.
776 2724 821 2731 -
834 2708 926 2740 Con-

996 1203 1122 1242 cidere,
1146 1208 1186 1236 ut
1205 1202 1346 1239 collabi,
1371 1199 1414 1234 de
1431 1199 1668 1235 moriente.—

996 1254 1087 1286 Inler
1098 1266 1194 1296 opus,
1213 1253 1306 1287 inter
1319 1251 1498 1286 arandum.
1514 1253 1579 1287 Ed.

1041 1306 1114 1349 540.
1125 1307 1274 1340 Balatus
1282 1317 1395 1349 oegros,
1411 1311 1462 1347 ut,
1474 1317 1576 1339 versu
1589 1305 1665 1351 319,

997 1362 1088 1392 tener
1101 1361 1245 1392 balatus.
1420 1362 1422 1364 ’
1592 1398 1600 1403 .

1041 1411 1114 1453 542.
1122 1410 1215 1444 Acer
1222 1423 1323 1455 equus
1328 1411 1503 1454 quondam,
1518 1415 1580 1443 etc.
1591 1408 1668 1442 Hos

996 1474 1114 1496 versus
1135 1462 1296 1507 Apolline
1322 1461 1444 1507 dignos
1459 1460 1668 1506 pronunciat

997 1514 1129 1558 Tanaq.
1145 1514 1266 1549 Faber.
1280 1532 1324 1540 -
1338 1514 1437 1553 Acer,
1460 1524 1646 1559 generosus
1658 1537 1668 1554 ,

996 1566 1101 1600 serox.
1109 1585 1152 1591 -
1161 1568 1201 1600 In
1207 1569 1349 1610 pulvere,
1362 1565 1399 1599 in
1409 1564 1667 1610 certaminibus,

995 1615 1030 1648 in
1046 1629 1197 1660 quorum
1214 1616 1498 1661 descriptionibus
1520 1615 1669 1663 pulveris

995 1667 1067 1700 sere
1081 1667 1121 1701 fit
1139 1668 1282 1702 mentio.
1294 1667 1374 1701 Vid.
1389 1667 1472 1701 Jani
1485 1667 1526 1700 ad
1544 1667 1668 1700 Horat.

997 1719 1035 1762 I,
1055 1719 1125 1754 Od.
1142 1732 1176 1763 1,
1194 1721 1224 1754 3.
1234 1722 1442 1759 -·Palmas,
1464 1719 1666 1763 victoriam;

996 1772 1159 1818 Virgilius
1173 1799 1182 1816 ‚
1210 1773 1337 1818 Georg.
1361 1773 1378 1807 1
1393 1798 1402 1815 ,
1425 1775 1467 1820 59
1483 1798 1491 1815 ,
1509 1773 1668 1806 Eliadum

989 1827 1124 1867 palmas
1143 1837 1306 1868 equarum.
1320 1841 1363 1850 ·-
1378 1825 1567 1867 Degeneral
1578 1825 1667 1866 pal-—

994 1889 1077 1916 mas,
1098 1876 1282 1921 indignum
1297 1889 1332 1910 se
1350 1876 1480 1921 praebet
1494 1875 1644 1910 victoriis
1656 1901 1666 1918 ,

996 1928 1216 1962 deteriorem.
1225 1928 1296 1963 Sed
1306 1941 1370 1973 ego
1378 1940 1458 1962 cum
1467 1927 1667 1963 Schirachio

995 1993 1068 2015 non
1078 1981 1199 2015 dubito
1211 1980 1399 2015 defendere
1411 1980 1585 2026 vulgatam
1598 1980 1670 2014 lec-

995 2033 1129 2067 tionem
1143 2033 1184 2066 ab
1200 2032 1346 2067 Heinsio
1361 2031 1492 2077 pulsam
1502 2056 1512 2075 ,
1530 2033 1669 2075 degene-
1723 2046 1727 2048 ·

993 2090 1061 2126 rat,
1075 2087 1197 2129 pulmoe
1211 2089 1414 2128 veterumque
1428 2086 1550 2118 oblitus
1565 2085 1667 2117 hono-

993 2150 1071 2170 rum.
1093 2136 1319 2180 Quamquam
1338 2135 1433 2169 enim
1449 2137 1661 2178 degenerare,

996 2187 1100 2221 active
1119 2186 1298 2220 interdum
1323 2186 1487 2230 dicatur,
1504 2192 1544 2219 ut
1566 2184 1668 2229 docet

996 2240 1181 2283 Heinsius,
1199 2239 1241 2273 ad
1261 2240 1363 2274 Pont.
1379 2239 1433 2274 III
1444 2265 1454 2282 ,
1473 2250 1487 2272 1
1500 2265 1510 2282 ,
1528 2240 1569 2282 45
1582 2264 1592 2282 ,
1607 2246 1667 2273 ta-

994 2294 1200 2334 menpalma
1211 2297 1246 2324 et
1255 2293 1394 2325 honores
1402 2289 1524 2324 melius
1534 2289 1582 2323 sic
1590 2289 1667 2333 jun-

994 2350 1133 2387 guntur.
1152 2343 1264 2377 Possis
1281 2349 1316 2376 et
1333 2354 1412 2376 cum
1428 2340 1605 2375 nonnullis
1618 2340 1666 2374 le-

994 2408 1073 2438 gere
1090 2397 1227 2438 degener
1238 2396 1433 2438 adpulsam,
1452 2405 1603 2437 namque
1621 2394 1671 2426 ad

993 2446 1169 2491 eleganter
1177 2459 1239 2491 pro
1249 2445 1373 2490 quoad.
1382 2445 1476 2479 Hinc
1485 2444 1581 2479 facile
1590 2443 1667 2478 fieri

993 2498 1104 2543 potuit
1127 2500 1321 2541 degenerum
1348 2509 1416 2541 quo
1443 2497 1532 2530 sacto
1556 2496 1611 2530 alii
1631 2502 1666 2530 et

986 2552 1120 2593 palmus
1137 2556 1329 2583 mutarunt.
1347 2568 1389 2574 —
1408 2547 1529 2583 Codex
1546 2554 1666 2582 noster

993 2601 1023 2635 A
1029 2627 1038 2643 ,
1048 2603 1242 2644 DegenerM,
1249 2604 1369 2644 palmoe
1377 2605 1577 2644 veterumque
1586 2606 1664 2640 etc.;

993 2651 1112 2686 Codex
1122 2653 1165 2696 B,
1179 2655 1331 2696 Degener
1338 2655 1388 2686 ad
1391 2654 1526 2696 palmas
1537 2663 1546 2684 :
1563 2650 1662 2684 lectio

991 2704 1114 2740 codicis
1126 2704 1169 2748 A,
1180 2717 1256 2749 quae
1265 2711 1314 2738 est
1323 2704 1470 2749 vulgata,
1486 2709 1520 2737 et
1533 2700 1662 2746 simpli-
