1832 3100
382 198 1091 267 MERTAMORPHOSEON
1135 201 1264 244 LIB.
1302 202 1394 245 lv.

1504 202 1589 261 327

171 272 411 359 Jugeribus
435 293 655 343 distentus
680 302 773 340 erat
793 312 803 339 :
827 291 933 349 tibi,
956 290 1141 340 Tantale
1156 298 1173 350 ,'
1197 292 1329 341 nullae

172 372 520 441 Deprenduntur
540 389 688 437 aquae;
714 388 898 437 quaeque
924 368 1149 428 imminet,
1175 369 1334 433 effugit
1356 371 1520 419 arbor:
1582 405 1590 413 -

172 451 267 500 Aut
286 449 401 517 petis
415 486 428 508 ‚
450 460 531 509 ,au-t
550 468 682 512 urges
705 448 951 506 ruiturum,
975 447 1164 515 Sisyphe
1178 484 1191 507 ,
1217 467 1369 497 saxum
1388 469 1397 496 :

171 526 379 589 Volvitur
399 526 555 586 Ixion,
580 539 625 576 et
643 547 688 576 se
711 526 1002 594 sequiturque
1025 523 1229 593 fugitque
1252 546 1262 575 ε

1528 542 1593 585 460

172 604 530 672 Moliriquesuis
554 603 692 655 letum
712 603 993 672 patruelibus
1013 623 1127 665 ausae
1145 641 1158 663 ,

171 682 371 733 Adsidue
393 695 628 751 repetunt,
653 703 761 751 quas
785 682 998 751 perdant,
1020 682 1198 732 Belides
1220 682 1374 731 undas.

172 765 303 830 Quos
330 785 482 815 omnes
506 766 596 816 acie
621 778 862 833 postquam
886 765 1091 815 Saturnia
1110 777 1234 815 torva

170 847 316 906 Vidit,
340 860 385 897 et
407 860 507 898 ante
526 867 679 898 omnes
703 849 887 907 Ixiona3

915 868 1070 899 rursus
1095 848 1149 897 ab
1174 847 1252 897 illo

172 929 394 997 Sisyphon
412 930 688 998 adspiciens;
716 953 740 974 «
766 932 862 980 Cur
883 931 955 980 hic
978 950 1001 979 e
1020 930 1233 979 fratribus
1247 968 1259 988 ,
1281 930 1430 996 inquit
1447 966 1459 988 ,
1528 943 1594 988 465

173 1034 199 1055 »
225 1013 465 1080 Perpetuas
488 1014 658 1080 patitur
679 1015 867 1081 poenas?
888 1013 1160 1062 Athamanta
1181 1012 1424 1079 superbum

172 1163 302 1192 tartara
317 1156 479 1193 detrusus
493 1160 644 1199 wls-cera}
667 1158 785 1204 jecur,
804 1161 852 1192 Ia-

174 1211 320 1250 munda,
341 1208 541 1245 devoranda
553 1237 564 1254 ,
579 1212 752 1255 prebebat
768 1209 853 1245 duo-

174 1261 237 1296 bus
252 1261 456 1297 vulturibus.
464 1262 609 1298 Jacebat
621 1269 740 1297 autem
753 1262 854 1298 humi

173 1321 365 1360 prostratus
377 1342 387 1360 ‚
412 1322 618 1360 vastumque
638 1315 714 1360 ejus
729 1327 854 1361 corpus

173 1377 304 1402 novem
319 1367 485 1414 jugerum
501 1367 652 1414 spatium
675 1367 852 1414 implebat.

217 1422 293 1467 457.
301 1422 479 1456 Disteams
490 1428 532 1468 τῷ
540 1423 723 1455 distractus
735 1421 854 1456 Hein-

173 1472 243 1508 sius
249 1472 402 1519 pretulit
410 1468 428 1508 e
437 1473 551 1519 primo
559 1472 735 1516 Mediceo,
742 1472 853 1510 Arou-

172 1526 312 1563 deliano
326 1535 363 1564 et
374 1527 510 1564 duobus
527 1528 609 1563 aliis.
636 1529 852 1564 Probaverat

173 1580 244 1624 jam
258 1579 382 1617 Const.
393 1580 531 1617 Fan.ex
539 1580 648 1616 MSS.
660 1580 853 1616 nonnullis.

172 1648 216 1659 ·-
231 1631 382 1669 Codices
394 1632 507 1670 nostri
519 1632 641 1678 Regii,
658 1635 852 1668 distractus.

170 1702 216 1711 —
227 1686 405 1726 emendi,
423 1685 572 1721 verbum
582 1685 722 1731 elegans
734 1712 744 1730 ,
757 1684 853 1731 quod

172 1736 226 1777 de,
245 1737 352 1784 longo
380 1750 548 1785 agrorum
573 1745 687 1774 tractu
711 1738 853 1784 proprie

170 1797 378 1837 usurpatum
390 1817 401 1835 ,
425 1791 483 1826 hic
513 1790 556 1825 ad
580 1790 853 1836 amplitudinem

171 1843 326 1890 corporis
360 1843 607 1883 declarandam
642 1843 853 1878 translatum

173 1902 234 1932 est.
254 1894 378 1941 Virgil.
393 1902 430 1930 et
441 1895 558 1930 Tibul.
572 1895 610 1930 in
626 1894 691 1930 hac
706 1907 744 1928 re
755 1919 765 1937 ,
773 1908 853 1938 por-

171 1951 246 1992 rigi.
263 1947 447 1994 Heynein
462 1946 552 1981 libro
562 1947 680 1990 Anth.
697 1947 800 1992 Aust.
814 1947 830 1982 I
843 1974 852 1991 ,

175 2011 208 2044 p.
218 1997 282 2041 56,
296 2005 420 2033 monet
432 2025 442 2042 ,
458 1998 592 2045 Tityon
606 1998 831 2034 fuisse.heroa
847 2024 857 2043 ,

174 2051 274 2096 cuius
285 2051 429 2086 bustum
439 2063 569 2097 magno
578 2051 598 2086 s
595 2051 685 2086 uerit
701 2052 835 2088 ambitu
843 2079 854 2097 ,

175 2103 270 2140 etad
286 2103 381 2148 quod
398 2103 555 2138 vultures
574 2104 700 2139 versati
717 2104 798 2139 sint.
812 2123 856 2131 «-

181 2157 359 2196 Tantalus,
371 2155 470 2191 Jovis
485 2155 575 2192 filius
585 2183 595 2201 ‚
611 2157 682 2192 sive
695 2156 776 2202 quia
788 2157 858 2191 Jo-

176 2207 226 2242 vis
241 2219 368 2242 arcana
382 2208 596 2254 vulgaverat,
606 2209 677 2244 sive
688 2209 768 2254 quia
781 2208 857 2244 Diis

176 2260 269 2307 apud
279 2274 315 2296 se
329 2261 547 2298 coenantihus
557 2263 727 2308 Pelopem
744 2262 857 2298 filium

174 2320 314 2348 coctum
327 2322 548 2359 apposuerat,
561 2315 598 2350 in
609 2314 750 2350 inferno
763 2327 855 2359 eam,

175 2377 253 2412 quae
269 2365 326 2401 hic
341 2365 526 2412 attingitur
538 2392 548 2410 ,
563 2377 709 2412 ,poenam
725 2366 798 2404 luit.
813 2386 859 2393 —

175 2419 440 2463 Deprendunlur.
459 2418 638 2454 Gebhard.
667 2419 774 2465 Crep.
795 2420 854 2460 II,

179 2471 242 2514 15,
266 2470 433 2506 emendat
454 2473 693 2516 depredantur.
711 2489 757 2498 —-
777 2470 858 2506 Co-

176 2522 270 2561 dices
285 2521 395 2557 nostri
410 2523 534 2569 Regii,
561 2524 815 2568 deprenduntur.

220 2576 296 2621 459.
317 2575 442 2618 Urge-s,
460 2587 524 2619 pro
545 2575 653 2610 volvis
665 2601 675 2620 ,
693 2588 859 2622 magnam

177 2625 308 2661 indicat
318 2626 403 2669 vim,
415 2639 484 2672 qua
493 2627 617 2664 nititur
626 2634 749 2663 contra
761 2640 860 2663 onus.

179 2679 296 2723 Insra,
311 2678 422 2722 XIII,
442 2678 484 2712 25
496 2705 505 2721 ,
521 2691 640 2713 saxum
654 2693 754 2724 grave
768 2681 862 2725 ὄϊς]-

176 2732 267 2774 phoa
283 2735 385 2777 urget.
397 2749 439 2757 —
451 2733 629 2767 finiturum
641 2758 651 2775 ,
671 2731 862 2776 eleganter,

919 1157 1013 1204 quod
1032 1157 1092 1192 ubi
1108 1156 1240 1191 montis
1264 1168 1432 1191 cacumen
1460 1155 1571 1202 attigit
1588 1183 1596 1199 ,

919 1225 938 1247 e
951 1211 1112 1246 manibus
1129 1210 1284 1256 elapsum
1302 1210 1339 1244 in
1362 1209 1488 1244 vallem
1503 1209 1602 1244 redi—

919 1264 1013 1310 gitur
1028 1290 1038 1308 ,
1069 1263 1189 1302 denuo
1219 1261 1443 1297 volvendum.
1479 1260 1601 1296 Codex

920 1316 1051 1362 Regius
1075 1316 1105 1350 B
1131 1315 1235 1351 habet
1257 1317 1457 1357 rede'lumm;
1485 1314 1602 1349 nescio

917 1367 1037 1404 annon
1062 1368 1137 1403 haec
1163 1367 1266 1403 lectio
1286 1366 1329 1401 sit
1351 1366 1598 1413 praestantior;

915 1435 1001 1456 nam
1015 1434 1135 1456 saxum
1145 1419 1239 1465 quod
1252 1419 1421 1467 Sisyphus
1433 1419 1599 1466 urgebat,

916 1488 992 1510 non
1007 1474 1114 1509 modo
1131 1476 1265 1514 ruebat,
1296 1473 1357 1508 sed
1374 1480 1410 1508 et
1427 1473 1599 1509 continuo

915 1530 992 1562 ibat
1012 1533 1048 1562 et
1076 1528 1226 1566 redibat,
1251 1525 1345 1560 unde
1365 1551 1375 1569 ,
1393 1524 1599 1560 adversante

916 1580 1024 1616 etiam
1037 1578 1237 1615 doctissimo
1252 1577 1386 1624 Gierig,
1399 1577 1510 1613 nostri
1527 1576 1602 1613 Co-

917 1631 1195 1670 dicis'raedilurum
1211 1630 1437 1677 praetulerim.
1463 1631 1530 1664 Ed.
1557 1649 1600 1655 —

917 1686 1100 1731 Sisyphus,
1129 1698 1190 1719 rex
1213 1683 1399 1727 Corinthi,
1420 1683 1544 1718 astutia
1568 1690 1602 1718 et

915 1737 1106 1774 latrociniis
1121 1736 1275 1782 insignis.

962 1791 1038 1835 460.
1062 1793 1163 1826 Ixion
1173 1818 1182 1831 ,
1209 1803 1270 1825 rex
1286 1788 1484 1824 Thessaliae.
1500 1806 1544 1814 -—
1558 1789 1600 1822 Sc

917 1847 1066 1888 sequt'lur
1068 1843 1226 1887 fugitque
1241 1848 1363 1887 argute
1387 1840 1430 1875 de
1454 1853 1516 1884 eo,
1541 1841 1600 1885 qui

919 1895 963 1930 ad
982 1903 1098 1931 rotam
1115 1893 1271 1940 alligatus
1285 1892 1419 1928 assidue
1440 1892 1602 1927 volvitur.

920 1946 1090 1982 Similiter
1099 1946 1144 1980 ib.
1163 1948 1224 1990 175
1238 1970 1247 1988 ‚
1263 1951 1383 1990 argute
1395 1942 1439 1978 de
1451 1943 1601 1990 Sisypho

919 2012 1040 2034 saxum
1057 2001 1256 2043 voluerisque
1266 2002 1457 2042 petensque.

964 2052 1039 2096 462.
1055 2053 1216 2095 Repetere
1231 2062 1328 2084 nunc
1343 2056 1396 2084 est
1406 2076 1416 2093 ,
1436 2061 1526 2095 saepe
1544 2061 1604 2094 pe-

920 2111 995 2140 tere
1009 2130 1018 2148 ,
1037 2103 1132 2149 quod
1149 2102 1269 2138 docuit
1284 2101 1443 2137 Gronov.
1467 2100 1511 2135 ad
1529 2101 1602 2136 Se·-

921 2169 997 2191 nec.
1010 2155 1096 2190 OEd.
1111 2155 1152 2190 61
1168 2180 1177 2198 ,
1195 2160 1231 2189 et
1242 2153 1286 2188 ad
1303 2153 1410 2189 Herc„
1425 2153 1509 2188 Fur.
1529 2166 1602 2199 770·

921 2226 965 2234 —
978 2209 1137 2250 Belides,
1156 2207 1410 2252 quinquaginta
1424 2206 1504 2241 filiae
1521 2206 1602 2241 Da·-

922 2260 998 2301 nai‚
1016 2266 1140 2306 neptes
1161 2259 1249 2294 Beli.
1266 2259 1382 2294 Danai
1403 2259 1512 2294 frater
1538 2259 1602 2293 suit

921 2312 1096 2361 AEgyptus
1105 2338 1114 2356 ‚
1128 2311 1187 2357 qui
1201 2311 1349 2346 totidem
1362 2311 1482 2346 habuit
1493 2310 1582 2345 filios
1593 2338 1601 2353 ,

923 2380 1010 2412 quos
1034 2365 1262 2401 matrimonio
1280 2364 1344 2402 sibi
1370 2365 1508 2409 junctos
1531 2370 1605 2398 tru-

921 2419 1085 2455 cidarunt
1100 2417 1250 2454 Belides.
1323 2413 1331 2420 ⁸

967 2471 1042 2514 464.
1067 2467 1159 2505 Anti·
1176 2482 1289 2504 omnes
1312 2470 1456 2509 Ixiona,
1476 2481 1560 2503 nam
1581 2468 1608 2502 is

924 2522 1062 2558 Junoni
1086 2522 1159 2556 vim
1185 2521 1315 2556 inferre
1342 2520 1524 2562 voluerat;
1548 2520 1604 2555 illa

924 2588 1010 2610 vero
1039 2575 1174 2609 nubem
1204 2573 1237 2608 ei
1268 2572 1396 2618 objecit
1412 2599 1422 2614 ,
1454 2585 1606 2618 quacum

925 2628 1017 2663 coiit.
1029 2627 1125 2662 Hinc
1137 2625 1311 2672 intellige,
1330 2626 1383 2662 IX
1397 2651 1406 2669 ,
1428 2625 1500 2660 123.
1516 2643 1560 2651 —-
1575 2627 1611 2659 E

916 2677 1106 2722 fratribus,
1129 2689 1214 2712 nam
1233 2676 1403 2712 'Athamas
1419 2677 1528 2712 frater
1546 2676 1610 2710 Si-

928 2729 1030 2778 syphi
1041 2736 1126 2768 erat.
1135 2730 1362 2775 —Superbum
1372 2757 1382 2773 ‚
1404 2728 1615 2766 insolentem
