1832 3100
380 210 1110 258 METAMORPHOSEON
1145 215 1273 260 LIB.
1309 217 1380 261 ΙῙ.

1517 233 1596 278 Ῑ77

169 305 365 363 Circuit3
386 298 455 363 et,
480 303 672 371 nequid
695 303 961 353 labefactum
986 305 1158 354 viribus
1181 307 1301 370 ignis

167 390 378 447 Col-ruat,
404 386 607 456 explorat
629 407 639 436 :
661 406 758 454 quae
778 399 1020 455 postquam
1038 387 1163 438 firma
1177 427 1189 449 ,
1213 391 1370 457 suique

165 469 365 520 Roboris
387 489 484 519 esse
501 469 647 528 videt3
668 481 806 519 terras
820 508 831 529 ‚
850 470 1173 538 hominumque
1191 471 1370 521 labores

163 553 396 621 Perspicit.
419 553 621 602 Arcadiae
643 564 788 602 tamen
811 565 878 602 est
901 551 1146 621 impensior
1166 553 1234 602 illi
1534 570 1603 614 405

163 636 284 685 Cura
306 654 421 694 suae;
443 635 705 703 fontesque,
732 647 778 685 et
797 636 999 685 nondum
1018 636 1224 685 audentia
1247 636 1339 685 labi

160 715 367 766 Flumina
384 717 607 776 restituit3
634 718 709 766 dat
734 730 859 767 terrae
882 718 1102 780 gramina⁷
1124 718 1307 767 frondes

162 800 446 859 Arboribus3
471 799 684 868 laesasque
704 786 835 868 jubet
856 802 1115 850 revirescere
1139 801 1284 850 silvas.

157 949 342 994 videntur,
360 955 511 986 mortuae
527 949 621 985 sidus
634 950 738 986 Ursae
753 950 843 986 dica-

157 1009 244 1038 runt
256 1028 266 1047 ‚
282 1002 383 1048 cuius
399 1009 434 1038 et
449 1015 582 1037 nomen
597 1010 633 1038 et
647 1003 732 1038 situs
744 1029 754 1046 ,
772 1015 843 1048 quo

157 1066 344 1101 nunquam
357 1053 483 1090 occidit
495 1081 505 1098 ,
517 1055 641 1090 sabulae
653 1055 770 1090 locum
782 1055 844 1090 de-

160 1107 224 1142 dit.
249 1107 340 1142 Eam
365 1119 450 1142 vero
467 1106 598 1142 Graecis
623 1106 844 1142 decantatam

157 1159 263 1195 fuisse
276 1185 288 1204 ,
308 1159 457 1194 Pausan.
468 1171 502 1204 p.
518 1159 583 1193 603
595 1186 602 1198 ,
623 1158 738 1194 tradit.
755 1159 844 1194 Pri-

159 1223 240 1247 mus
259 1223 339 1246 eam
354 1210 551 1255 Aniethus,
575 1211 747 1257 Tegeates
764 1210 843 1247 his-

158 1263 332 1299 toriarum
345 1263 511 1309 scriptor,
516 1275 680 1298 narrasse
692 1263 841 1299 videtur.

158 1315 457 1363 Hyg.P.A,11,1
470 1321 556 1350 extr.
569 1315 653 1350 Post
663 1328 746 1350 eum
762 1316 842 1361 plu—

157 1367 260 1412 rimi,
274 1367 335 1403 sed
348 1379 477 1413 magna
488 1367 675 1408 varietate,
695 1368 841 1413 repetie-

155 1426 256 1464 runt,
268 1418 452 1462 Eumelus,
464 1417 698 1464 Pherecydes,
712 1419 816 1454 Asius
827 1446 837 1464 ,

157 1472 335 1509 Hesiodus
345 1498 356 1517 ,
371 1484 458 1518 quos
469 1471 630 1518 Apollod.
644 1471 762 1507 laudat
774 1499 785 1518 ,
803 1480 840 1508 et

156 1524 324 1572 Amphis,
338 1523 589 1560 comoediarum
604 1523 763 1570 scriptor.
785 1524 839 1560 Ex

155 1578 195 1613 iis
206 1603 218 1622 ,
229 1576 291 1623 qui
301 1582 456 1622 restant,
470 1575 550 1610 vide
559 1576 708 1612 Pausan.
721 1575 813 1611 VIII
825 1603 835 1620 ,

154 1637 187 1674 p.
203 1627 289 1670 603;
307 1626 470 1674 Apollod.
487 1627 565 1671 111,
577 1637 666 1671 v111,
687 1640 726 1670 2;
740 1627 836 1675 Hyg.

151 1678 244 1715 sabb.
271 1679 354 1725 176,
387 1692 469 1725 177,
497 1679 539 1714 P.
558 1678 603 1713 A.
622 1679 682 1723 ΙΙ,
706 1693 719 1713 ι
735 1705 745 1723 ,
775 1680 835 1715 ubi

152 1733 304 1769 diversas
315 1731 521 1768 traditiones
531 1731 679 1778 collegit.
690 1732 834 1777 Noster,

152 1786 212 1832 qui
220 1785 419 1822 Hesiodum
426 1786 577 1821 maxime
586 1792 755 1831 sequutus
761 1800 836 1822 esse

152 1839 312 1884 videtur,
329 1852 410 1875 eam
419 1840 556 1886 egregie
569 1840 769 1884 exornavit,
788 1847 835 1876 at-

152 1905 220 1939 que
231 1893 339 1928 etiam
349 1919 360 1937 ,
381 1893 419 1928 ΙΙ
435 1893 527 1928 Fast.
543 1893 697 1940 155-193
707 1919 716 1932 ‚
735 1899 833 1928 trac-

152 1944 331 1981 tavitHoe
338 1951 544 1980 commento
551 1944 834 1980 commodissime

152 1996 195 2031 ad
205 1997 270 2032 fab.
280 2009 352 2042 seq.
360 1996 670 2032 transit—Maenia
678 1996 761 2031 caelo
773 2003 834 2031 aut

152 2047 290 2083 mundo
305 2048 429 2084 tribuit
444 2048 584 2083 Lucret.
601 2047 833 2093 intelligitque

151 2105 324 2134 extremas
335 2099 462 2134 mundi
474 2112 568 2143 oras,
585 2106 645 2134 aut
654 2099 833 2134 mundum

151 2152 276 2197 ipsum.
293 2150 365 2187 Sed
382 2151 511 2187 Noster
526 2152 666 2198 proprie
682 2152 831 2198 accepit,

151 2214 230 2248 quae
241 2202 270 2238 si
281 2209 397 2238 esseut
405 2230 414 2248 ,
428 2204 546 2238 forent
558 2216 641 2238 sane
657 2204 832 2239 immenso

150 2254 302 2299 ambitu,
323 2254 419 2290 unde
435 2258 593 2300 ingentia.
610 2256 752 2291 Horum
768 2269 834 2292 cu-

149 2319 228 2341 ram
259 2308 402 2353 gerebat
432 2308 574 2354 Jupiter
597 2323 607 2352 ;
644 2309 760 2355 itaque
796 2316 832 2344 et

149 2373 247 2396 nunc
267 2373 309 2396 ea
333 2364 455 2396 circuit
473 2369 510 2396 et
531 2365 702 2406 explorat,
730 2375 831 2398 more

149 2411 322 2447 AEdilium
335 2438 346 2458 ,
363 2413 488 2459 quibus
506 2427 588 2449 cura
602 2414 832 2450 aedificiorum

148 2465 415 2510 commissa-est,
435 2473 470 2502 et
482 2474 540 2511 ut,
555 2469 602 2511 V,
622 2468 706 2512 360,
724 2468 830 2503 Pluto

148 2518 277 2554 Siciliae
286 2518 494 2554 fundamina
503 2546 513 2564 ,
527 2521 585 2555 ubi
597 2520 699 2556 simili
710 2533 829 2555 amore

149 2572 348 2618 corripitur.
365 2591 408 2599 -
417 2573 482 2607 Sui
487 2575 616 2608 roboris
627 2580 728 2608 erant
739 2600 749 2618 ,
766 2573 831 2608 ha-

148 2626 278 2662 bebant
303 2626 436 2672 justum
466 2627 595 2671 robur,
615 2626 830 2662 firmitatem.
840 2632 842 2635 “

147 2692 192 2705 ·-·
204 2680 386 2722 Hominum
399 2680 531 2713 labores
540 2705 550 2723 ,
566 2686 698 2725 segetes
717 2685 753 2713 et
766 2678 832 2712 alia

148 2738 263 2777 opera.
289 2732 343 2767 Ita
364 2731 521 2777 Plinius,
551 2732 680 2779 Paneg.
705 2732 765 2775 81,
788 2744 829 2774 2,

273 2793 378 2838 III.

902 952 1091 994 ,agrestium
1105 951 1210 983 labor.
1220 948 1317 993 Virg.
1336 947 1465 994 Georg.
1478 948 1506 991 Ι,
1519 948 1599 990 325;

910 1001 1053 1036 AEneid.
1070 1002 1124 1044 II,
1140 1001 1205 1035 305
1225 1010 1232 1032 ε
1250 1006 1328 1034 sala
1345 1004 1424 1034 loela
1439 1002 1597 1045 boumque

908 1057 1050 1088 labores.
1066 1054 1135 1089 Vir
1146 1053 1267 1088 doctus
1279 1079 1288 1096 ‚
1300 1053 1336 1087 in
1346 1052 1496 1098 Ephem.
1509 1053 1599 1087 liter.

909 1107 1071 1141 Norimb.
1097 1106 1261 1152 intelligit
1286 1106 1496 1140 calamitates
1522 1106 1596 1140 ho·-

908 1159 1049 1193 minum
1071 1171 1250 1204 perpessas
1271 1165 1307 1193 et
1328 1158 1495 1194 miserias.
1512 1160 1595 1193 Ve-

892 1254 894 1257 .
909 1224 991 1245 rum
1002 1223 1045 1246 eo
1056 1223 1159 1245 sensu
1172 1213 1304 1245 labores
1316 1223 1388 1244 non
1404 1236 1413 1253 ,
1430 1211 1495 1245 nisi
1508 1210 1595 1245 dum

908 1261 1141 1307 perferuntur
1151 1287 1160 1305 ,
1172 1261 1320 1307 perspici
1332 1269 1486 1306 possunt.
1501 1261 1593 1296 Rod.

906 1315 1023 1358 vertit,
1041 1316 1102 1349 der
1110 1316 1292 1349 Menscben
1307 1316 1481 1348 erlt'llenen
1491 1316 1597 1349 Scha-

909 1369 974 1401 deu
989 1393 999 1408 ‚
1024 1374 1148 1401 contra
1165 1366 1292 1412 linguae
1309 1378 1423 1400 usum.

954 1422 1031 1464 405.
1056 1421 1238 1465 Ρενεμιϊιῖ,
1259 1419 1406 1454 verbum
1421 1419 1503 1454 huic
1520 1419 1598 1455 loco

906 1470 1151 1516 aptissimum;
1176 1470 1305 1506 dieitur
1330 1470 1427 1505 enim
1458 1478 1498 1506 ut
1523 1484 1599 1506 no·-

906 1530 1020 1559 strum
1037 1521 1262 1568 bestkhlt'gen',
1281 1524 1323 1558 de
1338 1524 1378 1559 iis
1391 1525 1450 1570 qui
1466 1526 1600 1560 exami-

902 1584 992 1612 nant
1010 1577 1176 1621 aedificia,
1194 1578 1266 1612 vias
1281 1585 1316 1612 et
1327 1578 1402 1612 alia.
1421 1578 1511 1613 Vide
1525 1579 1596 1613 Er-

901 1629 993 1663 nesti
1014 1628 1160 1664 Clavem
1192 1628 1267 1664 Cic.
1291 1629 1326 1663 h.
1352 1643 1383 1664 v.
1413 1631 1593 1675 Persp1kl‘l.

901 1681 1115 1717 Damnanda
1144 1683 1247 1718 lectio
1264 1686 1432 1727 prospicit
1450 1710 1458 1724 ,
1486 1696 1594 1728 quam

901 1735 1004 1770 multi
1025 1734 1176 1787 Codices
1193 1737 1386 1782 praeserunt
1399 1763 1409 1781 ,
1427 1743 1463 1771 et
1482 1750 1590 1782 quam

902 1787 1027 1823 Douza
1042 1790 1242 1833 conjecerat
1255 1816 1265 1832 ,
1285 1789 1365 1834 quia
1377 1802 1452 1824 non
1469 1803 1488 1824 e
1503 1790 1589 1824 caelo

899 1847 1042 1885 spectat.
1053 1858 1098 1867 ·—
1109 1841 1229 1876 Nostri
1247 1840 1397 1876 Codices
1414 1841 1516 1887 Regii
1527 1841 1590 1875 ha-

899 1892 987 1926 bent
1003 1895 1174 1936 perspicit.
1207 1911 1251 1918 —
1276 1893 1472 1927 Arcadiam
1489 1900 1591 1928 vocat

900 1956 998 1978 suam
1016 1970 1026 1984 ,
1054 1944 1200 1989 ejusque
1226 1956 1350 1978 curam
1376 1944 1592 1990 praecipuam

901 1995 1012 2041 gerit,
1047 1996 1129 2041 quia
1161 1996 1201 2030 in
1223 1996 1436 2041 Parrhasio,
1464 2005 1590 2033 monte

899 2047 1062 2083 Arcadiae
1078 2074 1088 2092 ,
1118 2055 1224 2084 natus
1249 2062 1269 2085 a
1293 2048 1413 2084 multis
1446 2050 1592 2085 sereba-

899 2108 978 2145 tur;
991 2114 1194 2148 quanquam
1208 2109 1245 2138 et
1264 2102 1453 2138 Cretenses
1469 2102 1504 2137 id
1517 2102 1590 2137 ho-

898 2155 995 2190 noris
1023 2155 1087 2190 sibi
1114 2155 1340 2191 vindicabant
1365 2169 1373 2191 :
1393 2155 1472 2191 vide
1496 2155 1589 2191 Cal-

898 2207 1089 2243 limachum
1103 2234 1113 2253 ,
1131 2207 1165 2243 h.
1178 2208 1259 2243 Jov.
1276 2209 1379 2252 4—10.
1398 2208 1480 2242 Hoc
1495 2221 1589 2254 quo-

899 2274 967 2306 que
993 2260 1184 2295 transitum
1209 2260 1362 2306 adjuvat.
1385 2279 1430 2287 —-
1447 2262 1586 2305 Impen—

898 2315 977 2353 st'or,
994 2313 1130 2358 major,
1148 2319 1184 2347 et
1202 2312 1343 2358 proprie
1360 2325 1442 2347 cura
1458 2311 1586 2347 dicitur

896 2366 1051 2408 impendi.
1073 2382 1118 2391 —-
1140 2366 1304 2400 Fontibus
1328 2371 1365 2399 et
1383 2366 1585 2409 fluminibus

897 2417 1095 2452 abundabat
1110 2417 1271 2461 Arcadia,
1284 2417 1367 2452 inde
1386 2421 1504 2466 εὕϋδρσς
1515 2415 1585 2451 dic-

897 2478 942 2505 ta.
966 2470 997 2505 E
1023 2470 1138 2505 fluviis
1164 2470 1314 2505 maxime
1335 2468 1581 2503 memorabiles

898 2523 1019 2558 Ladon
1037 2531 1073 2559 et
1091 2523 1342 2571 Erymanthus.
1369 2522 1469 2557 Bene
1486 2535 1580 2557 non-

898 2579 976 2611 dum
991 2578 1168 2616 audentia,
1185 2583 1353 2621 tanquam
1367 2575 1580 2618 animantia,

897 2641 974 2673 quae
995 2641 1030 2663 se
1047 2627 1304 2663 condiderant·
1295 2641 1331 2663 m
1350 2627 1481 2663 viscera
1497 2639 1582 2661 ma·-

898 2681 979 2723 tris,
997 2693 1084 2715 vers.
1104 2681 1177 2724 274.
1193 2680 1249 2714 De
1265 2682 1362 2721 labi,
1380 2678 1459 2716 vide
1476 2691 1579 2726 supra

897 2731 941 2766 ad
956 2731 1011 2767 hb
1032 2732 1178 2767 Metam.
1196 2732 1238 2776 Ι,
1262 2732 1333 2780 189.

1329 2808 1378 2835 12
