1832 3100
278 226 365 284 298

652 226 703 269 P.
745 226 976 272 OVIDII
1018 228 1325 279 NASONIS

277 318 429 381 Quum
445 316 571 386 fieret
592 319 734 384 paries
759 320 909 370 domui
924 323 1176 371 ‘communis
1198 323 1373 390 utrique
1393 344 1404 372 ι

273 394 327 443 Id
345 394 499 443 vitium
521 394 633 443 nulli
656 416 735 464 per
755 397 900 447 secula
921 398 1053 462 longa
1074 411 1274 449 notatum
1287 438 1299 458 ,

277 472 399 535 Quid
423 492 515 520 non
537 473 670 522 sentit
693 477 849 524 amor?
871 476 1003 542 primi
1028 477 1225 526 sensistis
1249 491 1464 539 amantes;

274 552 334 598 Et
355 550 476 598 vocis
497 550 661 600 fecistis
685 552 792 610 iter;
820 565 1011 620 tutaeque
1033 574 1113 621 per
1137 555 1248 605 illud

274 628 503 692 Murmure
520 627 748 694 „blanditiae
772 630 953 679 minimo
982 633 1166 682 transire
1189 633 1404 682 solebant.
1648 660 1691 696 70

275 703 397 770 Saepe
411 742 422 763 ,
449 717 500 754 ut
523 707 834 766 constiterant,
858 708 963 756 hinc
985 709 1179 769 Thisbe,
1205 711 1418 778 Pyramus
1440 710 1561 760 illinc
1577 748 1590 771 ,

272 781 412 847 Inque
436 781 572 831 vicem
596 783 739 833 fuerat
762 797 962 852 captatus
985 787 1209 837 anhelitus
1233 788 1349 846 oris;

277 880 299 899 «
326 859 476 907 Invide
492 897 503 917 ,
530 860 755 921 dicebant,
779 863 944 928 paries,
973 864 1081 930 quid
1102 866 1353 913 amantibus
1381 865 1569 914 obstas?

277 956 300 976 »
330 935 560 998 Quantum
584 950 697 996 erat,
722 951 774 987 ut
797 939 960 989 sineres
984 959 1067 989 nos
1092 952 1188 990 toto
1213 960 1396 1009 corpore
1416 940 1578 1007 jungi?

277 1034 300 1054 »
326 1012 420 1061 Aut
442 1014 530 1063 hoc
554 1015 591 1063 si
614 1015 798 1064 nimium
814 1054 825 1075 ,
849 1017 916 1065 vel
935 1017 990 1066 ad
1015 1017 1165 1066 oscula
1189 1017 1330 1066 danda
1352 1020 1550 1086 pateres!
1650 1031 1691 1077 75

277 1112 300 1132 >›
325 1091 416 1139 Nec
441 1110 592 1141 sumus
615 1092 779 1156 ingrati
798 1114 807 1142 :
828 1094 911 1143 tibi
934 1114 1018 1144 nos
1045 1095 1202 1145 debere
1223 1096 1433 1156 fatemur,

271 1226 408 1261 tertiam
426 1228 620 1262 amantium
636 1235 796 1274 notaret,
819 1229 893 1265 haec
906 1229 950 1265 de

269 1283 356 1314 rima
369 1280 524 1326 pluribus
538 1290 767 1328 persequutus
783 1290 844 1319 est.
859 1285 951 1319 Pro-

272 1334 424 1379 pertius,
449 1336 506 1377 II,
542 1348 616 1372 xnl
634 1363 644 1381 ‚
676 1351 714 1383 72
732 1350 740 1372 :
763 1352 851 1373 nunc
870 1341 954 1373 licet

265 1398 328 1428 per
341 1389 484 1421 rimosas
499 1391 627 1423 mittere
641 1392 742 1424 verba
746 1389 853 1433 fores.
878 1391 949 1425 Pro

275 1448 317 1470 eo
329 1437 457 1472 Noster
467 1452 548 1474 mox
560 1440 726 1484 jucunde,
740 1444 834 1476 vocis
831 1441 952 1485 facere

268 1491 340 1523 iter.
357 1505 401 1515 ·--
418 1490 465 1525 Et
478 1493 595 1526 ducere
608 1499 642 1526 et
660 1505 758 1536 agere
770 1496 887 1528 rimam
903 1494 951 1527 la-

273 1539 388 1574 tinum
407 1548 476 1582 est;
495 1542 574 1576 vide
594 1541 732 1577 Ciosan.

314 1591 367 1626 58.
393 1594 486 1635 Quid
496 1606 562 1627 non
578 1597 683 1627 sentit
694 1607 799 1628 amor.
813 1595 952 1629 Paren-

273 1644 376 1679 thesis
393 1653 462 1688 est,
479 1646 653 1681 rationem
667 1647 870 1691 continens,
888 1660 950 1682 cur

273 1702 429 1731 amantes
451 1698 555 1742 primi
579 1699 707 1733 rimam
729 1698 824 1733 illam
846 1706 950 1734 nota-

271 1747 352 1782 rint.
371 1749 536 1794 Virgilius
551 1749 594 1784 de
611 1750 768 1784 Didone:
783 1750 951 1794 (lm'sfal-

271 1801 338 1833 lere
353 1803 466 1844 possit
487 1806 661 1836 amantem.
686 1801 753 1836 Ed.
775 1819 820 1830 -ι
846 1804 955 1836 Primi

271 1854 436 1887 sensisttlc.
455 1851 604 1898 Elegans
621 1860 656 1888 et
668 1860 761 1888 certe
776 1852 949 1888 Ovidiana

272 1903 447 1948 repetitio,
461 1904 672 1939 mendosum
683 1912 801 1939 autem
812 1911 848 1939 et
858 1905 951 1939 iners

271 1957 407 1990 maisit:
415 1956 508 2002 quod
519 1957 648 1992 habent
656 1959 765 1993 nostri
773 1958 951 2003 RegitEd.

315 2007 369 2055 69.
386 2009 436 2042 Et
446 2013 539 2044 vocis
542 2010 682 2054 fecistis·
690 2015 773 2054 1‘ler;
790 2010 867 2045 vide
883 2023 951 2044 no·-

273 2066 345 2093 tam
363 2060 405 2094 ad
421 2061 474 2095 65.
497 2063 598 2097 Vocis
611 2062 741 2097 habent
756 2063 865 2098 nostri
883 2062 951 2096 Re-

274 2112 329 2157 gii.
355 2113 521 2149 Heinsius
543 2129 584 2149 ex
607 2116 779 2151 Urbinate
793 2141 803 2159 ‚
824 2116 856 2150 T
883 2122 950 2150 eat.

273 2170 307 2198 et
323 2164 434 2206 tribus
448 2166 520 2201 aliis
534 2168 663 2212 accepit
673 2171 758 2204 voci.
773 2186 818 2195 --·
863 2173 947 2208 μίαν,

274 2228 350 2260 quae
365 2229 437 2250 non
449 2217 742 2263 interciperentur
755 2245 764 2262 ‚
782 2226 821 2254 ut
831 2219 948 2254 literae.

272 2286 316 2293 -
330 2268 483 2302 Murmur
494 2269 650 2304 solemne
668 2270 710 2305 de
727 2271 903 2306 submissis
915 2278 950 2306 et

273 2318 408 2354 lenibus
436 2322 630 2355 amantium
657 2322 965 2356 confabulationi-'

272 2371 345 2406 bus.
357 2370 432 2406 Art.
443 2372 558 2408 Amat.
568 2373 613 2412 11,
629 2374 703 2417 723,
712 2387 949 2408 murmuramu-

275 2425 349 2457 bile.
366 2441 411 2450 —-
424 2426 567 2459 Minimo
579 2432 615 2461 et
628 2426 670 2460 83
680 2438 784 2469 parvo
795 2452 805 2467 ,
825 2432 863 2460 ut
878 2427 947 2470 XI,

278 2475 336 2521 187
351 2500 360 2518 ,
379 2489 445 2509 vox
451 2489 568 2520 parva.

320 2540 336 2571 7
343 2540 356 2561 1
363 2552 370 2560 .
383 2528 438 2562 Ul.
448 2528 602 2562 Praestan
607 2528 673 2563 tius
680 2541 784 2573 quam
791 2528 948 2574 ubiquod

274 2576 379 2613 habet
395 2577 516 2614 Codex
528 2587 646 2615 noster
656 2580 698 2614 Β.
712 2582 777 2615 Ed.
793 2599 836 2606 —-
848 2582 949 2625 Inque

273 2634 379 2665 vicem
390 2659 398 2673 ‚
420 2646 483 2677 pro
498 2646 568 2678 quo
585 2635 687 2669 ambo
702 2633 850 2669 Codices
866 2647 949 2670 nos-

274 2682 333 2726 tri,
351 2686 450 2718 vices.
459 2703 500 2710 —-
511 2687 674 2729 Captalus
689 2688 856 2720 anhelitus
869 2689 948 2721 ortlr.

274 2734 365 2771 Rod.
388 2737 503 2783 Beyde
521 2741 724 2783 gegenseuzg
745 2740 809 2774 den
824 2739 948 2775 Albem

1013 1232 1103 1265 ihres
1119 1231 1263 1265 Mundes
1279 1232 1470 1274 hasungen.
1490 1228 1573 1264 Nou
1590 1228 1692 1264 bene.

1014 1282 1195 1317 Anbelitus
1211 1284 1279 1316 oris
1299 1288 1351 1315 est
1367 1281 1481 1326 ipsum
1499 1279 1584 1315 illud
1603 1293 1693 1314 mur—

1014 1345 1089 1366 mur
1098 1335 1268 1367 minimam
1279 1359 1287 1373 ‚
1311 1331 1344 1367 id
1349 1345 1416 1378 que
1428 1334 1629 1378 captabatur
1636 1343 1694 1366 au-

1013 1385 1118 1420 ribus.
1136 1384 1283 1419 Her-oid.
1295 1396 1358 1420 :ux
1371 1411 1382 1428 ,
1405 1385 1446 1419 53
1458 1410 1468 1428 ,
1482 1388 1619 1428 captare
1633 1396 1692 1417 νο-

1012 1450 1068 1472 ces
1077 1439 1234 1479 auribus;
1254 1436 1310 1471 111
1324 1461 1333 1479 ,
1352 1448 1393 1470 ex
1403 1436 1442 1471 P.
1457 1435 1522 1480 lv,
1539 1449 1600 1483 19,
1617 1447 1694 1480 cap-

1012 1496 1086 1526 tata
1095 1505 1159 1536 per
1170 1504 1290 1526 aurem.
1308 1508 1352 1518 —-
1368 1492 1502 1526 Invidia
1517 1490 1694 1535 eleganter

1012 1543 1178 1577 tribuitur
1193 1543 1295 1578 rebus
1311 1542 1474 1577 inanimis
1485 1569 1495 1586 ,
1518 1554 1594 1587 quae
1609 1553 1694 1586 pro-

1012 1594 1135 1628 hibent
1159 1594 1288 1639 aliquid
1313 1593 1400 1628 fieri.
1436 1594 1494 1628 Sic
1516 1593 1605 1628 libro
1636 1593 1669 1628 X
1681 1619 1690 1632 ‚

1012 1645 1075 1688 642
1089 1671 1099 1688 ,
1117 1646 1253 1680 Detulit
1264 1658 1364 1685 aura,
1376 1658 1493 1689 preces
1507 1647 1558 1679 aa'
1567 1657 1693 1680 menon

1011 1698 1128 1730 inm'da
1144 1698 1309 1739 blandas5
1332 1696 1380 1731 sic
1396 1696 1497 1730 Rem.
1512 1696 1592 1730 Am.
1610 1695 1689 1739 103,

1013 1749 1129 1782 durum
1145 1750 1244 1782 limen
1254 1775 1263 1786 .
1291 1747 1385 1792 quod
1403 1747 1552 1782 excludit
1568 1759 1693 1781 aman-

1014 1807 1108 1841 te1n;
1128 1806 1162 1834 et
1180 1799 1256 1834 Art.
1275 1799 1393 1833 Amat.
1409 1799 1466 1834 III
1481 1825 1490 1843 ,
1514 1801 1597 1842 150,
1614 1813 1693 1834 cru-

1012 1855 1098 1887 delis
1124 1853 1247 1897 janua.
1292 1853 1508 1898 Plerumque
1537 1852 1692 1887 acerbius

1014 1912 1171 1940 amantes
1187 1905 1223 1939 in
1242 1904 1415 1949 ejusmodi
1441 1904 1614 1939 obstacula
1634 1905 1693 1938 in-

1013 1958 1141 1993 vehere
1158 1957 1294 1998 solent;
1322 1957 1383 1992 sed
1405 1956 1516 1991 nostri
1537 1963 1692 1991 amantes

1013 2010 1146 2045 leniore
1157 2016 1239 2044 sunt
1250 2009 1409 2054 ingenio,
1427 2007 1521 2054 quod
1534 2015 1570 2043 et
1578 2008 1691 2053 ipsum

1009 2074 1074 2099 'eos
1089 2062 1326 2098 commendat.

1061 2117 1111 2162 74.
1133 2118 1312 2159 Quantum.
1343 2112 1464 2149 Codex
1486 2112 1616 2159 Regius
1637 2111 1690 2155 B,

1012 2172 1145 2212 quanto.
1168 2169 1335 2210 Quantum
1351 2170 1440 2205 erat,
1461 2177 1527 2198 vox
1543 2176 1667 2199 eorum
1678 2189 1689 2207 ,

1014 2219 1073 2263 qui
1088 2231 1164 2253 rem
1181 2230 1322 2263 parvam
1339 2230 1410 2251 esse
1429 2215 1549 2251 dicunt
1560 2241 1570 2259 ,
1597 2215 1691 2250 Ger-

1013 2270 1147 2305 manice
1162 2283 1227 2304 was
1243 2269 1357 2304 maer-'s
1370 2270 1458 2303 dem:
1473 2269 1590 2309 ἰιι-λῃ·
1605 2266 1690 2301 Gal-

1012 2323 1075 2357 lice
1097 2335 1159 2368 quc
1176 2322 1244 2356 t'ert
1261 2323 1491 2357 cameron-il?
1512 2319 1571 2354 sed
1589 2331 1662 2353 non
1678 2345 1688 2363 ,

1012 2376 1092 2419 quel
1107 2376 1254 2408 bonheur
1272 2386 1310 2407 ce
1324 2371 1448 2406 serait!
1476 2370 1542 2405 Ed.
1565 2389 1611 2397 —-
1630 2371 1694 2405 Ad

1012 2428 1130 2460 oscula
1146 2427 1269 2460 danda.
1287 2424 1387 2459 Idem
1410 2422 1532 2458 Codex
1547 2423 1577 2458 B
1593 2449 1603 2468 ‚
1630 2435 1690 2457 os-

1012 2480 1091 2511 cula
1104 2479 1199 2519 sola,·
1217 2489 1289 2510 non
1306 2475 1396 2510 male
1414 2482 1520 2510 certe.

1025 2567 1027 2569 ,
1059 2530 1108 2575 76.
1124 2530 1192 2563 Nec
1207 2542 1329 2563 smnus.
1349 2524 1517 2563 Edidera‘t
1531 2526 1587 2562 Cl.
1607 2528 1687 2561 Gie-

1012 2584 1064 2625 rl'g
1073 2594 1137 2615 nec
1147 2584 1251 2615 simus
1261 2593 1272 2623 ,·
1287 2580 1346 2616 sed
1359 2580 1471 2615 multo
1481 2578 1687 2615 convenien-

1013 2634 1079 2668 tius
1093 2640 1208 2668 metro
1219 2659 1228 2676 ,
1241 2646 1324 2668 nam
1336 2636 1441 2667 simus
1453 2638 1569 2677 peccat
1578 2656 1587 2674 ‚
1605 2642 1687 2665 nos—-

1013 2684 1059 2719 tri
1075 2685 1176 2730 Regii
1187 2685 1317 2720 habent
1329 2697 1434 2731 quam
1445 2683 1604 2718 dedimus
1616 2681 1687 2716 lec--

1014 2738 1159 2774 tionem.
1176 2739 1241 2773 Ed.
