1832 3100
340 266 1027 321 METAMORPHOSEON
1065 268 1193 314 LIB.
1235 270 1327 314 IV.

1457 269 1543 313 315

135 391 158 412 ³>
182 369 246 419 Et
269 378 462 416 tua'cum
487 364 609 412 duris
632 362 864 411 venatibus
889 362 981 411 otia
1001 361 1147 410 misce.
1178 384 1200 404 »

132 447 224 496 Nec
244 434 437 512 jaculum
460 441 616 500 sumit,
639 460 720 490 nec
743 441 885 508 pictas
909 438 985 488 illa
1005 439 1257 507 pharetras3

131 524 223 572 Nec
246 540 324 570 sua
348 538 448 568 cum
472 519 595 567 duris
619 518 853 568 venatibus
879 518 970 566 otia
989 514 1161 567 miscet.

130 598 219 648 Sed
239 596 374 646 modo
397 596 520 662 fonte
545 616 627 644 suo
650 596 874 644 formosos
897 594 1063 663 perluit
1084 607 1205 648 artus
1226 614 1236 653 ;

1488 609 1551 643 310

129 676 253 743 Saepe
276 674 511 742 Cytoriaco
535 673 715 723 deducit
733 673 908 741 pectine
929 673 1098 731 c1·ines;

128 757 189 805 Et
207 752 316 822 quid
341 772 386 802 se
410 753 582 811 deceat,
606 764 823 820 spectatas
848 750 1044 801 consulit
1065 750 1218 800 undas.

128 834 259 882 Nunc
280 831 819 899 perlucenti.circumdata
841 849 1004 896 corpus
1029 828 1190 878 amictu
1206 866 1218 886 ‚

127 907 348 959 Mollibus
371 920 447 958 aut
469 907 590 958 foliis
603 946 615 967 ‚
639 919 716 958 aut
733 906 948 957 mollibus
971 906 1154 955 incubat
1174 903 1339 953 herbis.
1478 908 1490 936 ¹

129 972 254 1057 Saepiz
273 987 382 1052 legit
402 987 536 1037 flores
558 1007 568 1036 :
586 999 631 1036 et
655 999 761 1036 tunc
788 1004 969 1054 quoque
990 984 1103 1032 forte
1124 981 1300 1045 legebat
1317 1018 1329 1041 ‚
1489 996 1554 1031 317.

129 1067 283 1132 Quum
305 1085 494 1133 puerum
516 1065 654 1124 vidit;
680 1066 912 1132 visumque
932 1062 1100 1130 optavit
1117 1061 1293 1110 habere.

129 1145 223 1194 Nec
246 1156 391 1194 tamen
414 1155 515 1193 ante
539 1144 670 1203 adiit,
696 1144 779 1193 etsi
800 1142 1071 1211 properabat
1094 1140 1213 1189 adire
1227 1177 1239 1198 ,

130 1222 278 1286 Quam
302 1241 349 1271 se
371 1222 627 1289 composuit
643 1259 655 1280 ‚
683 1227 812 1288 quam
839 1219 1152 1287 circumspexit
1172 1217 1356 1268 amictus
1371 1254 1383 1275 ,

130 1300 191 1348 Et
214 1299 343 1349 finxit
360 1299 560 1360 vultum3
587 1313 631 1348 et
650 1301 812 1349 meruit
834 1299 1028 1349 formosa
1048 1297 1198 1346 videri.

131 1446 253 1470 earum
260 1446 280 1469 a
290 1441 394 1480 poeta
402 1440 620 1480 repetuntur.
627 1451 672 1461 ·—-
682 1435 810 1469 Pictas.

133 1485 224 1526 Vide
241 1486 286 1521 ad
313 1487 350 1523 Π
362 1513 372 1530 ,
398 1487 473 1530 4²¹·
489 1486 585 1522 Male
602 1486 704 1522 Rode
723 1499 732 1522 ε
746 1489 810 1520 den

127 1541 316 1583 gemablleu
342 1541 500 1575 Koecbet.
523 1558 568 1566 --
581 1541 718 1580 Durus,
750 1539 811 1584 qui

130 1592 290 1627 membra
308 1591 396 1627 dura
419 1592 535 1628 reddit
550 1618 560 1636 ,
580 1593 784 1628 corroborat
798 1619 808 1636 ,

127 1650 168 1678 ut
181 1645 298 1679 duma
312 1657 395 1688 opus
408 1648 616 1679 rusticorum.
628 1645 676 1679 H.
690 1645 711 1679 l.
728 1658 811 1680 cum

129 1703 289 1742 respectu
312 1696 426 1732 mollis
454 1697 553 1740 vitae,
570 1697 627 1732 cui
644 1697 811 1744 Nympha

128 1747 341 1794 indulgebat.
348 1750 580 1785 —Moecemus
589 1762 642 1793 ea,
655 1762 731 1795 quae
746 1749 811 1784 in—

132 1801 385 1849 terrumpimus
395 1801 466 1836 aliis
474 1801 588 1836 rebus.
600 1801 691 1836 Plin.
703 1800 809 1845 vul,

131 1853 199 1901 Ep.
205 1865 304 1899 xxm:
315 1867 324 1889 ε
333 1856 505 1899 dtktinguo
510 1858 664 1900 graviora
673 1857 813 1890 lusibus.

170 1906 247 1941 311.
267 1906 454 1954 Cytoribw.
480 1905 603 1941 Codex
619 1906 752 1951 Regius
778 1906 811 1940 A

127 1959 232 2004 male,
250 1960 466 2006 &theream
477 1971 491 2003 ‚·
506 1959 631 1994 melius
641 1960 732 1994 soret
743 1961 812 2005 Cy-

129 2013 298 2051 theriaca,
320 2010 415 2056 quod
438 2010 583 2056 quidam
603 2010 735 2045 habent
748 2036 757 2053 ,
776 2017 813 2045 et

130 2063 199 2099 hoc
210 2088 220 2106 ,
236 2061 265 2098 si
281 2062 495 2108 acciperetur
510 2087 522 2106 ‚
540 2061 811 2108 intelligendum

129 2116 222 2151 soret
233 2114 413 2162 :pulchrm
431 2115 541 2161 qualis
557 2115 738 2151 Venerem
748 2115 814 2150 de·-

131 2176 236 2207 ceret.
251 2169 302 2205 At
316 2177 410 2206 certe
429 2182 513 2204 cum
538 2169 670 2206 Codice
698 2170 812 2217 Regio

130 2221 162 2257 Β
185 2220 375 2266 legendum
402 2223 577 2269 Cytoriaco
588 2249 597 2263 ,
626 2222 721 2267 quod
751 2235 812 2256 ex-

131 2271 234 2318 plicat
256 2273 366 2319 glossa
389 2274 619 2320 superscripta
643 2275 738 2310 inter
762 2275 813 2310 li—

132 2337 215 2360 neas
229 2338 238 2360 t
255 2327 371 2367 buxeo,
387 2330 467 2371 quia
476 2330 512 2361 in
527 2331 640 2361 monte
653 2329 714 2362 illo
723 2340 815 2362 cres-

131 2380 189 2412 cit.
215 2377 282 2414 Ed.
295 2396 341 2404 —
359 2379 543 2425 Cytborus,
567 2379 814 2426 Paphlagonia

131 2442 234 2466 mons
247 2457 258 2475 ‚
275 2431 367 2466 buxo
381 2431 574 2467 abundans.
601 2431 692 2467 Vide
716 2432 813 2479 Virg.

131 2481 263 2528 Georg.
281 2483 318 2518 ΙΙ
335 2509 345 2527 ,
367 2485 440 2531 437.
456 2503 500 2511 -
521 2485 691 2520 Formam
709 2492 813 2531 poeta

132 2541 236 2581 auget
251 2534 422 2578 colendo3
445 2537 585 2582 proprie
600 2542 720 2582 peclen
744 2540 811 2572 de-

131 2588 267 2621 ducitur
274 2599 339 2630 per
352 2590 479 2628 crines,
498 2588 560 2623 sed
584 2589 783 2635 exquisitius
802 2616 812 2634 ‚

128 2642 262 2684 pectine
285 2641 445 2674 deducere
477 2644 594 2676 crines.
623 2641 816 2687 Eleganter

135 2691 240 2727 etiam
254 2691 438 2728 Claudian.
455 2693 507 2736 X,
531 2706 591 2728 102
606 2719 618 2737 ,
637 2694 680 2729 de
694 2693 816 2730 Gratia

135 2743 286 2780 Veneris
296 2744 435 2791 capillos
446 2751 607 2790 pectente
618 2757 626 2779 z
641 2747 724 2779 Hoec
734 2759 815 2781 mor-

136 2809 175 2831 su
183 2802 352 2834 numerose·
357 2801 468 2834 densis
476 2802 600 2834 eburno
613 2800 815 2845 Mullfidum

874 1437 1053 1469 discrimen
1077 1437 1166 1468 aral.
1191 1450 1236 1458 —
1259 1432 1414 1465 Pectines
1439 1435 1558 1464 autem

874 1487 965 1522 radii
991 1485 1127 1522 textorii
1155 1484 1237 1531 (VI
1251 1509 1262 1527 ,
1292 1480 1382 1527 132)
1411 1488 1446 1517 et
1466 1481 1557 1516 tibiae

876 1542 1003 1587 (supra
1014 1565 1024 1583 ,
1044 1552 1146 1574 versu
1163 1535 1236 1583 30)
1251 1535 1527 1572 conficiebantur
1538 1547 1558 1569 e

874 1593 976 1628 buxo.
992 1611 1038 1618 —
1057 1593 1151 1636 Quid
1161 1603 1199 1626 sc
1215 1591 1334 1625 deceat
1343 1615 1353 1630 ,
1378 1586 1558 1634 quomodo

875 1654 911 1682 et
926 1647 1041 1682 vultus
1058 1644 1244 1692 fingendus
1263 1650 1299 1678 et
1313 1649 1426 1677 vestes
1450 1652 1555 1676 com-

875 1701 1049 1747 ponendae
1065 1701 1154 1743 sint,
1173 1706 1212 1735 ut
1228 1698 1333 1734 decor
1348 1696 1447 1732 adsit.

918 1754 994 1789 313.
1005 1754 1340 1788 perlucentiamictu.
1352 1749 1476 1784 Amor.
1487 1747 1557 1789 111,

875 1817 891 1839 1
901 1831 910 1848 ,
921 1817 943 1852 9
954 1832 963 1848 ,
974 1807 1080 1839 vestis
1088 1807 1297 1843 tenurlrsima,
1313 1804 1426 1836 cultus
1434 1812 1557 1833 aman—

875 1860 939 1897 tis,
959 1868 1088 1901 nempe
1104 1853 1313 1901 bombycina
1341 1859 1402 1886 aut
1424 1850 1532 1886 serica
1546 1875 1556 1891 ‚

878 1920 946 1952 qua
962 1907 1154 1942 tralucebat
1168 1916 1269 1946 caro,
1295 1914 1372 1947 quae
1399 1900 1561 1937 denuda·

876 1960 935 1993 bat
948 1958 1118 1993 soeminas.
1147 1955 1239 1990 Plin.
1267 1955 1360 1990 Hist.
1378 1954 1460 1990 Nat.
1479 1952 1534 1987 VI
1547 1978 1557 1994 ‚

881 2026 918 2057 17
937 2027 946 2055 ς
975 2012 1048 2055 XI,
1070 2011 1123 2046 23.
1138 2028 1184 2038 —-
1201 2012 1340 2055 Corpus.
1365 2006 1560 2049 Nonnulli,

870 2069 1002 2108 pectus,
1013 2071 1053 2099 ut
1059 2063 1161 2099 fascia
1170 2059 1561 2108 intelligatur.—-Nostri

877 2119 980 2166 Regii
990 2119 1122 2154 habent
1132 2130 1261 2163 corpus.
1267 2134 1312 2142 —-
1321 2116 1485 2151 Mollibus
1494 2120 1562 2148 etc.

879 2172 1007 2208 Anacr.
1023 2171 1089 2216 IV,
1109 2185 1122 2206 1
1138 2164 1222 2207 :fiori
1230 2175 1391 2221 μυρσίναις
1401 2175 1559 2219 τερειναῖς,

876 2218 941 2261 P'Jael
951 2230 1091 2264 λωτίναις
1104 2228 1136 2260 δὲ
1152 2230 1253 2263 ποίαις
1267 2225 1446 2274 Στορὲσας.-
1453 2222 1561 2265 Quum

871 2290 1009 2321 puerum
1025 2284 1090 2313 etc.
1106 2278 1176 2312 Hic
1190 2289 1310 2312 versus
1322 2302 1332 2320 ,
1348 2276 1424 2311 sine
1439 2286 1540 2309 causa
1551 2300 1561 2316 ‚

878 2338 955 2366 erat
970 2337 1149 2377 suspectus
1168 2329 1330 2365 Heinsio.

924 2384 963 2418 31
972 2397 1001 2429 7.
1025 2385 1098 2419 Nec
1113 2388 1226 2418 tamen
1245 2386 1324 2417 aule
1338 2382 1427 2415 adii!
1437 2385 1502 2414 etc.
1520 2378 1567 2413 Et

878 2436 946 2471 hoc
961 2448 1043 2470 vere
1061 2448 1080 2470 e
1098 2435 1256 2469 moribus
1275 2428 1351 2468 taliis
1368 2430 1503 2478 puellae.
1520 2449 1564 2457 —

881 2489 1082 2532 Compoucre
1097 2494 1133 2522 et
1146 2489 1346 2537 περιστέλλειν
1358 2510 1368 2528 ,
1396 2484 1564 2518 decenter

879 2552 1020 2583 ornare,
1033 2546 1144 2574 vestes
1157 2539 1194 2573 in
1210 2537 1373 2572 ordinem
1389 2533 1559 2580 redigere.

880 2590 1018 2625 Eodem
1033 2589 1141 2624 modo
1165 2589 1256 2624 Plin.
1276 2587 1343 2631 IV,
1361 2586 1428 2632 Ep.
1446 2596 1496 2629 11,
1515 2584 1536 2619 3
1551 2597 1560 2618 ε

880 2645 1062 2687 Postquam
1084 2655 1123 2676 sc
1148 2642 1337 2686 composuit
1352 2644 1395 2674 >et
1418 2641 1563 2674 circum—-

880 2698 993 2739 spexit
1006 2696 1157 2729 habitum
1171 2706 1277 2728 suum.
1292 2691 1453 2728 Similem
1467 2689 1563 2726 enim

880 2758 1001 2782 curam
1027 2745 1166 2781 ornatui
1196 2744 1450 2792 impendebant
1472 2755 1559 2777 ora-

880 2806 974 2836 tores
991 2799 1033 2835 ad
1054 2798 1246 2836 dicendum
1263 2796 1445 2844 prodituri.
1471 2795 1565 2830 Hinc
