1832 3100
319 202 1010 248 METAMORPHOSEON
1048 206 1177 251 LIB.
1217 207 1337 252 VII.

183 297 291 362 Quo
309 296 442 346 simul
462 295 715 359 adscendit,
735 295 993 364 frenataque
1017 299 1130 348 colla
1153 300 1397 351 draconum

1456 206 1543 267 493

1479 326 1545 350 220

119 373 356 424 Permulsit
370 412 383 434 ‚
405 373 702 442 manibusque
723 374 840 424 leves
861 375 1042 439 agitavit
1064 377 1285 437 habenas;

41 450 44 451 ⁷
118 451 333 501 Sublimis
354 443 552 519 rapitur:
573 451 836 519 sublataque
858 451 1071 502 Thessala
1092 453 1260 521 Tempe

117 527 320 597 Despicit
333 566 345 587 ,
366 529 534 578 OEtaeis
554 529 814 593 regionibus
838 529 1030 596 adplicat
1051 549 1218 593 angues
1236 553 1246 579 .-

116 606 179 654 Et
201 624 310 672 quas
333 605 452 655 Ossa
471 605 599 665 tulit,
622 626 820 674 quasque
845 606 960 656 altus
984 607 1143 656 Pelion
1164 608 1350 669 herbas,

100 681 401 750 'Othrysque‚
426 683 709 751 Pindusque,
732 697 777 734 et
799 684 943 733 Pindo
965 685 1104 750 major
1129 684 1350 753 Olympus
1366 724 1379 745 ‚

1480 702 1546 737 225

115 760 360 828 Perspicit:
381 773 425 810 et
444 760 607 828 placita
627 762 788 829 partim
812 763 958 811 radice
981 761 1177 821 revellit;

115 837 284 888 Partim
306 839 493 888 succidit
513 840 762 890 curvamine
774 839 906 890 *falcis
926 841 1087 890 ahenae.

115 914 265 965 Multa
288 936 468 984 quoque
491 917 687 984 Apidani
710 917 974 985 placuerunt
997 918 1193 981 gramina
1210 918 1321 986 ripis
1336 956 1348 977 ‚

115 999 263 1049 Multa
287 1020 464 1068 quoque
488 1002 731 1070 Amphrysi
752 1022 762 1051 ε
786 1022 867 1051 nec
889 1022 984 1051 eras
1003 1001 1234 1061 immunis,
1255 1003 1430 1071 Enipeu
1451 1024 1462 1063 ;

115 1083 208 1131 Nec
230 1102 322 1132 non
343 1085 498 1151 Pcneae
513 1123 525 1144 ,
548 1105 628 1134 nec
650 1105 742 1134 non
765 1085 1055 1153 Spercheides
1077 1085 1205 1134 undae

1481 1103 1548 1138 230

117 1165 412 1217 Contribuere
433 1166 603 1235 aliquid
619 1207 630 1228 ‚
653 1169 926 1236 iuncosaque
948 1169 1079 1218 litora
1101 1170 1277 1218 Boebes.

158 1322 236 1346 πο.
257 1312 334 1356 Quo
347 1315 453 1347 simul
469 1319 535 1348 etc.
558 1312 699 1348 Medeae
718 1312 797 1348 iter.

114 1383 160 1393 -—
173 1367 363 1401 permulsit.
381 1366 564 1402 Dracones
578 1367 674 1402 enim
686 1393 696 1411 ,
711 1367 797 1413 qui-

114 1417 180 1452 hus
195 1417 244 1453 dii
258 1418 491 1465 hominesque
508 1419 688 1454 vehuntur
698 1445 707 1463 ‚
723 1420 798 1465 pla·

115 1469 184 1505 cidi
195 1470 444 1507 describuntur
455 1485 474 1507 a
483 1472 606 1518 poetis.
617 1472 740 1508 Barth.
752 1471 796 1506 ad

117 1521 303 1559 Claudian.
315 1524 420 1571 Rapt.
437 1524 455 1561 I
467 1552 477 1570 ,
499 1526 798 1572 13.—Suhlataqae

115 1575 347 1612 Burmannus
354 1590 397 1612 ex
406 1590 480 1612 uno
491 1577 723 1614 Gronoviano
739 1578 797 1613 de-

116 1627 191 1672 dit,
213 1635 254 1664 ut
270 1641 375 1664 versu
390 1629 459 1664 355
469 1655 480 1673 ,
501 1632 639 1665 sublata
652 1634 690 1665 in
704 1643 796 1665 aera.

117 1678 249 1716 Ceteri
265 1686 384 1716 tamen
399 1681 508 1717 MSS.
523 1681 655 1717 habent
667 1682 797 1726 sabjec-

114 1735 216 1777 taque
230 1759 240 1773 ,
272 1732 368 1778 quod
395 1732 624 1770 Burmannus
639 1734 796 1780 ,postha-

114 1783 219 1819 bebai
235 1791 407 1830 tanquam
421 1786 641 1831 superfluum
657 1813 667 1831 ‚
684 1799 796 1832 quum

113 1837 282 1881 despicere
297 1837 370 1883 jam
384 1838 557 1884 significet
579 1853 620 1873 ex
640 1839 710 1873 alto
733 1838 798 1872 de-

114 1898 271 1937 spectare
289 1892 444 1937 subjecta
461 1892 547 1926 loca.
568 1892 640 1927 Sed
657 1892 725 1927 hoc
745 1899 798 1927 est

116 1942 216 1979 nihili
235 1957 245 1978 ι
263 1943 356 1979 VIII
368 1970 378 1988 ,
400 1944 464 1990 573
476 1971 486 1989 ‚
510 1957 641 1990 equora
653 1948 797 1989 prospi-

115 2000 209 2032 ciens
234 2000 344 2033 oculis
362 1999 541 2043 subjecta5
566 2005 602 2033 et
627 1998 698 2034 hoc
721 1999 797 2044 ipso

116 2049 155 2085 in
170 2049 260 2085 libro
273 2077 283 2094 ,
315 2064 378 2099 ¹779
392 2077 403 2094 ,
430 2053 530 2086 collis
545 2052 708 2096 subjectis
724 2055 796 2086 im-

115 2105 327 2138 m'netmis.
341 2103 442 2149 Regii
453 2104 563 2138 nostri
574 2103 706 2138 habent
719 2106 798 2138 sub-

107 2155 218 2200 jecta.
232 2173 278 2182 —-
294 2157 470 2192 Thessala.
501 2156 679 2192 Thessalia
703 2157 798 2191 set-ax

115 2207 307 2244 herbarum
332 2217 587 2244 venenatarum
616 2216 652 2244 et
676 2210 797 2244 abun-

117 2259 205 2296 dans
222 2261 356 2307 magis3
375 2261 536 2297 Tibullus
549 2289 558 2306 ,
578 2262 637 2306 11,
656 2273 714 2306 ιν,
734 2262 798 2297 56:

117 2321 154 2349 et
168 2315 204 2350 in
222 2328 263 2350 ea
280 2322 374 2350 terra
390 2328 487 2351 nunc
505 2322 580 2350 erat
597 2315 738 2350 Medea.
752 2334 799 2342 —-

120 2367 265 2410 OEtmtm
292 2371 411 2403 cretes}
434 2367 602 2402 Heinsius
626 2367 770 2413 explicat
785 2394 795 2412 ,

117 2421 279 2466 cretosis,
302 2428 337 2456 et
352 2420 467 2463 addit,
484 2420 699 2455 Thessaliam
718 2433 798 2456 cre-

119 2479 163 2508 tae
177 2473 280 2508 fuisse
295 2473 551 2509 feracissimam.
569 2474 610 2508 M
615 2473 665 2507 ira
675 2481 794 2508 tamen

116 2525 205 2561 certi
213 2526 395 2571 cuiusdam
406 2526 471 2562 loci
481 2526 676 2572 descriptio.
687 2526 795 2562 MSS.

118 2590 244 2613 omncs
259 2586 387 2624 praeter
405 2591 517 2613 unum
529 2605 538 2622 ‚
559 2579 653 2614 unde
672 2580 796 2614 Hein—

117 2630 188 2665 sius
212 2630 317 2664 habet
345 2634 463 2665 creleis
479 2657 488 2670 ‚
518 2630 640 2676 legunt
668 2633 769 2665 cretis
785 2657 794 2672 ,

119 2682 213 2728 quod
232 2682 555 2728 interpretabantur
569 2682 624 2716 vel
635 2683 775 2717 secretis
785 2709 795 2726 ,

120 2734 174 2769 vel
189 2734 268 2770 visis
281 2761 290 2778 ,
306 2735 360 2770 vel
378 2734 543 2773 discretis.
560 2734 691 2780 Recepi
706 2734 798 2769 Bur-

858 1312 982 1347 manni
1005 1313 1248 1358 conjecturam
1261 1339 1271 1356 ‚
1294 1314 1439 1357 OEtaeis5
1458 1327 1544 1349 nam

860 1365 896 1399 in
905 1364 1037 1400 Codice
1046 1364 1383 1411 Rottendorphiano
1395 1366 1544 1413 adscrip-

859 1427 894 1454 ta
911 1426 987 1454 erat
1009 1419 1118 1465 glossa
1132 1445 1141 1462 ,
1162 1420 1233 1453 Isti
1251 1424 1378 1454 monles
1393 1423 1545 1454 ct'rcum—

857 1474 944 1506 dant
966 1473 1189 1506 Thessaliam.
1215 1471 1364 1506 Lenzius
1389 1472 1513 1507 suadet
1531 1499 1541 1516 ‚

862 1524 998 1557 Crethei
1010 1525 1200 1567 regionibus
1208 1549 1219 1564 ‚
1244 1522 1281 1557 id
1297 1530 1349 1557 est
1360 1549 1369 1566 ‚
1392 1524 1545 1559 Thessa-

857 1574 912 1609 liae
923 1601 933 1618 ,
951 1575 1031 1620 quia
1045 1576 1203 1609 Cretheus
1213 1582 1314 1621 pater
1323 1575 1477 1612 AEsonis.
1488 1578 1543 1612 Ita

857 1638 944 1660 vero
958 1626 1083 1672 ineptit
1093 1633 1196 1672 poeta
1208 1653 1218 1670 ,
1235 1625 1380 1672 despicit
1392 1628 1424 1662 T
1427 1627 1544 1663 hessa-

860 1678 944 1713 liam
970 1685 1007 1713 et
1038 1682 1157 1714 versus
1191 1679 1409 1714 Thessaliam
1435 1679 1546 1715 flectit

859 1743 1014 1766 currum.
1039 1731 1142 1776 Regii
1165 1731 1277 1766 nostri
1306 1730 1455 1767 Codices
1479 1732 1547 1767 ha-

858 1782 946 1817 bent
962 1786 1072 1818 cretis.
1092 1801 1137 1813 —
1151 1783 1327 1827 Adplicat.
1354 1784 1435 1819 Hoc
1456 1798 1544 1819 ver—

859 1837 946 1870 bum
975 1837 1117 1870 nonnisi
1143 1836 1323 1871 montibus
1347 1837 1515 1873 convenit
1532 1864 1544 1882 ,

862 1900 949 1932 quos
965 1887 1021 1922 illa
1041 1889 1115 1934 jam
1134 1888 1220 1933 petit
1237 1902 1246 1930 ;
1275 1896 1457 1934 sumptum
1473 1901 1544 1923 au—

860 1947 933 1974 tem
949 1952 969 1974 a
985 1941 1099 1975 nautis
1118 1954 1127 1975 :
1148 1940 1205 1975 111
1220 1967 1230 1984 ,
1249 1942 1324 1988 598.

906 1992 980 2027 225.
995 1995 1147 2028 Radices
1161 2006 1235 2027 non
1250 1993 1508 2038 spernebantur
1524 2008 1544 2029 a

861 2046 971 2092 magis
984 2072 993 2090 ,
1007 2059 1096 2081 vers.
1115 2047 1199 2091 2643
1219 2047 1346 2082 Horat.
1363 2047 1475 2093 Epod.
1494 2059 1517 2083 v
1532 2075 1541 2094 ,

860 2099 914 2134 68.
931 2117 977 2125 ——
995 2101 1130 2134 Falcem
1153 2102 1297 2136 ahenam
1322 2100 1446 2135 iisdem
1472 2101 1543 2135 tri-

860 2153 937 2188 buit
959 2154 1066 2188 etiam
1089 2153 1257 2199 Virgilius
1269 2179 1279 2197 ‚
1296 2153 1380 2189 AEn.
1397 2154 1455 2189 lib.
1474 2154 1541 2199 IV,

863 2208 927 2241 513
943 2221 951 2248 ;
969 2219 1118 2253 eamque
1130 2220 1149 2241 a
1160 2207 1333 2252 Sophocle
1346 2207 1475 2241 habere
1489 2207 1543 2241 vi-

861 2258 1009 2294 debatur
1019 2260 1178 2295 Macrob.
1190 2261 1237 2303 V,
1260 2272 1309 2306 ¹9·
1327 2260 1445 2294 Etiam
1455 2260 1543 2294 vasis

862 2320 898 2347 et
921 2313 1025 2348 armis
1041 2315 1161 2348 ahenis
1176 2313 1368 2347 utebantur
1384 2312 1422 2346 in
1439 2312 1544 2347 rebus

861 2366 1012 2412 magicis.
1030 2366 1117 2400 Mox
1132 2378 1235 2400 versu
1250 2366 1310 2411 247
1320 2391 1329 2408 ‚
1347 2366 1455 2399 AEnea
1469 2378 1545 2399 car-

861 2421 990 2454 chesia.

906 2471 980 2504 231.
993 2472 1118 2505 Boebes
1132 2470 1280 2504 correxit
1294 2468 1384 2504 Cod.
1396 2469 1540 2515 Regius,

863 2535 975 2568 quum
992 2525 1130 2557 Phoebes
1146 2521 1331 2567 legeretur.
1350 2522 1454 2556 Baebe
1474 2535 1545 2568 op·-

862 2576 986 2622 pidum
1004 2583 1040 2610 et
1067 2576 1159 2610 lacus
1176 2575 1269 2608 inter
1295 2574 1482 2621 Sepiadem
1507 2582 1543 2609 et

863 2628 975 2663 Penei
1003 2629 1098 2662 ostia.
1126 2628 1274 2661 Homer.
1301 2627 1339 2662 ll.
1363 2627 1394 2661 B
1413 2654 1422 2670 ,
1452 2641 1511 2672 7¹¹
1532 2640 1541 2661 :

863 2680 931 2714 vid.
950 2681 992 2715 Is.
1007 2679 1149 2714 Vossius
1159 2679 1202 2713 ad
1220 2679 1352 2715 Melam
1366 2706 1375 2723 ,
1394 2680 1430 2714 ΙΙ
1444 2706 1453 2723 ,
1472 2690 1518 2713 111
1530 2706 1540 2724 ,

865 2736 918 2770 82.
926 2754 970 2762 --
978 2736 1170 2777 Anthedon,
1186 2736 1268 2771 urbs
1279 2735 1314 2770 in
1324 2736 1426 2771 litore
1439 2736 1545 2771 Boeo-
