1832 3100
327 238 405 282 190

698 225 749 267 P.
791 225 1027 271 OVIDII
1065 227 1366 282 NASONIS

316 314 570 382 Auditaque
593 316 671 365 viae
695 336 826 366 causa
841 355 854 377 ‚
883 341 906 362 «
930 320 1034 368 Non
1057 320 1164 370 utile
1185 322 1353 388 carpis,
1416 358 1419 361 -

321 413 343 433 »
370 392 551 459 Inquit,
580 392 665 442 iter
685 413 694 441 :
717 413 772 443 ne
797 414 953 462 sperne
976 415 1081 446 meae
1103 400 1315 464 praesagia
1334 399 1508 463 linguae.

1664 417 1730 452 550

320 490 341 510 »
371 469 495 532 Quid
514 468 694 529 fuerim,
721 471 828 537 quid
851 472 1042 539 simque,
1065 474 1184 533 vide3
1209 475 1501 543 meritumque
1524 478 1726 545 require:

320 569 343 590 »
373 547 575 595 Invenies
598 548 801 597 nocuisse
824 549 953 598 fidem
975 570 986 599 τ
1009 570 1110 600 nam
1134 563 1328 619 tempore
1347 554 1539 620 quodam

318 646 339 667 »
368 622 512 672 Pallas
535 624 877 673 Erichthonium
891 664 903 684 ,
928 626 1100 692 prolem
1122 629 1215 677 sine
1238 642 1374 687 matre
1398 643 1583 680 creatam
1599 668 1614 690 ,

279 736 281 739 .
317 723 341 743 »
368 699 596 749 Clauserat
616 702 767 750 Actaeo
791 714 907 751 texta
929 703 981 752 de
1006 704 1166 752 vimine
1190 705 1324 765 cista;

318 802 341 823 »
370 779 720 846 virginibusque
745 780 889 828 tribus
904 818 915 839 ‚

308 920 446 966 κορὼνης.
473 915 601 949 Anacr.
626 914 680 949 IX
695 939 704 956 ,
731 913 784 948 36.
814 913 871 948 Cf.
895 914 987 949 Plin.

311 969 402 1004 Hist.
420 968 501 1002 Nat.
518 966 571 1006 X,
597 979 634 999 12
647 991 657 1009 ,
677 965 754 999 init.

352 1020 521 1067 549-595.
534 1019 611 1054 Non
624 1019 706 1052 utile
714 1020 824 1062 carpis
836 1025 900 1052 etc.
917 1018 986 1053 Ju-

308 1074 421 1110 cunda
434 1079 485 1108 est
495 1072 569 1107 haec
581 1070 696 1105 avium
709 1082 780 1105 una
790 1070 985 1106 volantium

306 1123 538 1162 confabulatio
549 1148 558 1166 ,
572 1122 715 1168 ejusque
729 1135 794 1168 ope
807 1122 891 1158 duas
906 1123 984 1158 alias

307 1176 438 1213 fabulas
458 1174 709 1221 cognoscimus.
738 1174 870 1210 Prioris
886 1176 984 1222 origo

307 1244 348 1266 ex
358 1229 503 1264 nomine
513 1228 587 1274 ipso
593 1227 784 1274 repetenda
792 1235 843 1264 est
851 1255 860 1272 ,
873 1242 984 1274 quum

306 1282 424 1318 cornix
436 1280 566 1315 Graecis
581 1281 691 1328 κορώνη
707 1279 891 1314 diceretur.
906 1281 983 1315 Non

305 1337 403 1374 utile,
431 1332 577 1367 noxium
588 1357 597 1374 ,
623 1330 734 1376 figura
749 1331 865 1366 litotes
876 1359 884 1373 ,
915 1345 981 1377 qua

306 1387 405 1423 amici
414 1384 651 1421 dissuadentes
667 1384 718 1418 uti
729 1384 852 1419 solent.
863 1402 908 1411 —·
925 1387 980 1419 Vi-

305 1441 365 1479 de,
389 1450 454 1471 vox
474 1448 620 1479 eorum,
639 1436 699 1481 qui
715 1435 878 1481 exemplis
895 1448 981 1471 mo-

305 1496 404 1526 nent.
411 1489 625 1529 -Men'tum,
640 1487 739 1532 culpa
750 1513 759 1530 ,
777 1493 956 1532 peccatum
972 1500 980 1523 ε

304 1543 372 1578 vid.
392 1541 432 1575 ad
454 1554 527 1588 279.
547 1557 592 1566 ·—
606 1541 743 1579 Fidem,
772 1551 840 1584 qua
863 1538 980 1574 dedita

305 1600 379 1630 erat
393 1592 576 1627 Minervae.
595 1589 792 1625 Commode
813 1589 980 1634 adspersit

304 1646 406 1680 aliam
432 1642 584 1678 fabulam
617 1641 739 1676 ‘similis
770 1642 979 1687 argumenti.

306 1701 431 1735 Cornix
441 1699 544 1741 pulsa
559 1698 664 1731 tutela
678 1696 843 1730 Mineruae.

345 1750 420 1784 553.
429 1750 551 1783 Pallas
560 1749 812 1782 Erichthonium
818 1746 977 1781 etc.Vul-

303 1813 408 1836 canus
415 1812 497 1834 cum
506 1798 669 1832 Minerva
679 1798 911 1833 concumbere
919 1810 976 1831 vo-

302 1854 376 1889 luit.
385 1852 455 1888 Sed
466 1864 579 1898 quum
586 1850 663 1885 Dea
673 1857 884 1896 repugnaret
893 1877 902 1894 ,
915 1864 977 1896 pu-

288 1912 292 1919 ·
302 1905 524 1948 dicitiamque
532 1901 736 1937 defenderet
746 1927 755 1946 ,
767 1901 975 1936 semenVul-

299 1957 377 1992 cani
393 1956 430 1990 in
449 1962 580 1990 terram
595 1952 723 1988 decidit
734 1979 744 1997 ‚
767 1953 862 1988 unde
879 1951 975 1998 pue-¹

300 2021 383 2043 rum
403 2014 527 2042 natum
544 2007 601 2041 ἐπὶ
617 2013 671 2046 τῆς
686 2009 782 2054 ’ἔριδος
804 2011 856 2040 καὶ
872 2007 976 2049 χθσυὲς

248 2099 254 2104 ‚
301 2062 338 2109 (a
360 2061 550 2097 certamine
572 2067 608 2094 et
629 2059 737 2102 terra)
763 2060 980 2093 Erichthonii

299 2126 433 2149 nomen
449 2112 589 2147 traxisse
605 2111 735 2146 dicunt.
762 2111 871 2145 Hunc
893 2111 974 2145 Mi-

299 2178 408 2201 nerva
426 2165 463 2198 in
487 2164 591 2205 cista,
618 2162 767 2197 dracone
794 2162 949 2207 apposito
961 2189 970 2207 ‚

298 2216 510 2255 servandum
532 2188 628 2249 dedit
646 2215 820 2260 Aglaum,
849 2215 973 2250 Hersae

297 2278 334 2305 et
342 2268 542 2311 Pandroso,
555 2266 720 2311 Cecropis
729 2266 879 2308 filiabus;
894 2279 972 2311 quae

300 2314 409 2368 quum
415 2320 534 2356 cistam
543 2318 767 2363 aperuissent,
771 2317 888 2351 cornix
894 2331 971 2352 rem

296 2372 479 2414 indicavit,
491 2370 551 2406 sed
562 2369 625 2404 ob
616 2376 792 2415 lngratum
803 2370 971 2404 nuntium

298 2425 406 2459 tutela
422 2423 594 2458 Minervae
610 2421 707 2467 pulsa
722 2428 782 2455 est.
809 2421 971 2466 Ineptam

295 2478 387 2512 hanc
402 2475 553 2511 fabulam
569 2472 796 2521 etymologica
817 2472 970 2507 nominis

298 2527 518 2563 Erichthonii
550 2525 791 2570 interpretatio
824 2525 968 2570 peperit.

296 2579 522 2623 Antiquiores
532 2584 671 2612 tantum
681 2576 830 2611 Vulcani
841 2583 876 2612 et
883 2577 968 2611 Ter-

296 2643 343 2664 rae
365 2630 478 2664 filium
502 2642 585 2664 eum
603 2628 770 2662 dixerant.
794 2627 836 2662 Id
861 2640 966 2673 quam

295 2681 388 2716 varie
403 2680 529 2715 deinde
546 2687 732 2714 tractatum
745 2679 789 2714 sit
800 2705 810 2723 ‚
826 2685 967 2724 apparet

295 2747 335 2768 ex
346 2733 465 2778 Eurip.
477 2733 555 2768 Ion.
570 2733 631 2778 267
648 2745 742 2778 sqq.;
758 2733 907 2767 Pausan.
926 2732 963 2777 1,

944 782 1117 843 gemino
1142 781 1195 831 de
1222 784 1417 850 Cecrope
1440 785 1576 844 natis,
1660 801 1727 836 555

1051 929 1084 960 p.
1100 917 1164 959 41,
1156 929 1164 937 ·
1184 916 1342 962 Apollod.
1355 917 1432 961 ΠΙ,
1449 929 1526 962 xrv,
1541 919 1580 960 63
1593 919 1727 967 Hygin.

1053 968 1094 1002 P.
1115 967 1724 1018 A.11,13;Fulgent.Myth.11,

1054 1020 1115 1062 143
1130 1018 1303 1076 Antigon.
1313 1020 1403 1055 Hist.
1414 1021 1497 1056 Mir.
1509 1035 1538 1056 c.
1546 1033 1622 1063 :1113
1640 1023 1728 1071 Ety-

1050 1071 1132 1105 mol.
1157 1072 1208 1107 M.
1228 1072 1265 1106 in
1282 1064 1439 1122 E’lpexeeu'e.
1462 1073 1564 1109 Adde
1589 1075 1723 1123 Heynii

1049 1124 1167 1168 Anliq.
1175 1123 1363 1168 Aassaetze
1378 1125 1418 1159 Ρ.
1431 1126 1460 1168 I,
1473 1139 1506 1170 p.
1519 1127 1572 1170 42.
1582 1125 1637 1161 De
1650 1127 1727 1163 Ce-

1047 1174 1159 1219 cropis
1171 1174 1303 1210 filiabus
1318 1200 1327 1218 ,
1345 1175 1422 1210 vide
1437 1177 1583 1212 Pausan.
1597 1190 1629 1223 p.
1641 1179 1724 1224 7.-

1045 1225 1165 1260 Aclaeo
1180 1232 1322 1261 ornatus
1340 1240 1439 1262 causa
1450 1226 1626 1272 additum,
1639 1228 1720 1274 quia

1046 1289 1101 1311 res
1119 1284 1211 1322 gesta
1227 1277 1264 1311 in
1280 1277 1394 1312 Attica
1406 1304 1416 1322 ‚
1438 1290 1516 1323 quae
1529 1278 1614 1313 olim
1623 1279 1722 1314 Acte.

1090 1330 1165 1362 555.
1185 1329 1326 1363 Geim'no
1341 1331 1383 1364 de
1402 1331 1552 1374 Cecrope.
1569 1330 1722 1376 Cecrops

1046 1393 1064 1415 a
1075 1380 1204 1416 Graecis
1213 1381 1324 1416 dictus
1334 1387 1385 1416 est
1394 1384 1503 1428 διφύῄς
1511 1380 1605 1416 haud
1616 1381 1720 1418 dubie

1045 1440 1249 1479 propterea,
1268 1434 1362 1480 quod
1381 1434 1536 1482 AEgypto
1551 1435 1721 1471 oriundus

1044 1486 1080 1520 in
1095 1486 1267 1522 Graeciam
1283 1494 1511 1532 pervenerat,
1529 1494 1564 1523 et
1577 1488 1625 1524 sic
1636 1489 1721 1523 utri·

1044 1552 1111 1584 que
1129 1540 1224 1585 genti
1242 1541 1468 1577 annumerari
1484 1548 1631 1587 poterat.
1647 1543 1720 1577 He-

1042 1591 1136 1637 sych.
1173 1595 1296 1638 &cquisss'
1324 1597 1353 1628 οἱ
1382 1596 1435 1628 δύο
1463 1596 1565 1638 φύσεις
1592 1598 1720 1639 ἴχοντες.
1756 1591 1761 1597 ’

1043 1646 1124 1680 Hoc
1145 1645 1262 1679 vocab.
1286 1655 1384 1691 graec.
1401 1645 1529 1680 Noster
1543 1646 1720 1692 interpre-

1041 1705 1156 1741 tatur,
1190 1700 1351 1742 geminus.
1377 1698 1494 1732 Etiam
1518 1698 1688 1734 Centauri
1707 1726 1716 1743 ‚

1041 1762 1127 1795 quos
1141 1749 1281 1783 Isocrat.
1300 1752 1416 1796 d'cqssu'ng
1426 1756 1544 1791 vocat,
1563 1756 1599 1785 et
1611 1755 1719 1794 gemi—

1039 1802 1080 1834 ni
1097 1806 1199 1842 sunt,
1231 1805 1271 1833 ut
1293 1812 1380 1835 vers.
1404 1799 1497 1841 630,
1488 1814 1496 1823 ·
1535 1801 1716 1844 V1,126.

1040 1850 1290 1896 Apollod.111,
1308 1861 1397 1894 nv,
1417 1862 1454 1886 1.
1472 1849 1624 1897 Cecrops
1639 1867 1718 1896 συμ-

1041 1907 1108 1948 φυὲς
1123 1918 1201 1947 εχων
1215 1907 1305 1947 σῶμα
1319 1902 1423 1948 o'wd'po'q
1433 1908 1486 1938 και
1498 1904 1661 1954 δράκοντος.
1671 1921 1718 1930 ·-·

1043 1953 1196 1999 Cecrops
1215 1953 1322 1999 igitur
1343 1953 1410 1988 suit
1434 1953 1545 1989 dictus
1565 1958 1717 1999 geminus

1040 2019 1078 2040 ac
1094 2006 1264 2050 biformis,
1294 2004 1388 2050 quod
1403 2018 1445 2040 ex
1463 2012 1560 2051 parte
1583 2006 1692 2040 homo
1702 2032 1714 2050 ‚

1039 2072 1080 2093 ex
1103 2065 1201 2104 parte
1219 2071 1361 2103 serpens
1377 2058 1480 2093 fuisse
1500 2058 1714 2104 perhibetur.

1039 2111 1296 2146 Demosthenes
1317 2111 1397 2146 ideo
1411 2111 1479 2146 hoc
1493 2111 1616 2146 fictum
1630 2110 1714 2147 dicit

1039 2164 1132 2210 quod
1148 2171 1183 2199 et
1198 2163 1384 2210 prudentia
1399 2164 1437 2198 in
1450 2164 1598 2199 consiliis
1613 2177 1713 2199 sum·-

1037 2230 1096 2251 ma
1110 2223 1199 2252 esset
1209 2244 1219 2258 ,
1243 2217 1330 2251 etin
1343 2217 1447 2252 rebus
1463 2216 1604 2263 agendis
1619 2216 1711 2250 viri-

1036 2269 1100 2303 bus
1123 2268 1226 2313 atque
1245 2267 1386 2303 audacia
1405 2267 1625 2313 praecelleret.
1642 2268 1709 2301 Ed.

1035 2339 1079 2347 -—
1095 2321 1179 2355 Post
1191 2320 1287 2354 hunc
1295 2332 1436 2354 versum
1448 2321 1511 2353 555
1528 2318 1612 2353 olim
1625 2319 1709 2353 alius

1035 2372 1256 2418 sequebatur,
1268 2372 1468 2405 servandam
1479 2373 1617 2405 dederat
1625 2398 1633 2411 ‚
1649 2373 1713 2406 sed

1034 2437 1100 2457 non
1109 2421 1265 2465 confessa
1273 2424 1358 2467 quid
1365 2426 1474 2465 esset,-
1490 2429 1567 2456 tum
1575 2434 1709 2467 seque-

1033 2474 1136 2509 batur
1151 2475 1201 2507 Et
1215 2476 1318 2517 legem
1340 2480 1405 2508 etc.
1428 2472 1500 2508 Sed
1518 2473 1683 2508 Heinsius
1694 2499 1705 2516 ‚

1035 2538 1144 2570 quum
1164 2524 1249 2559 illud
1271 2524 1548 2560 additamentum
1559 2537 1578 2559 a
1591 2524 1707 2570 priore

1034 2578 1146 2622 Regio
1159 2598 1171 2621 5
1192 2577 1306 2623 priore
1324 2577 1456 2611 Effurt.
1473 2584 1509 2611 et
1522 2577 1594 2612 aliis
1608 2576 1705 2611 duo-

1032 2630 1097 2664 bus
1106 2630 1255 2674 abesset,
1272 2637 1308 2664 et
1321 2636 1487 2675 praeterea
1498 2629 1703 2672 Vaticanus,

1033 2681 1187 2716 Urbinas
1204 2707 1213 2725 ,
1245 2688 1280 2716 et
1309 2695 1367 2716 sex
1398 2681 1454 2715 alii
1477 2682 1578 2714 Hanc
1599 2682 1702 2724 legem

1031 2734 1247 2778 praeserrent,
1261 2733 1350 2768 bene
1359 2733 1436 2769 loco
1444 2731 1627 2776 consuluit,
1643 2731 1703 2772 ilio
