<?xml version="1.0" encoding="UTF-8"?>
<!DOCTYPE html PUBLIC "-//W3C//DTD XHTML 1.0 Transitional//EN"
    "http://www.w3.org/TR/xhtml1/DTD/xhtml1-transitional.dtd">
<html xmlns="http://www.w3.org/1999/xhtml" xml:lang="en" lang="en">
 <head>
  <title>
</title>
<meta http-equiv="Content-Type" content="text/html;charset=utf-8" />
  <meta name='ocr-system' content='tesseract 3.04.00' />
  <meta name='ocr-capabilities' content='ocr_page ocr_carea ocr_par ocr_line ocrx_word'/>
</head>
<body>
  <div class='ocr_page' id='page_1' title='image "./quaeextantomniao03oviduoft_0537.png"; bbox 0 0 1832 3100; ppageno 0'>
   <div class='ocr_carea' id='block_1_1' title="bbox 315 237 1342 288">
    <p class='ocr_par' dir='ltr' id='par_1_1' title="bbox 315 237 1342 288">
     <span class='ocr_line' id='line_1_1' title="bbox 315 237 1342 288; baseline 0.003 -5"><span class='ocrx_word' id='word_1_1' title='bbox 315 237 1017 285; x_wconf 88' lang='lat' dir='ltr'><strong>METAMORPHOSEON</strong></span> <span class='ocrx_word' id='word_1_2' title='bbox 1047 243 1180 287; x_wconf 87' lang='lat' dir='ltr'>LIB.</span> <span class='ocrx_word' id='word_1_3' title='bbox 1213 243 1342 288; x_wconf 92' lang='lat' dir='ltr'>VII.</span> 
     </span>
    </p>
   </div>
   <div class='ocr_carea' id='block_1_2' title="bbox 1439 244 1524 288">
    <p class='ocr_par' dir='ltr' id='par_1_2' title="bbox 1439 244 1524 288">
     <span class='ocr_line' id='line_1_2' title="bbox 1439 244 1524 288; baseline 0 -1"><span class='ocrx_word' id='word_1_4' title='bbox 1439 244 1524 288; x_wconf 87' lang='lat'><strong>505</strong></span> 
     </span>
    </p>
   </div>
   <div class='ocr_carea' id='block_1_3' title="bbox 60 330 1305 633">
    <p class='ocr_par' dir='ltr' id='par_1_3' title="bbox 60 330 1305 633">
     <span class='ocr_line' id='line_1_3' title="bbox 118 330 1137 398; baseline 0.002 -18"><span class='ocrx_word' id='word_1_5' title='bbox 118 331 326 396; x_wconf 80' lang='lat' dir='ltr'><strong>Quorum</strong></span> <span class='ocrx_word' id='word_1_6' title='bbox 349 330 505 380; x_wconf 82' lang='lat' dir='ltr'><strong>oculos</strong></span> <span class='ocrx_word' id='word_1_7' title='bbox 525 331 624 398; x_wconf 89' lang='lat' dir='ltr'><strong>ipso</strong></span> <span class='ocrx_word' id='word_1_8' title='bbox 647 331 849 380; x_wconf 81' lang='lat' dir='ltr'><strong>vitiantes</strong></span> <span class='ocrx_word' id='word_1_9' title='bbox 874 333 1019 381; x_wconf 86' lang='lat' dir='ltr'><strong>omnia</strong></span> <span class='ocrx_word' id='word_1_10' title='bbox 1039 334 1137 383; x_wconf 90' lang='lat' dir='ltr'><strong>visu</strong></span> 
     </span>
     <span class='ocr_line' id='line_1_4' title="bbox 60 408 1121 476; baseline 0.001 -19"><span class='ocrx_word' id='word_1_11' title='bbox 60 428 63 431; x_wconf 92' lang='lat'>·</span> <span class='ocrx_word' id='word_1_12' title='bbox 116 409 294 476; x_wconf 86' lang='lat' dir='ltr'><strong>Jupiter</strong></span> <span class='ocrx_word' id='word_1_13' title='bbox 315 426 499 467; x_wconf 84' lang='lat' dir='ltr'><strong>exosus,</strong></span> <span class='ocrx_word' id='word_1_14' title='bbox 524 408 728 458; x_wconf 81' lang='lat' dir='ltr'>fraternis</span> <span class='ocrx_word' id='word_1_15' title='bbox 752 409 953 459; x_wconf 86' lang='lat' dir='ltr'><strong>subdidit</strong></span> <span class='ocrx_word' id='word_1_16' title='bbox 973 411 1121 459; x_wconf 87' lang='lat' dir='ltr'><strong>undis.</strong></span> 
     </span>
     <span class='ocr_line' id='line_1_5' title="bbox 117 486 1129 553; baseline 0.003 -19"><span class='ocrx_word' id='word_1_17' title='bbox 117 486 298 535; x_wconf 82' lang='lat' dir='ltr'><strong>Transit</strong></span> <span class='ocrx_word' id='word_1_18' title='bbox 318 498 363 535; x_wconf 91' lang='lat' dir='ltr'><strong>et</strong></span> <span class='ocrx_word' id='word_1_19' title='bbox 383 487 574 553; x_wconf 80' lang='lat' dir='ltr'><strong>antiquae</strong></span> <span class='ocrx_word' id='word_1_20' title='bbox 599 487 804 537; x_wconf 84' lang='lat' dir='ltr'><strong>Cartheia</strong></span> <span class='ocrx_word' id='word_1_21' title='bbox 826 488 986 538; x_wconf 87' lang='lat' dir='ltr'><strong>moenia</strong></span> <span class='ocrx_word' id='word_1_22' title='bbox 1009 490 1129 547; x_wconf 85' lang='lat' dir='ltr'><strong>Ceae,</strong></span> 
     </span>
     <span class='ocr_line' id='line_1_6' title="bbox 119 562 1305 633; baseline 0.003 -22"><span class='ocrx_word' id='word_1_23' title='bbox 119 563 222 628; x_wconf 83' lang='lat' dir='ltr'><strong>Qua</strong></span> <span class='ocrx_word' id='word_1_24' title='bbox 243 574 369 630; x_wconf 88' lang='lat' dir='ltr'><strong>pater</strong></span> <span class='ocrx_word' id='word_1_25' title='bbox 390 562 641 613; x_wconf 83' lang='lat' dir='ltr'><strong>Alcidamas</strong></span> <span class='ocrx_word' id='word_1_26' title='bbox 662 564 877 632; x_wconf 86' lang='lat' dir='ltr'><strong>placidam</strong></span> <span class='ocrx_word' id='word_1_27' title='bbox 902 566 955 615; x_wconf 92' lang='lat' dir='ltr'><strong>de</strong></span> <span class='ocrx_word' id='word_1_28' title='bbox 983 585 1172 633; x_wconf 88' lang='lat' dir='ltr'><strong>corpore</strong></span> <span class='ocrx_word' id='word_1_29' title='bbox 1192 578 1305 616; x_wconf 86' lang='lat' dir='ltr'><strong>natae</strong></span> 
     </span>
    </p>
   </div>
   <div class='ocr_carea' id='block_1_4' title="bbox 117 641 1134 709">
    <p class='ocr_par' dir='ltr' id='par_1_4' title="bbox 117 641 1134 709">
     <span class='ocr_line' id='line_1_7' title="bbox 117 641 1134 709; baseline 0.001 -18"><span class='ocrx_word' id='word_1_30' title='bbox 117 641 364 691; x_wconf 75' lang='lat' dir='ltr'><strong>miraturus</strong></span> <span class='ocrx_word' id='word_1_31' title='bbox 390 653 483 690; x_wconf 86' lang='lat' dir='ltr'><strong>erat</strong></span> <span class='ocrx_word' id='word_1_32' title='bbox 503 642 623 691; x_wconf 89' lang='lat' dir='ltr'><strong>nasci</strong></span> <span class='ocrx_word' id='word_1_33' title='bbox 647 643 848 709; x_wconf 90' lang='lat' dir='ltr'><strong>potuisse</strong></span> <span class='ocrx_word' id='word_1_34' title='bbox 871 643 1134 692; x_wconf 84' lang='lat' dir='ltr'><strong>columbam.</strong></span> 
     </span>
    </p>
   </div>
   <div class='ocr_carea' id='block_1_5' title="bbox 115 717 1538 1257">
    <p class='ocr_par' dir='ltr' id='par_1_5' title="bbox 116 717 1212 788">
     <span class='ocr_line' id='line_1_8' title="bbox 116 717 1212 788; baseline 0.003 -21"><span class='ocrx_word' id='word_1_35' title='bbox 116 718 227 768; x_wconf 92' lang='lat' dir='ltr'><strong>Inde</strong></span> <span class='ocrx_word' id='word_1_36' title='bbox 249 717 370 768; x_wconf 90' lang='lat' dir='ltr'><strong>lacus</strong></span> <span class='ocrx_word' id='word_1_37' title='bbox 396 719 557 787; x_wconf 81' lang='lat' dir='ltr'><strong>Hyries</strong></span> <span class='ocrx_word' id='word_1_38' title='bbox 579 720 718 779; x_wconf 82' lang='lat' dir='ltr'><strong>videt,</strong></span> <span class='ocrx_word' id='word_1_39' title='bbox 746 733 791 770; x_wconf 90' lang='lat' dir='ltr'><strong>et</strong></span> <span class='ocrx_word' id='word_1_40' title='bbox 812 721 1000 788; x_wconf 85' lang='lat' dir='ltr'><strong>Cycneia</strong></span> <span class='ocrx_word' id='word_1_41' title='bbox 1020 724 1186 788; x_wconf 90' lang='lat' dir='ltr'><strong>Tempe</strong></span> <span class='ocrx_word' id='word_1_42' title='bbox 1200 759 1212 779; x_wconf 89' lang='lat'>‚</span> 
     </span>
    </p>

    <p class='ocr_par' dir='ltr' id='par_1_6' title="bbox 118 795 1300 866">
     <span class='ocr_line' id='line_1_9' title="bbox 118 795 1300 866; baseline 0.003 -22"><span class='ocrx_word' id='word_1_43' title='bbox 118 795 231 860; x_wconf 83' lang='lat' dir='ltr'><strong>Quae</strong></span> <span class='ocrx_word' id='word_1_44' title='bbox 253 796 428 846; x_wconf 88' lang='lat' dir='ltr'><strong>subitus</strong></span> <span class='ocrx_word' id='word_1_45' title='bbox 449 797 686 847; x_wconf 89' lang='lat' dir='ltr'><strong>celebravit</strong></span> <span class='ocrx_word' id='word_1_46' title='bbox 707 798 830 857; x_wconf 85' lang='lat' dir='ltr'><strong>olor;</strong></span> <span class='ocrx_word' id='word_1_47' title='bbox 863 819 963 848; x_wconf 91' lang='lat' dir='ltr'><strong>nam</strong></span> <span class='ocrx_word' id='word_1_48' title='bbox 987 799 1188 866; x_wconf 86' lang='lat' dir='ltr'><strong>Phyllius</strong></span> <span class='ocrx_word' id='word_1_49' title='bbox 1209 799 1300 848; x_wconf 89' lang='lat' dir='ltr'><strong>illic</strong></span> 
     </span>
    </p>

    <p class='ocr_par' dir='ltr' id='par_1_7' title="bbox 116 876 1215 945">
     <span class='ocr_line' id='line_1_10' title="bbox 116 876 1215 945; baseline 0.002 -21"><span class='ocrx_word' id='word_1_50' title='bbox 116 876 310 943; x_wconf 87' lang='lat' dir='ltr'><strong>Imperio</strong></span> <span class='ocrx_word' id='word_1_51' title='bbox 330 877 457 944; x_wconf 86' lang='lat' dir='ltr'><strong>pueri</strong></span> <span class='ocrx_word' id='word_1_52' title='bbox 480 877 769 945; x_wconf 87' lang='lat' dir='ltr'><strong>volucresque</strong></span> <span class='ocrx_word' id='word_1_53' title='bbox 791 879 1019 945; x_wconf 90' lang='lat' dir='ltr'><strong>ferumque</strong></span> <span class='ocrx_word' id='word_1_54' title='bbox 1043 878 1215 927; x_wconf 91' lang='lat' dir='ltr'><strong>leonem</strong></span> 
     </span>
    </p>

    <p class='ocr_par' dir='ltr' id='par_1_8' title="bbox 115 953 1538 1179">
     <span class='ocr_line' id='line_1_11' title="bbox 115 953 1381 1023; baseline 0.003 -22"><span class='ocrx_word' id='word_1_55' title='bbox 115 953 377 1004; x_wconf 85' lang='lat' dir='ltr'><strong>Tradiderat</strong></span> <span class='ocrx_word' id='word_1_56' title='bbox 398 954 602 1021; x_wconf 80' lang='lat' dir='ltr'><strong>domitos:</strong></span> <span class='ocrx_word' id='word_1_57' title='bbox 638 969 814 1005; x_wconf 89' lang='lat' dir='ltr'><strong>taurum</strong></span> <span class='ocrx_word' id='word_1_58' title='bbox 838 975 1021 1023; x_wconf 89' lang='lat' dir='ltr'><strong>quoque</strong></span> <span class='ocrx_word' id='word_1_59' title='bbox 1042 957 1213 1006; x_wconf 79' lang='lat' dir='ltr'><strong>vincere</strong></span> <span class='ocrx_word' id='word_1_60' title='bbox 1231 957 1381 1023; x_wconf 91' lang='lat' dir='ltr'><strong>jussus</strong></span> 
     </span>
     <span class='ocr_line' id='line_1_12' title="bbox 117 1031 1538 1100; baseline 0.001 -22"><span class='ocrx_word' id='word_1_61' title='bbox 117 1031 318 1090; x_wconf 79' lang='lat' dir='ltr'><strong>Vicerat3</strong></span> <span class='ocrx_word' id='word_1_62' title='bbox 339 1044 407 1091; x_wconf 85' lang='lat' dir='ltr'><strong>et,</strong></span> <span class='ocrx_word' id='word_1_63' title='bbox 430 1045 580 1100; x_wconf 90' lang='lat' dir='ltr'><strong>spreto</strong></span> <span class='ocrx_word' id='word_1_64' title='bbox 604 1035 736 1083; x_wconf 81' lang='lat' dir='ltr'><strong>toties</strong></span> <span class='ocrx_word' id='word_1_65' title='bbox 758 1035 896 1083; x_wconf 89' lang='lat' dir='ltr'><strong>iratus</strong></span> <span class='ocrx_word' id='word_1_66' title='bbox 920 1054 1066 1083; x_wconf 88' lang='lat' dir='ltr'><strong>amore</strong></span> <span class='ocrx_word' id='word_1_67' title='bbox 1080 1072 1092 1092; x_wconf 89' lang='lat'>‚</span> <span class='ocrx_word' id='word_1_68' title='bbox 1141 1064 1147 1068; x_wconf 58' lang='grc'><strong>»</strong></span> <span class='ocrx_word' id='word_1_69' title='bbox 1474 1047 1538 1093; x_wconf 64' lang='grc'><strong>375</strong></span> 
     </span>
     <span class='ocr_line' id='line_1_13' title="bbox 116 1108 1169 1179; baseline 0.004 -23"><span class='ocrx_word' id='word_1_70' title='bbox 116 1108 300 1158; x_wconf 73' lang='lat' dir='ltr'><strong>Praemia</strong></span> <span class='ocrx_word' id='word_1_71' title='bbox 322 1111 522 1176; x_wconf 58' lang='lat' dir='ltr'><strong>poscenti</strong></span> <span class='ocrx_word' id='word_1_72' title='bbox 549 1123 724 1161; x_wconf 90' lang='lat' dir='ltr'><strong>taurum</strong></span> <span class='ocrx_word' id='word_1_73' title='bbox 748 1131 951 1179; x_wconf 91' lang='lat' dir='ltr'><strong>suprema</strong></span> <span class='ocrx_word' id='word_1_74' title='bbox 974 1124 1169 1175; x_wconf 85' lang='lat' dir='ltr'><strong>negarat.</strong></span> 
     </span>
    </p>

    <p class='ocr_par' dir='ltr' id='par_1_9' title="bbox 116 1185 1197 1257">
     <span class='ocr_line' id='line_1_14' title="bbox 116 1185 1197 1257; baseline 0.002 -21"><span class='ocrx_word' id='word_1_75' title='bbox 116 1186 197 1238; x_wconf 90' lang='lat' dir='ltr'><strong>Ille</strong></span> <span class='ocrx_word' id='word_1_76' title='bbox 219 1185 502 1253; x_wconf 83' lang='lat' dir='ltr'><strong>indignatus,</strong></span> <span class='ocrx_word' id='word_1_77' title='bbox 533 1190 696 1257; x_wconf 88' lang='lat' dir='ltr'><strong>Cupies</strong></span> <span class='ocrx_word' id='word_1_78' title='bbox 722 1190 825 1239; x_wconf 87' lang='lat' dir='ltr'><strong>dare</strong></span> <span class='ocrx_word' id='word_1_79' title='bbox 840 1229 851 1248; x_wconf 91' lang='lat'><strong><em>,</em></strong></span> <span class='ocrx_word' id='word_1_80' title='bbox 879 1190 990 1239; x_wconf 84' lang='lat' dir='ltr'><strong>dixit</strong></span> <span class='ocrx_word' id='word_1_81' title='bbox 1010 1210 1020 1247; x_wconf 86' lang='lat'>;</span> <span class='ocrx_word' id='word_1_82' title='bbox 1045 1202 1089 1239; x_wconf 93' lang='lat' dir='ltr'><strong>et</strong></span> <span class='ocrx_word' id='word_1_83' title='bbox 1108 1189 1197 1238; x_wconf 90' lang='lat' dir='ltr'><strong>alto</strong></span> 
     </span>
    </p>
   </div>
   <div class='ocr_carea' id='block_1_6' title="bbox 117 1271 1141 1341">
    <p class='ocr_par' dir='ltr' id='par_1_10' title="bbox 117 1271 1141 1341">
     <span class='ocr_line' id='line_1_15' title="bbox 117 1271 1141 1341; baseline 0.002 -22"><span class='ocrx_word' id='word_1_84' title='bbox 117 1271 311 1321; x_wconf 87' lang='lat' dir='ltr'><strong>Desiluit</strong></span> <span class='ocrx_word' id='word_1_85' title='bbox 334 1292 439 1322; x_wconf 84' lang='lat' dir='ltr'><strong>saxo</strong></span> <span class='ocrx_word' id='word_1_86' title='bbox 461 1293 471 1322; x_wconf 91' lang='lat'>:</span> <span class='ocrx_word' id='word_1_87' title='bbox 493 1274 639 1323; x_wconf 89' lang='lat' dir='ltr'><strong>cuncti</strong></span> <span class='ocrx_word' id='word_1_88' title='bbox 662 1274 868 1323; x_wconf 87' lang='lat' dir='ltr'><strong>cecidisse</strong></span> <span class='ocrx_word' id='word_1_89' title='bbox 891 1274 1112 1341; x_wconf 85' lang='lat' dir='ltr'><strong>putabant</strong></span> <span class='ocrx_word' id='word_1_90' title='bbox 1132 1294 1141 1321; x_wconf 76' lang='grc' dir='ltr'>ε</span> 
     </span>
    </p>
   </div>
   <div class='ocr_carea' id='block_1_7' title="bbox 116 1353 1180 1423">
    <p class='ocr_par' dir='ltr' id='par_1_11' title="bbox 116 1353 1180 1423">
     <span class='ocr_line' id='line_1_16' title="bbox 116 1353 1180 1423; baseline -0.001 -20"><span class='ocrx_word' id='word_1_91' title='bbox 116 1355 277 1404; x_wconf 86' lang='lat' dir='ltr'><strong>Factus</strong></span> <span class='ocrx_word' id='word_1_92' title='bbox 297 1353 396 1404; x_wconf 90' lang='lat' dir='ltr'><strong>olor</strong></span> <span class='ocrx_word' id='word_1_93' title='bbox 416 1355 555 1404; x_wconf 89' lang='lat' dir='ltr'><strong>niveis</strong></span> <span class='ocrx_word' id='word_1_94' title='bbox 575 1356 797 1423; x_wconf 87' lang='lat' dir='ltr'><strong>pendebat</strong></span> <span class='ocrx_word' id='word_1_95' title='bbox 820 1357 867 1403; x_wconf 90' lang='lat' dir='ltr'><strong>in</strong></span> <span class='ocrx_word' id='word_1_96' title='bbox 891 1375 988 1404; x_wconf 88' lang='lat' dir='ltr'><strong>aera</strong></span> <span class='ocrx_word' id='word_1_97' title='bbox 1008 1355 1180 1422; x_wconf 90' lang='lat' dir='ltr'><strong>pennis.</strong></span> 
     </span>
    </p>
   </div>
   <div class='ocr_carea' id='block_1_8' title="bbox 116 1436 1128 1504">
    <p class='ocr_par' dir='ltr' id='par_1_12' title="bbox 116 1436 1128 1504">
     <span class='ocr_line' id='line_1_17' title="bbox 116 1436 1128 1504; baseline 0 -19"><span class='ocrx_word' id='word_1_98' title='bbox 116 1436 180 1485; x_wconf 86' lang='lat' dir='ltr'><strong>At</strong></span> <span class='ocrx_word' id='word_1_99' title='bbox 200 1438 398 1500; x_wconf 84' lang='lat' dir='ltr'><strong>genetrix</strong></span> <span class='ocrx_word' id='word_1_100' title='bbox 418 1438 580 1504; x_wconf 81' lang='lat' dir='ltr'><strong>Hyrie,</strong></span> <span class='ocrx_word' id='word_1_101' title='bbox 604 1438 764 1487; x_wconf 87' lang='lat' dir='ltr'><strong>servati</strong></span> <span class='ocrx_word' id='word_1_102' title='bbox 786 1437 958 1496; x_wconf 88' lang='lat' dir='ltr'><strong>nescia,</strong></span> <span class='ocrx_word' id='word_1_103' title='bbox 983 1437 1128 1486; x_wconf 89' lang='lat' dir='ltr'><strong>flendo</strong></span> 
     </span>
    </p>
   </div>
   <div class='ocr_carea' id='block_1_9' title="bbox 1474 1450 1538 1485">
    <p class='ocr_par' dir='ltr' id='par_1_13' title="bbox 1474 1450 1538 1485">
     <span class='ocr_line' id='line_1_18' title="bbox 1474 1450 1538 1485; baseline 0 -1"><span class='ocrx_word' id='word_1_104' title='bbox 1474 1450 1538 1485; x_wconf 74' lang='lat'><strong>380</strong></span> 
     </span>
    </p>
   </div>
   <div class='ocr_carea' id='block_1_10' title="bbox 118 1519 1175 1588">
    <p class='ocr_par' dir='ltr' id='par_1_14' title="bbox 118 1519 1175 1588">
     <span class='ocr_line' id='line_1_19' title="bbox 118 1519 1175 1588; baseline -0.001 -21"><span class='ocrx_word' id='word_1_105' title='bbox 118 1519 340 1579; x_wconf 85' lang='lat' dir='ltr'><strong>Delicuit3</strong></span> <span class='ocrx_word' id='word_1_106' title='bbox 365 1532 657 1588; x_wconf 80' lang='lat' dir='ltr'><strong>stagnumque</strong></span> <span class='ocrx_word' id='word_1_107' title='bbox 680 1540 762 1570; x_wconf 91' lang='lat' dir='ltr'><strong>suo</strong></span> <span class='ocrx_word' id='word_1_108' title='bbox 784 1520 836 1569; x_wconf 93' lang='lat' dir='ltr'><strong>de</strong></span> <span class='ocrx_word' id='word_1_109' title='bbox 858 1521 1037 1569; x_wconf 88' lang='lat' dir='ltr'><strong>nomine</strong></span> <span class='ocrx_word' id='word_1_110' title='bbox 1060 1519 1175 1568; x_wconf 91' lang='lat' dir='ltr'><strong>fecit.</strong></span> 
     </span>
    </p>
   </div>
   <div class='ocr_carea' id='block_1_11' title="bbox 115 1663 798 2747">
    <p class='ocr_par' dir='ltr' id='par_1_15' title="bbox 115 1663 797 2231">
     <span class='ocr_line' id='line_1_20' title="bbox 116 1663 793 1709; baseline 0.001 -10"><span class='ocrx_word' id='word_1_111' title='bbox 116 1663 152 1699; x_wconf 86' lang='lat' dir='ltr'><strong>h.</strong></span> <span class='ocrx_word' id='word_1_112' title='bbox 168 1663 248 1700; x_wconf 80' lang='lat' dir='ltr'><strong>Del.</strong></span> <span class='ocrx_word' id='word_1_113' title='bbox 263 1665 302 1700; x_wconf 79' lang='lat'><strong>31</strong></span> <span class='ocrx_word' id='word_1_114' title='bbox 317 1691 327 1709; x_wconf 86' lang='lat'>,</span> <span class='ocrx_word' id='word_1_115' title='bbox 345 1672 380 1700; x_wconf 89' lang='lat' dir='ltr'><strong>et</strong></span> <span class='ocrx_word' id='word_1_116' title='bbox 397 1665 563 1701; x_wconf 81' lang='lat' dir='ltr'><strong>Munker.</strong></span> <span class='ocrx_word' id='word_1_117' title='bbox 581 1665 623 1701; x_wconf 86' lang='lat' dir='ltr'><strong>ad</strong></span> <span class='ocrx_word' id='word_1_118' title='bbox 638 1666 793 1701; x_wconf 86' lang='lat' dir='ltr'><strong>Lactant.</strong></span> 
     </span>
     <span class='ocr_line' id='line_1_21' title="bbox 117 1715 794 1763; baseline 0.001 -12"><span class='ocrx_word' id='word_1_119' title='bbox 117 1715 317 1763; x_wconf 79' lang='lat' dir='ltr'><strong>Argum.--</strong></span> <span class='ocrx_word' id='word_1_120' title='bbox 329 1719 471 1758; x_wconf 76' lang='lat' dir='ltr'><strong>Vitiare,</strong></span> <span class='ocrx_word' id='word_1_121' title='bbox 486 1718 664 1754; x_wconf 82' lang='lat' dir='ltr'><strong>fascinare.</strong></span> <span class='ocrx_word' id='word_1_122' title='bbox 676 1718 794 1753; x_wconf 86' lang='lat' dir='ltr'><strong>Fasci-</strong></span> 
     </span>
     <span class='ocr_line' id='line_1_22' title="bbox 115 1768 791 1816; baseline 0.003 -13"><span class='ocrx_word' id='word_1_123' title='bbox 115 1768 213 1804; x_wconf 81' lang='lat' dir='ltr'><strong>natio</strong></span> <span class='ocrx_word' id='word_1_124' title='bbox 225 1768 330 1805; x_wconf 80' lang='lat' dir='ltr'><strong>fiebat</strong></span> <span class='ocrx_word' id='word_1_125' title='bbox 342 1776 377 1805; x_wconf 89' lang='lat' dir='ltr'><strong>et</strong></span> <span class='ocrx_word' id='word_1_126' title='bbox 388 1769 505 1805; x_wconf 85' lang='lat' dir='ltr'><strong>oculis.</strong></span> <span class='ocrx_word' id='word_1_127' title='bbox 518 1770 685 1816; x_wconf 77' lang='lat' dir='ltr'><strong>Virgilius</strong></span> <span class='ocrx_word' id='word_1_128' title='bbox 696 1798 706 1816; x_wconf 85' lang='lat'>,</span> <span class='ocrx_word' id='word_1_129' title='bbox 720 1770 791 1805; x_wconf 78' lang='lat' dir='ltr'><strong>Ecl.</strong></span> 
     </span>
     <span class='ocr_line' id='line_1_23' title="bbox 116 1820 794 1867; baseline 0.001 -11"><span class='ocrx_word' id='word_1_130' title='bbox 116 1820 173 1856; x_wconf 89' lang='lat' dir='ltr'><strong>III</strong></span> <span class='ocrx_word' id='word_1_131' title='bbox 185 1847 194 1865; x_wconf 90' lang='lat'>,</span> <span class='ocrx_word' id='word_1_132' title='bbox 216 1821 276 1856; x_wconf 77' lang='lat'><strong>103</strong></span> <span class='ocrx_word' id='word_1_133' title='bbox 288 1835 301 1856; x_wconf 65' lang='grc' dir='ltr'>ι</span> <span class='ocrx_word' id='word_1_134' title='bbox 308 1823 440 1862; x_wconf 79' lang='lat' dir='ltr'><strong>Nescio,</strong></span> <span class='ocrx_word' id='word_1_135' title='bbox 453 1825 529 1867; x_wconf 81' lang='lat' dir='ltr'><strong>quis</strong></span> <span class='ocrx_word' id='word_1_136' title='bbox 538 1827 668 1858; x_wconf 81' lang='lat' dir='ltr'><strong>teneros</strong></span> <span class='ocrx_word' id='word_1_137' title='bbox 678 1826 794 1857; x_wconf 85' lang='lat' dir='ltr'><strong>oculus</strong></span> 
     </span>
     <span class='ocr_line' id='line_1_24' title="bbox 116 1872 795 1918; baseline 0.003 -10"><span class='ocrx_word' id='word_1_138' title='bbox 116 1872 363 1918; x_wconf 68' lang='lat' dir='ltr'><strong>miht&#39;sascinat</strong></span> <span class='ocrx_word' id='word_1_139' title='bbox 372 1887 489 1918; x_wconf 70' lang='lat' dir='ltr'><strong>agnos.</strong></span> <span class='ocrx_word' id='word_1_140' title='bbox 511 1874 611 1918; x_wconf 88' lang='lat' dir='ltr'><strong>Quin</strong></span> <span class='ocrx_word' id='word_1_141' title='bbox 628 1875 716 1910; x_wconf 90' lang='lat' dir='ltr'><strong>adeo</strong></span> <span class='ocrx_word' id='word_1_142' title='bbox 731 1875 795 1910; x_wconf 70' lang='lat' dir='ltr'><strong>in·-</strong></span> 
     </span>
     <span class='ocr_line' id='line_1_25' title="bbox 116 1925 795 1972; baseline 0.001 -12"><span class='ocrx_word' id='word_1_143' title='bbox 116 1925 187 1961; x_wconf 85' lang='lat' dir='ltr'><strong>vidi</strong></span> <span class='ocrx_word' id='word_1_144' title='bbox 203 1926 293 1961; x_wconf 87' lang='lat' dir='ltr'><strong>oculi</strong></span> <span class='ocrx_word' id='word_1_145' title='bbox 301 1926 375 1961; x_wconf 84' lang='lat' dir='ltr'><strong>solo</strong></span> <span class='ocrx_word' id='word_1_146' title='bbox 387 1925 549 1972; x_wconf 82' lang='lat' dir='ltr'><strong>adspectu</strong></span> <span class='ocrx_word' id='word_1_147' title='bbox 560 1926 795 1961; x_wconf 83' lang='lat' dir='ltr'><strong>credebantur</strong></span> 
     </span>
     <span class='ocr_line' id='line_1_26' title="bbox 116 1977 794 2024; baseline 0.003 -12"><span class='ocrx_word' id='word_1_148' title='bbox 116 1990 239 2013; x_wconf 85' lang='lat' dir='ltr'><strong>rerum</strong></span> <span class='ocrx_word' id='word_1_149' title='bbox 248 1977 543 2024; x_wconf 83' lang='lat' dir='ltr'><strong>pulchritudinem</strong></span> <span class='ocrx_word' id='word_1_150' title='bbox 552 1991 776 2024; x_wconf 83' lang='lat' dir='ltr'><strong>corrumpere</strong></span> <span class='ocrx_word' id='word_1_151' title='bbox 785 1992 794 2014; x_wconf 76' lang='grc' dir='ltr'>ε</span> 
     </span>
     <span class='ocr_line' id='line_1_27' title="bbox 118 2028 797 2076; baseline 0.003 -12"><span class='ocrx_word' id='word_1_152' title='bbox 118 2028 308 2074; x_wconf 86' lang='lat' dir='ltr'><strong>Horatius,</strong></span> <span class='ocrx_word' id='word_1_153' title='bbox 330 2030 367 2074; x_wconf 88' lang='grc' dir='ltr'><strong>Ι,</strong></span> <span class='ocrx_word' id='word_1_154' title='bbox 386 2029 453 2076; x_wconf 85' lang='lat' dir='ltr'><strong>Ep.</strong></span> <span class='ocrx_word' id='word_1_155' title='bbox 469 2041 556 2074; x_wconf 80' lang='lat' dir='ltr'>x1V,</span> <span class='ocrx_word' id='word_1_156' title='bbox 581 2031 621 2075; x_wconf 90' lang='lat'><strong>37</strong></span> <span class='ocrx_word' id='word_1_157' title='bbox 637 2057 646 2074; x_wconf 90' lang='lat'>,</span> <span class='ocrx_word' id='word_1_158' title='bbox 673 2031 733 2065; x_wconf 89' lang='lat' dir='ltr'><strong>ubi</strong></span> <span class='ocrx_word' id='word_1_159' title='bbox 749 2031 797 2066; x_wconf 86' lang='lat' dir='ltr'><strong>sic</strong></span> 
     </span>
     <span class='ocr_line' id='line_1_28' title="bbox 117 2081 797 2118; baseline 0.003 -3"><span class='ocrx_word' id='word_1_160' title='bbox 117 2083 236 2116; x_wconf 84' lang='lat' dir='ltr'><strong>limare</strong></span> <span class='ocrx_word' id='word_1_161' title='bbox 250 2088 286 2117; x_wconf 88' lang='lat' dir='ltr'><strong>et</strong></span> <span class='ocrx_word' id='word_1_162' title='bbox 303 2095 473 2117; x_wconf 80' lang='lat' dir='ltr'><strong>venenate.</strong></span> <span class='ocrx_word' id='word_1_163' title='bbox 497 2081 569 2117; x_wconf 91' lang='lat' dir='ltr'><strong>Sed</strong></span> <span class='ocrx_word' id='word_1_164' title='bbox 591 2086 712 2117; x_wconf 61' lang='lat' dir='ltr'><strong>muare</strong></span> <span class='ocrx_word' id='word_1_165' title='bbox 729 2082 797 2118; x_wconf 88' lang='lat' dir='ltr'><strong>hoc</strong></span> 
     </span>
     <span class='ocr_line' id='line_1_29' title="bbox 117 2134 797 2181; baseline 0.003 -13"><span class='ocrx_word' id='word_1_166' title='bbox 117 2145 222 2168; x_wconf 76' lang='lat' dir='ltr'><strong>sensu</strong></span> <span class='ocrx_word' id='word_1_167' title='bbox 231 2134 339 2169; x_wconf 87' lang='lat' dir='ltr'><strong>etiam</strong></span> <span class='ocrx_word' id='word_1_168' title='bbox 348 2134 440 2181; x_wconf 83' lang='lat' dir='ltr'><strong>apud</strong></span> <span class='ocrx_word' id='word_1_169' title='bbox 453 2134 563 2170; x_wconf 86' lang='lat' dir='ltr'><strong>Solin.</strong></span> <span class='ocrx_word' id='word_1_170' title='bbox 577 2146 631 2170; x_wconf 82' lang='lat' dir='ltr'><strong>lv:</strong></span> <span class='ocrx_word' id='word_1_171' title='bbox 641 2137 797 2170; x_wconf 77' lang='lat' dir='ltr'><strong>Foeminoe</strong></span> 
     </span>
     <span class='ocr_line' id='line_1_30' title="bbox 117 2188 570 2231; baseline 0.002 -11"><span class='ocrx_word' id='word_1_172' title='bbox 117 2188 278 2231; x_wconf 74' lang='lat' dir='ltr'><strong>adspectu</strong></span> <span class='ocrx_word' id='word_1_173' title='bbox 292 2190 422 2231; x_wconf 80' lang='lat' dir='ltr'><strong>spicula</strong></span> <span class='ocrx_word' id='word_1_174' title='bbox 437 2191 570 2221; x_wconf 69' lang='lat' dir='ltr'><strong>vitiant.</strong></span> 
     </span>
    </p>

    <p class='ocr_par' dir='ltr' id='par_1_16' title="bbox 120 2238 798 2747">
     <span class='ocr_line' id='line_1_31' title="bbox 163 2238 798 2282; baseline 0.003 -9"><span class='ocrx_word' id='word_1_175' title='bbox 163 2238 239 2274; x_wconf 81' lang='lat'><strong>368.</strong></span> <span class='ocrx_word' id='word_1_176' title='bbox 258 2240 336 2281; x_wconf 85' lang='lat' dir='ltr'><strong>Cea,</strong></span> <span class='ocrx_word' id='word_1_177' title='bbox 351 2239 422 2275; x_wconf 86' lang='lat' dir='ltr'><strong>sive</strong></span> <span class='ocrx_word' id='word_1_178' title='bbox 435 2241 528 2282; x_wconf 85' lang='lat' dir='ltr'><strong>Ceos,</strong></span> <span class='ocrx_word' id='word_1_179' title='bbox 548 2239 677 2275; x_wconf 81' lang='lat' dir='ltr'><strong>Graecis</strong></span> <span class='ocrx_word' id='word_1_180' title='bbox 691 2240 798 2275; x_wconf 82' lang='lat' dir='ltr'><strong>etiam</strong></span> 
     </span>
     <span class='ocr_line' id='line_1_32' title="bbox 121 2291 797 2340; baseline 0 -13"><span class='ocrx_word' id='word_1_181' title='bbox 121 2291 302 2340; x_wconf 84' lang='lat' dir='ltr'><strong>Hydrussa</strong></span> <span class='ocrx_word' id='word_1_182' title='bbox 319 2305 328 2327; x_wconf 89' lang='grc'>;</span> <span class='ocrx_word' id='word_1_183' title='bbox 346 2293 436 2328; x_wconf 85' lang='lat' dir='ltr'><strong>Plin.</strong></span> <span class='ocrx_word' id='word_1_184' title='bbox 460 2293 513 2328; x_wconf 91' lang='lat' dir='ltr'><strong>lv</strong></span> <span class='ocrx_word' id='word_1_185' title='bbox 526 2319 535 2337; x_wconf 92' lang='lat'>,</span> <span class='ocrx_word' id='word_1_186' title='bbox 559 2306 611 2328; x_wconf 85' lang='lat'><strong>20.</strong></span> <span class='ocrx_word' id='word_1_187' title='bbox 638 2293 691 2328; x_wconf 88' lang='lat' dir='ltr'><strong>lbi</strong></span> <span class='ocrx_word' id='word_1_188' title='bbox 715 2293 797 2328; x_wconf 88' lang='lat' dir='ltr'><strong>urbs</strong></span> 
     </span>
     <span class='ocr_line' id='line_1_33' title="bbox 123 2346 798 2392; baseline 0.003 -12"><span class='ocrx_word' id='word_1_189' title='bbox 123 2346 287 2380; x_wconf 79' lang='lat' dir='ltr'><strong>Carlhaea.</strong></span> <span class='ocrx_word' id='word_1_190' title='bbox 309 2346 503 2392; x_wconf 83' lang='lat' dir='ltr'><strong>Fabulam,</strong></span> <span class='ocrx_word' id='word_1_191' title='bbox 535 2360 643 2392; x_wconf 89' lang='lat' dir='ltr'><strong>quam</strong></span> <span class='ocrx_word' id='word_1_192' title='bbox 669 2347 798 2383; x_wconf 85' lang='lat' dir='ltr'><strong>Noster</strong></span> 
     </span>
     <span class='ocr_line' id='line_1_34' title="bbox 120 2399 798 2445; baseline 0.004 -13"><span class='ocrx_word' id='word_1_193' title='bbox 120 2399 258 2445; x_wconf 79' lang='lat' dir='ltr'><strong>attingit</strong></span> <span class='ocrx_word' id='word_1_194' title='bbox 275 2426 286 2444; x_wconf 86' lang='lat'><em>‚</em></span> <span class='ocrx_word' id='word_1_195' title='bbox 316 2399 418 2435; x_wconf 86' lang='lat' dir='ltr'><strong>latius</strong></span> <span class='ocrx_word' id='word_1_196' title='bbox 447 2408 570 2436; x_wconf 83' lang='lat' dir='ltr'><strong>tractat</strong></span> <span class='ocrx_word' id='word_1_197' title='bbox 596 2401 798 2436; x_wconf 81' lang='lat' dir='ltr'><strong>Antoninus</strong></span> 
     </span>
     <span class='ocr_line' id='line_1_35' title="bbox 122 2450 797 2499; baseline 0.004 -14"><span class='ocrx_word' id='word_1_198' title='bbox 122 2450 236 2487; x_wconf 86' lang='lat' dir='ltr'><strong>Liber.</strong></span> <span class='ocrx_word' id='word_1_199' title='bbox 258 2465 332 2498; x_wconf 84' lang='lat' dir='ltr'><strong>cap.</strong></span> <span class='ocrx_word' id='word_1_200' title='bbox 353 2467 439 2487; x_wconf 77' lang='grc' dir='ltr'><strong>ι..-</strong></span> <span class='ocrx_word' id='word_1_201' title='bbox 452 2455 624 2499; x_wconf 69' lang='lat' dir='ltr'><strong>Antiqua,</strong></span> <span class='ocrx_word' id='word_1_202' title='bbox 646 2453 797 2499; x_wconf 87' lang='lat' dir='ltr'><strong>antiquis</strong></span> 
     </span>
     <span class='ocr_line' id='line_1_36' title="bbox 121 2505 798 2549; baseline 0.006 -12"><span class='ocrx_word' id='word_1_203' title='bbox 121 2505 335 2549; x_wconf 84' lang='lat' dir='ltr'><strong>temporibus</strong></span> <span class='ocrx_word' id='word_1_204' title='bbox 349 2513 454 2540; x_wconf 82' lang='lat' dir='ltr'><strong>notae.</strong></span> <span class='ocrx_word' id='word_1_205' title='bbox 467 2525 509 2532; x_wconf 89' lang='lat'>-</span> <span class='ocrx_word' id='word_1_206' title='bbox 520 2507 724 2541; x_wconf 79' lang='lat' dir='ltr'><strong>Alcidamas</strong></span> <span class='ocrx_word' id='word_1_207' title='bbox 739 2507 798 2541; x_wconf 90' lang='lat' dir='ltr'><strong>illo</strong></span> 
     </span>
     <span class='ocr_line' id='line_1_37' title="bbox 122 2558 797 2603; baseline 0.007 -14"><span class='ocrx_word' id='word_1_208' title='bbox 122 2562 263 2590; x_wconf 83' lang='lat' dir='ltr'><strong>auctore</strong></span> <span class='ocrx_word' id='word_1_209' title='bbox 276 2569 349 2591; x_wconf 90' lang='lat' dir='ltr'><strong>non</strong></span> <span class='ocrx_word' id='word_1_210' title='bbox 366 2559 512 2592; x_wconf 81' lang='lat' dir='ltr'><strong>Cartheoe</strong></span> <span class='ocrx_word' id='word_1_211' title='bbox 523 2558 698 2594; x_wconf 80' lang='lat' dir='ltr'><strong>habitabat</strong></span> <span class='ocrx_word' id='word_1_212' title='bbox 710 2586 720 2603; x_wconf 88' lang='lat'>‚</span> <span class='ocrx_word' id='word_1_213' title='bbox 737 2558 797 2594; x_wconf 85' lang='lat' dir='ltr'><strong>sed</strong></span> 
     </span>
     <span class='ocr_line' id='line_1_38' title="bbox 123 2607 798 2651; baseline 0.007 -10"><span class='ocrx_word' id='word_1_214' title='bbox 123 2607 234 2642; x_wconf 89' lang='lat' dir='ltr'><strong>Iulide</strong></span> <span class='ocrx_word' id='word_1_215' title='bbox 253 2634 262 2651; x_wconf 93' lang='lat'>,</span> <span class='ocrx_word' id='word_1_216' title='bbox 287 2608 324 2642; x_wconf 92' lang='lat' dir='ltr'><strong>in</strong></span> <span class='ocrx_word' id='word_1_217' title='bbox 347 2609 411 2643; x_wconf 86' lang='lat' dir='ltr'><strong>alia</strong></span> <span class='ocrx_word' id='word_1_218' title='bbox 434 2609 515 2645; x_wconf 86' lang='lat' dir='ltr'><strong>Ceae</strong></span> <span class='ocrx_word' id='word_1_219' title='bbox 537 2611 632 2645; x_wconf 88' lang='lat' dir='ltr'><strong>urbe.</strong></span> <span class='ocrx_word' id='word_1_220' title='bbox 662 2611 798 2646; x_wconf 84' lang='lat' dir='ltr'><strong>Ibidem</strong></span> 
     </span>
     <span class='ocr_line' id='line_1_39' title="bbox 123 2660 798 2709; baseline 0.007 -15"><span class='ocrx_word' id='word_1_221' title='bbox 123 2666 158 2695; x_wconf 86' lang='lat' dir='ltr'><strong>et</strong></span> <span class='ocrx_word' id='word_1_222' title='bbox 182 2667 263 2694; x_wconf 85' lang='lat' dir='ltr'><strong>nata</strong></span> <span class='ocrx_word' id='word_1_223' title='bbox 284 2667 335 2696; x_wconf 88' lang='lat' dir='ltr'><strong>est</strong></span> <span class='ocrx_word' id='word_1_224' title='bbox 351 2660 525 2709; x_wconf 85' lang='lat' dir='ltr'><strong>Ctesylla,</strong></span> <span class='ocrx_word' id='word_1_225' title='bbox 555 2669 631 2708; x_wconf 78' lang='lat' dir='ltr'><strong>q&#39;uae</strong></span> <span class='ocrx_word' id='word_1_226' title='bbox 651 2664 798 2699; x_wconf 82' lang='lat' dir='ltr'><strong>Athenis</strong></span> 
     </span>
     <span class='ocr_line' id='line_1_40' title="bbox 124 2719 267 2747; baseline 0.007 -1"><span class='ocrx_word' id='word_1_227' title='bbox 124 2719 267 2747; x_wconf 84' lang='lat' dir='ltr'><strong>mutata.</strong></span> 
     </span>
    </p>
   </div>
   <div class='ocr_carea' id='block_1_12' title="bbox 168 2764 797 2811">
    <p class='ocr_par' dir='ltr' id='par_1_17' title="bbox 168 2764 797 2811">
     <span class='ocr_line' id='line_1_41' title="bbox 168 2764 797 2811; baseline 0.008 -14"><span class='ocrx_word' id='word_1_228' title='bbox 168 2764 242 2809; x_wconf 85' lang='lat'><strong>37¹·</strong></span> <span class='ocrx_word' id='word_1_229' title='bbox 264 2766 402 2810; x_wconf 76' lang='lat' dir='ltr'><strong>Tempe3</strong></span> <span class='ocrx_word' id='word_1_230' title='bbox 421 2779 494 2802; x_wconf 89' lang='lat' dir='ltr'><strong>non</strong></span> <span class='ocrx_word' id='word_1_231' title='bbox 510 2766 705 2803; x_wconf 81' lang='lat' dir='ltr'><strong>Thessalica</strong></span> <span class='ocrx_word' id='word_1_232' title='bbox 720 2766 797 2811; x_wconf 80' lang='lat' dir='ltr'><strong>illa,</strong></span> 
     </span>
    </p>
   </div>
   <div class='ocr_carea' id='block_1_13' title="bbox 856 1661 1546 2709">
    <p class='ocr_par' dir='ltr' id='par_1_18' title="bbox 856 1661 1546 2433">
     <span class='ocr_line' id='line_1_42' title="bbox 856 1661 1540 1705; baseline -0.004 -6"><span class='ocrx_word' id='word_1_233' title='bbox 856 1663 918 1700; x_wconf 85' lang='lat' dir='ltr'><strong>sed</strong></span> <span class='ocrx_word' id='word_1_234' title='bbox 925 1663 1113 1698; x_wconf 88' lang='lat' dir='ltr'><strong>Teumesia</strong></span> <span class='ocrx_word' id='word_1_235' title='bbox 1129 1661 1172 1697; x_wconf 93' lang='lat' dir='ltr'><strong>ad</strong></span> <span class='ocrx_word' id='word_1_236' title='bbox 1181 1663 1399 1697; x_wconf 88' lang='lat' dir='ltr'><strong>Teumesum</strong></span> <span class='ocrx_word' id='word_1_237' title='bbox 1409 1687 1419 1705; x_wconf 92' lang='lat'>‚</span> <span class='ocrx_word' id='word_1_238' title='bbox 1435 1674 1540 1696; x_wconf 86' lang='lat' dir='ltr'><strong>mon-</strong></span> 
     </span>
     <span class='ocr_line' id='line_1_43' title="bbox 858 1714 1539 1761; baseline -0.006 -9"><span class='ocrx_word' id='word_1_239' title='bbox 858 1724 932 1752; x_wconf 83' lang='lat' dir='ltr'><strong>tem</strong></span> <span class='ocrx_word' id='word_1_240' title='bbox 944 1716 1098 1751; x_wconf 82' lang='lat' dir='ltr'><strong>Boeotiae.</strong></span> <span class='ocrx_word' id='word_1_241' title='bbox 1108 1733 1152 1741; x_wconf 89' lang='lat'>—</span> <span class='ocrx_word' id='word_1_242' title='bbox 1163 1715 1245 1749; x_wconf 90' lang='lat' dir='ltr'><strong>Fuit</strong></span> <span class='ocrx_word' id='word_1_243' title='bbox 1264 1714 1354 1749; x_wconf 89' lang='lat' dir='ltr'><strong>dicta</strong></span> <span class='ocrx_word' id='word_1_244' title='bbox 1373 1716 1520 1761; x_wconf 77' lang='lat' dir='ltr'><strong>Cycneia</strong></span> <span class='ocrx_word' id='word_1_245' title='bbox 1530 1740 1539 1754; x_wconf 89' lang='lat'><strong><em>‚</em></strong></span> 
     </span>
     <span class='ocr_line' id='line_1_44' title="bbox 857 1768 1542 1816; baseline -0.006 -12"><span class='ocrx_word' id='word_1_246' title='bbox 857 1777 1002 1816; x_wconf 89' lang='lat' dir='ltr'><strong>propter</strong></span> <span class='ocrx_word' id='word_1_247' title='bbox 1011 1768 1177 1815; x_wconf 88' lang='lat' dir='ltr'><strong>Cycnum</strong></span> <span class='ocrx_word' id='word_1_248' title='bbox 1187 1768 1300 1802; x_wconf 77' lang='lat' dir='ltr'><strong>fitium</strong></span> <span class='ocrx_word' id='word_1_249' title='bbox 1308 1769 1434 1814; x_wconf 79' lang='lat' dir='ltr'><strong>Hyries</strong></span> <span class='ocrx_word' id='word_1_250' title='bbox 1441 1793 1450 1808; x_wconf 81' lang='grc'>,</span> <span class='ocrx_word' id='word_1_251' title='bbox 1465 1780 1542 1801; x_wconf 88' lang='lat' dir='ltr'><strong>mu-</strong></span> 
     </span>
     <span class='ocr_line' id='line_1_45' title="bbox 862 1819 1541 1857; baseline -0.006 0"><span class='ocrx_word' id='word_1_252' title='bbox 862 1829 976 1857; x_wconf 88' lang='lat' dir='ltr'><strong>tatum</strong></span> <span class='ocrx_word' id='word_1_253' title='bbox 987 1822 1023 1856; x_wconf 86' lang='lat' dir='ltr'><strong>in</strong></span> <span class='ocrx_word' id='word_1_254' title='bbox 1036 1821 1181 1855; x_wconf 88' lang='lat' dir='ltr'><strong>olorem.</strong></span> <span class='ocrx_word' id='word_1_255' title='bbox 1195 1822 1261 1854; x_wconf 88' lang='lat' dir='ltr'><strong>Ed.</strong></span> <span class='ocrx_word' id='word_1_256' title='bbox 1270 1836 1315 1845; x_wconf 85' lang='lat'><strong>--·</strong></span> <span class='ocrx_word' id='word_1_257' title='bbox 1324 1820 1366 1854; x_wconf 90' lang='lat' dir='ltr'><strong>In</strong></span> <span class='ocrx_word' id='word_1_258' title='bbox 1381 1819 1445 1854; x_wconf 85' lang='lat' dir='ltr'><strong>illis</strong></span> <span class='ocrx_word' id='word_1_259' title='bbox 1459 1819 1541 1854; x_wconf 87' lang='lat' dir='ltr'><strong>locis</strong></span> 
     </span>
     <span class='ocr_line' id='line_1_46' title="bbox 858 1872 1542 1921; baseline -0.006 -11"><span class='ocrx_word' id='word_1_260' title='bbox 858 1877 966 1921; x_wconf 77' lang='lat' dir='ltr'><strong>Hyrie</strong></span> <span class='ocrx_word' id='word_1_261' title='bbox 977 1902 986 1915; x_wconf 89' lang='lat'><em>‚</em></span> <span class='ocrx_word' id='word_1_262' title='bbox 1004 1873 1094 1909; x_wconf 87' lang='lat' dir='ltr'><strong>flens</strong></span> <span class='ocrx_word' id='word_1_263' title='bbox 1105 1887 1244 1918; x_wconf 80' lang='lat' dir='ltr'><strong>puerum</strong></span> <span class='ocrx_word' id='word_1_264' title='bbox 1254 1900 1262 1913; x_wconf 92' lang='lat'><strong>‚</strong></span> <span class='ocrx_word' id='word_1_265' title='bbox 1279 1873 1392 1908; x_wconf 81' lang='lat' dir='ltr'><strong>filium</strong></span> <span class='ocrx_word' id='word_1_266' title='bbox 1404 1899 1414 1916; x_wconf 93' lang='lat'>,</span> <span class='ocrx_word' id='word_1_267' title='bbox 1430 1872 1467 1907; x_wconf 90' lang='lat' dir='ltr'><strong>in</strong></span> <span class='ocrx_word' id='word_1_268' title='bbox 1478 1875 1542 1907; x_wconf 85' lang='lat' dir='ltr'><strong>la·-</strong></span> 
     </span>
     <span class='ocr_line' id='line_1_47' title="bbox 859 1924 1540 1961; baseline -0.003 0"><span class='ocrx_word' id='word_1_269' title='bbox 859 1940 933 1961; x_wconf 86' lang='lat' dir='ltr'><strong>cum</strong></span> <span class='ocrx_word' id='word_1_270' title='bbox 949 1939 1115 1961; x_wconf 88' lang='lat' dir='ltr'><strong>conversa</strong></span> <span class='ocrx_word' id='word_1_271' title='bbox 1130 1933 1193 1961; x_wconf 81' lang='lat' dir='ltr'><strong>est.</strong></span> <span class='ocrx_word' id='word_1_272' title='bbox 1221 1925 1356 1960; x_wconf 83' lang='lat' dir='ltr'><strong>Confer</strong></span> <span class='ocrx_word' id='word_1_273' title='bbox 1368 1924 1540 1960; x_wconf 88' lang='lat' dir='ltr'><strong>Antonin.</strong></span> 
     </span>
     <span class='ocr_line' id='line_1_48' title="bbox 860 1977 1543 2022; baseline -0.001 -9"><span class='ocrx_word' id='word_1_274' title='bbox 860 1978 1059 2013; x_wconf 87' lang='lat' dir='ltr'><strong>Liberalem</strong></span> <span class='ocrx_word' id='word_1_275' title='bbox 1071 2005 1081 2022; x_wconf 92' lang='lat'>,</span> <span class='ocrx_word' id='word_1_276' title='bbox 1099 1992 1127 2014; x_wconf 92' lang='lat' dir='ltr'><strong>c.</strong></span> <span class='ocrx_word' id='word_1_277' title='bbox 1146 1992 1249 2012; x_wconf 82' lang='lat'>12.·-</span> <span class='ocrx_word' id='word_1_278' title='bbox 1267 1979 1442 2018; x_wconf 79' lang='lat' dir='ltr'><strong>Volucres,</strong></span> <span class='ocrx_word' id='word_1_279' title='bbox 1464 1977 1543 2012; x_wconf 84' lang='lat' dir='ltr'><strong>vul-</strong></span> 
     </span>
     <span class='ocr_line' id='line_1_49' title="bbox 861 2030 1543 2076; baseline -0.003 -10"><span class='ocrx_word' id='word_1_280' title='bbox 861 2038 956 2066; x_wconf 82' lang='lat' dir='ltr'><strong>tures</strong></span> <span class='ocrx_word' id='word_1_281' title='bbox 982 2031 1080 2066; x_wconf 79' lang='lat' dir='ltr'><strong>miroe</strong></span> <span class='ocrx_word' id='word_1_282' title='bbox 1102 2030 1354 2076; x_wconf 84' lang='lat' dir='ltr'><strong>magnitudinis</strong></span> <span class='ocrx_word' id='word_1_283' title='bbox 1367 2057 1378 2074; x_wconf 83' lang='lat'><strong><em>‚</em></strong></span> <span class='ocrx_word' id='word_1_284' title='bbox 1402 2036 1543 2065; x_wconf 85' lang='lat' dir='ltr'><strong>auctore</strong></span> 
     </span>
     <span class='ocr_line' id='line_1_50' title="bbox 861 2081 1542 2128; baseline -0.004 -9"><span class='ocrx_word' id='word_1_285' title='bbox 861 2084 996 2119; x_wconf 85' lang='lat' dir='ltr'><strong>Anton.</strong></span> <span class='ocrx_word' id='word_1_286' title='bbox 1007 2101 1051 2111; x_wconf 86' lang='lat'><strong>--</strong></span> <span class='ocrx_word' id='word_1_287' title='bbox 1062 2085 1218 2117; x_wconf 81' lang='lat' dir='ltr'><strong>Leonem.</strong></span> <span class='ocrx_word' id='word_1_288' title='bbox 1232 2081 1354 2118; x_wconf 87' lang='lat' dir='ltr'><strong>Codex</strong></span> <span class='ocrx_word' id='word_1_289' title='bbox 1369 2082 1500 2128; x_wconf 88' lang='lat' dir='ltr'><strong>Regius</strong></span> <span class='ocrx_word' id='word_1_290' title='bbox 1512 2083 1542 2116; x_wconf 92' lang='lat' dir='ltr'><strong>B</strong></span> 
     </span>
     <span class='ocr_line' id='line_1_51' title="bbox 860 2135 1541 2181; baseline -0.001 -11"><span class='ocrx_word' id='word_1_291' title='bbox 860 2135 966 2171; x_wconf 88' lang='lat' dir='ltr'><strong>habet</strong></span> <span class='ocrx_word' id='word_1_292' title='bbox 973 2138 1162 2178; x_wconf 82' lang='lat' dir='ltr'><strong>draconem‚·</strong></span> <span class='ocrx_word' id='word_1_293' title='bbox 1171 2142 1310 2181; x_wconf 72' lang='lat' dir='ltr'><strong>pra-,stat</strong></span> <span class='ocrx_word' id='word_1_294' title='bbox 1322 2135 1423 2170; x_wconf 90' lang='lat' dir='ltr'><strong>lectio</strong></span> <span class='ocrx_word' id='word_1_295' title='bbox 1431 2135 1541 2181; x_wconf 88' lang='lat' dir='ltr'><strong>prior,</strong></span> 
     </span>
     <span class='ocr_line' id='line_1_52' title="bbox 860 2186 1541 2233; baseline 0 -12"><span class='ocrx_word' id='word_1_296' title='bbox 860 2195 1004 2233; x_wconf 85' lang='lat' dir='ltr'><strong>propter</strong></span> <span class='ocrx_word' id='word_1_297' title='bbox 1011 2190 1168 2222; x_wconf 83' lang='lat' dir='ltr'><strong>draconis</strong></span> <span class='ocrx_word' id='word_1_298' title='bbox 1175 2188 1248 2233; x_wconf 78' lang='lat' dir='ltr'><strong>jam</strong></span> <span class='ocrx_word' id='word_1_299' title='bbox 1255 2186 1465 2233; x_wconf 82' lang='lat' dir='ltr'><strong>praecedens.</strong></span> <span class='ocrx_word' id='word_1_300' title='bbox 1475 2189 1541 2221; x_wconf 89' lang='lat' dir='ltr'><strong>Ed.</strong></span> 
     </span>
     <span class='ocr_line' id='line_1_53' title="bbox 860 2240 1544 2288; baseline -0.001 -13"><span class='ocrx_word' id='word_1_301' title='bbox 860 2243 1046 2288; x_wconf 56' lang='grc' dir='ltr'><em>-ῙηιΙμη</em></span> <span class='ocrx_word' id='word_1_302' title='bbox 1061 2240 1132 2275; x_wconf 89' lang='lat' dir='ltr'><strong>duo</strong></span> <span class='ocrx_word' id='word_1_303' title='bbox 1145 2268 1155 2286; x_wconf 83' lang='lat'>,</span> <span class='ocrx_word' id='word_1_304' title='bbox 1171 2243 1307 2276; x_wconf 85' lang='lat' dir='ltr'><strong>delusus</strong></span> <span class='ocrx_word' id='word_1_305' title='bbox 1318 2252 1330 2283; x_wconf 75' lang='lat'><strong>,⁶</strong></span> <span class='ocrx_word' id='word_1_306' title='bbox 1352 2240 1435 2275; x_wconf 87' lang='lat' dir='ltr'><strong>hinc</strong></span> <span class='ocrx_word' id='word_1_307' title='bbox 1448 2240 1544 2275; x_wconf 85' lang='lat' dir='ltr'><strong>Bur-</strong></span> 
     </span>
     <span class='ocr_line' id='line_1_54' title="bbox 861 2294 1546 2339; baseline -0.003 -10"><span class='ocrx_word' id='word_1_308' title='bbox 861 2307 1014 2330; x_wconf 86' lang='lat' dir='ltr'><strong>mannus</strong></span> <span class='ocrx_word' id='word_1_309' title='bbox 1023 2294 1174 2339; x_wconf 83' lang='lat' dir='ltr'><strong>conjecit</strong></span> <span class='ocrx_word' id='word_1_310' title='bbox 1180 2299 1284 2339; x_wconf 82' lang='lat' dir='ltr'><strong>pacto</strong></span> <span class='ocrx_word' id='word_1_311' title='bbox 1298 2297 1397 2328; x_wconf 78' lang='lat' dir='ltr'><strong>toties</strong></span> <span class='ocrx_word' id='word_1_312' title='bbox 1407 2295 1546 2328; x_wconf 83' lang='lat' dir='ltr'><strong>delusus</strong></span> 
     </span>
     <span class='ocr_line' id='line_1_55' title="bbox 860 2347 1541 2393; baseline -0.003 -11"><span class='ocrx_word' id='word_1_313' title='bbox 860 2361 980 2383; x_wconf 81' lang='lat' dir='ltr'><strong>amore.</strong></span> <span class='ocrx_word' id='word_1_314' title='bbox 1011 2347 1113 2393; x_wconf 83' lang='lat' dir='ltr'><strong>Regii</strong></span> <span class='ocrx_word' id='word_1_315' title='bbox 1138 2347 1248 2382; x_wconf 88' lang='lat' dir='ltr'><strong>nostri</strong></span> <span class='ocrx_word' id='word_1_316' title='bbox 1263 2373 1273 2391; x_wconf 88' lang='lat'>,</span> <span class='ocrx_word' id='word_1_317' title='bbox 1301 2349 1420 2381; x_wconf 81' lang='lat' dir='ltr'><strong>sln‘clo</strong></span> <span class='ocrx_word' id='word_1_318' title='bbox 1443 2350 1541 2381; x_wconf 74' lang='lat' dir='ltr'><strong>toties</strong></span> 
     </span>
     <span class='ocr_line' id='line_1_56' title="bbox 861 2402 979 2433; baseline -0.008 0"><span class='ocrx_word' id='word_1_319' title='bbox 861 2402 979 2433; x_wconf 74' lang='lat' dir='ltr'><strong>italus.</strong></span> 
     </span>
    </p>

    <p class='ocr_par' dir='ltr' id='par_1_19' title="bbox 861 2450 1546 2656">
     <span class='ocr_line' id='line_1_57' title="bbox 905 2450 1543 2498; baseline -0.003 -12"><span class='ocrx_word' id='word_1_320' title='bbox 905 2452 980 2498; x_wconf 82' lang='lat'><strong>379.</strong></span> <span class='ocrx_word' id='word_1_321' title='bbox 990 2453 1164 2486; x_wconf 82' lang='lat' dir='ltr'><strong>Pendebal</strong></span> <span class='ocrx_word' id='word_1_322' title='bbox 1171 2454 1207 2485; x_wconf 82' lang='lat' dir='ltr'><strong>in</strong></span> <span class='ocrx_word' id='word_1_323' title='bbox 1216 2463 1296 2485; x_wconf 81' lang='lat' dir='ltr'><strong>aera</strong></span> <span class='ocrx_word' id='word_1_324' title='bbox 1299 2454 1432 2494; x_wconf 81' lang='lat' dir='ltr'><strong>pennis.</strong></span> <span class='ocrx_word' id='word_1_325' title='bbox 1441 2450 1543 2496; x_wconf 78' lang='lat' dir='ltr'><strong>Regii</strong></span> 
     </span>
     <span class='ocr_line' id='line_1_58' title="bbox 861 2503 1546 2549; baseline -0.001 -10"><span class='ocrx_word' id='word_1_326' title='bbox 861 2505 971 2539; x_wconf 88' lang='lat' dir='ltr'><strong>nostri</strong></span> <span class='ocrx_word' id='word_1_327' title='bbox 990 2531 999 2549; x_wconf 87' lang='lat'><strong><em>‚</em></strong></span> <span class='ocrx_word' id='word_1_328' title='bbox 1023 2509 1059 2539; x_wconf 81' lang='lat' dir='ltr'><strong>in</strong></span> <span class='ocrx_word' id='word_1_329' title='bbox 1078 2518 1163 2540; x_wconf 82' lang='lat' dir='ltr'><strong>aere.</strong></span> <span class='ocrx_word' id='word_1_330' title='bbox 1186 2505 1321 2539; x_wconf 89' lang='lat' dir='ltr'><strong>Utrum</strong></span> <span class='ocrx_word' id='word_1_331' title='bbox 1348 2503 1546 2549; x_wconf 72' lang='lat' dir='ltr'><strong>praestiterit</strong></span> 
     </span>
     <span class='ocr_line' id='line_1_59' title="bbox 862 2560 1538 2604; baseline 0.001 -10"><span class='ocrx_word' id='word_1_332' title='bbox 862 2573 935 2595; x_wconf 89' lang='lat' dir='ltr'><strong>non</strong></span> <span class='ocrx_word' id='word_1_333' title='bbox 958 2560 1103 2595; x_wconf 86' lang='lat' dir='ltr'><strong>dixerim</strong></span> <span class='ocrx_word' id='word_1_334' title='bbox 1122 2575 1130 2602; x_wconf 90' lang='grc'>;</span> <span class='ocrx_word' id='word_1_335' title='bbox 1157 2560 1290 2595; x_wconf 71' lang='lat' dir='ltr'><strong>vide-in</strong></span> <span class='ocrx_word' id='word_1_336' title='bbox 1310 2560 1399 2594; x_wconf 85' lang='lat' dir='ltr'><strong>libro</strong></span> <span class='ocrx_word' id='word_1_337' title='bbox 1421 2560 1538 2604; x_wconf 84' lang='lat' dir='ltr'>VIII,</span> 
     </span>
     <span class='ocr_line' id='line_1_60' title="bbox 867 2611 1469 2656; baseline 0.002 -11"><span class='ocrx_word' id='word_1_338' title='bbox 867 2613 926 2655; x_wconf 78' lang='lat'><strong>145</strong></span> <span class='ocrx_word' id='word_1_339' title='bbox 938 2638 948 2655; x_wconf 87' lang='grc'>,</span> <span class='ocrx_word' id='word_1_340' title='bbox 956 2612 1035 2656; x_wconf 85' lang='lat' dir='ltr'><strong>jam</strong></span> <span class='ocrx_word' id='word_1_341' title='bbox 1045 2614 1215 2656; x_wconf 80' lang='lat' dir='ltr'><strong>pendebat</strong></span> <span class='ocrx_word' id='word_1_342' title='bbox 1227 2615 1263 2646; x_wconf 85' lang='lat' dir='ltr'><strong>in</strong></span> <span class='ocrx_word' id='word_1_343' title='bbox 1277 2624 1388 2646; x_wconf 83' lang='lat' dir='ltr'><strong>auras.</strong></span> <span class='ocrx_word' id='word_1_344' title='bbox 1402 2611 1469 2646; x_wconf 88' lang='lat' dir='ltr'><strong>Ed.</strong></span> 
     </span>
    </p>

    <p class='ocr_par' dir='ltr' id='par_1_20' title="bbox 907 2662 1544 2709">
     <span class='ocr_line' id='line_1_61' title="bbox 907 2662 1544 2709; baseline 0.002 -13"><span class='ocrx_word' id='word_1_345' title='bbox 907 2663 949 2697; x_wconf 85' lang='lat'><strong>38</strong></span> <span class='ocrx_word' id='word_1_346' title='bbox 957 2677 983 2697; x_wconf 88' lang='lat'><strong>1.</strong></span> <span class='ocrx_word' id='word_1_347' title='bbox 1003 2665 1163 2699; x_wconf 68' lang='lat' dir='ltr'><strong>Delio-uit.</strong></span> <span class='ocrx_word' id='word_1_348' title='bbox 1178 2663 1425 2709; x_wconf 86' lang='lat' dir='ltr'><strong>Deliquescere</strong></span> <span class='ocrx_word' id='word_1_349' title='bbox 1436 2662 1479 2698; x_wconf 87' lang='lat' dir='ltr'><strong>de</strong></span> <span class='ocrx_word' id='word_1_350' title='bbox 1490 2675 1544 2698; x_wconf 87' lang='lat' dir='ltr'><strong>so-</strong></span> 
     </span>
    </p>
   </div>
   <div class='ocr_carea' id='block_1_14' title="bbox 861 2715 1542 2814">
    <p class='ocr_par' dir='ltr' id='par_1_21' title="bbox 861 2715 1542 2814">
     <span class='ocr_line' id='line_1_62' title="bbox 861 2715 1542 2763; baseline -0.001 -13"><span class='ocrx_word' id='word_1_351' title='bbox 861 2715 932 2750; x_wconf 89' lang='lat' dir='ltr'><strong>lido</strong></span> <span class='ocrx_word' id='word_1_352' title='bbox 943 2729 1088 2762; x_wconf 86' lang='lat' dir='ltr'><strong>corpore</strong></span> <span class='ocrx_word' id='word_1_353' title='bbox 1099 2743 1108 2760; x_wconf 95' lang='lat'>,</span> <span class='ocrx_word' id='word_1_354' title='bbox 1137 2717 1231 2763; x_wconf 88' lang='lat' dir='ltr'><strong>quod</strong></span> <span class='ocrx_word' id='word_1_355' title='bbox 1245 2716 1360 2753; x_wconf 83' lang='lat' dir='ltr'><strong>difluit</strong></span> <span class='ocrx_word' id='word_1_356' title='bbox 1372 2717 1409 2752; x_wconf 91' lang='lat' dir='ltr'><strong>in</strong></span> <span class='ocrx_word' id='word_1_357' title='bbox 1420 2728 1542 2762; x_wconf 77' lang='lat' dir='ltr'><strong>aquas:</strong></span> 
     </span>
     <span class='ocr_line' id='line_1_63' title="bbox 865 2767 1148 2814; baseline 0.004 -12"><span class='ocrx_word' id='word_1_358' title='bbox 865 2767 965 2803; x_wconf 82' lang='lat' dir='ltr'><strong>aliter</strong></span> <span class='ocrx_word' id='word_1_359' title='bbox 983 2769 1055 2814; x_wconf 88' lang='lat' dir='ltr'><strong>lv,</strong></span> <span class='ocrx_word' id='word_1_360' title='bbox 1074 2770 1148 2804; x_wconf 77' lang='lat'><strong>253.</strong></span> 
     </span>
    </p>
   </div>
  </div>
 </body>
</html>
