1832 3100
342 192 1043 250 METAMORPHOSEON
1082 198 1323 243 L113.11.
1469 215 1481 241 1

1493 198 1518 253 ὲκ

131 322 154 344 1⁹
181 296 448 348 Dissuadere
470 295 574 344 licet
597 314 607 342 :
631 313 726 342 non
747 306 815 342 est
838 305 914 342 tua
932 303 1029 340 tuta
1048 290 1267 339 voluntas.

133 401 156 420 »
183 378 350 440 Magna
370 373 508 442 petis,
530 371 790 430 Phaethon,
814 382 858 419 et
882 388 979 437 quae
1002 387 1083 416 nec
1107 368 1277 440 viribus
1302 368 1398 418 istis

134 477 157 497 ι)
184 455 373 503 Munera
396 450 682 509 conveniant,
704 468 785 498 nec
809 461 897 498 tam
922 445 1171 515 puerilibus
1196 446 1337 494 annis.
1516 463 1556 496 55

136 554 158 576 ι»
186 531 294 580 Sors
313 541 390 582 tua
409 526 610 577 mortalis
630 547 640 576 :
661 547 755 576 non
779 537 846 575 est
863 524 1047 575 mortale
1071 523 1195 591 quod
1218 535 1358 591 optas.

138 631 160 652 »
186 607 296 657 Plus
316 607 467 665 etiam,
494 625 626 673 quam
651 604 772 672 quod
792 603 975 671 Superis
997 602 1254 666 contingere
1277 602 1341 651 fas
1363 602 1422 651 sit
1437 640 1448 660 ‚

138 708 161 730 »
189 686 376 735 Nescius
402 684 593 734 adfectas
618 703 627 732 :
647 683 818 751 placeat
837 682 923 731 sibi
949 681 1135 749 quisque
1158 679 1313 730 licebit
1330 719 1341 739 ‚

139 786 162 807 »
187 765 292 813 Non
314 775 459 813 tamen
482 761 670 826 ignifero
696 760 930 828 quisquam
952 759 1190 809 consistere
1214 759 1262 807 in
1284 778 1361 808 axe

138 863 163 886 »
190 843 270 892 Me
292 841 409 891 valet
428 852 613 907 excepto
638 861 648 889 :
674 840 788 887 vasti
810 858 989 906 quoque
1012 850 1161 887 rector
1186 837 1391 906 Olympi,
1520 855 1565 887 (30

139 941 165 963 »
191 919 286 984 Qui
308 919 399 968 fera
422 917 610 967 terribili
629 916 848 984 jaculatur
867 916 1054 965 fulmina
1077 916 1228 965 dextra
1242 954 1254 975 ‚

140 1018 166 1042 υ
192 998 299 1047 Non
322 1009 423 1061 agat
442 996 528 1046 hos
552 1015 706 1045 currus
731 1015 741 1044 :
768 1006 811 1043 et
835 994 944 1062 quid
961 995 1070 1042 Jove
1095 994 1235 1059 majus
1255 994 1503 1045 habemus?

142 1096 166 1118 >›
193 1074 347 1124 Ardua
371 1075 515 1142 prima
535 1074 605 1123 via
629 1085 719 1131 est3
743 1085 787 1121 et
812 1092 900 1139 qua
922 1071 994 1119 vix
1017 1090 1142 1120 mane
1164 1084 1358 1120 recentes

143 1173 167 1195 n
195 1153 437 1202 Enitantur
459 1151 563 1219 equi
583 1171 593 1199 ε
612 1150 757 1199 medio
780 1161 847 1199 est
867 1148 1074 1198 altissima
1099 1147 1231 1206 caelo;

145 1251 168 1273 n
198 1230 330 1279 Unde
349 1249 469 1280 mare
493 1241 536 1279 et
555 1241 692 1278 terras
714 1228 803 1295 ipsi
826 1226 936 1276 mihi
960 1245 1074 1294 saepe
1098 1226 1243 1275 videre
1524 1243 1570 1277 65

187 1367 327 1402 53—102.
342 1367 551 1402 Dissuadere
565 1368 654 1401 licet.
671 1365 823 1401 Dissua-

143 1419 235 1456 soria
260 1419 408 1466 egregia.
438 1418 662 1465 Argumenta
685 1417 824 1453 dissua-

145 1471 253 1508 dendi
274 1478 390 1507 sumta
414 1477 498 1507 sunt
520 1471 563 1506 ab
586 1469 824 1505 imbecillitate

146 1522 297 1570 petentis
311 1548 321 1568 ,
350 1522 462 1567 54-62
478 1536 488 1565 ;
515 1534 535 1556 a
565 1520 826 1557 difficultatibus

145 1575 210 1611 vie
222 1601 232 1620 ,
250 1575 363 1622 63-75
378 1588 388 1617 ;
404 1574 447 1610 ab
464 1573 597 1610 insidiis
612 1574 649 1609 in
664 1574 741 1619 via,
759 1573 826 1620 76-

147 1627 212 1671 833
230 1640 249 1663 a
261 1627 390 1663 ferocia
405 1639 580 1673 equorum
599 1627 710 1674 84-87
724 1652 734 1671 ,
752 1626 828 1672 qni·

146 1680 230 1723 bus,
251 1686 294 1715 ut
318 1679 357 1715 in
382 1679 608 1726 peroratione
625 1705 635 1724 ,
662 1679 797 1715 monita
815 1705 825 1723 ,

146 1745 289 1780 preces,
313 1744 406 1767 nova
428 1731 597 1779 promissa
622 1731 749 1767 addita.
775 1731 828 1766 Ea

147 1798 232 1821 vero
269 1785 390 1820 omnia
424 1784 650 1831 probabiliter
682 1790 830 1820 tractata

148 1845 251 1881 sunt;
267 1841 358 1880 tuta,
376 1837 452 1873 sine
467 1836 623 1883 periculo
634 1849 642 1871 ε
652 1839 732 1871 istis
746 1849 829 1871 cum

150 1891 197 1935 vi,
208 1895 277 1926 tam
287 1892 486 1936 puerilibus.
501 1889 642 1931 —Sors‚
661 1887 831 1934 quidquid

150 1943 251 1979 uobis
266 1949 393 1978 natura
408 1941 551 1986 tribuit,
569 1948 610 1976 ut
625 1954 725 1976 sexus
735 1967 745 1984 ‚
762 1940 798 1975 h.
808 1940 831 1975 1.

150 2002 276 2031 natura
285 2007 294 2030 ι
303 1996 453 2036 mortale,
460 1993 601 2028 mortali
608 1992 833 2029 conveniens,

196 2049 251 2082 55.
280 2047 497 2082 Conveniunt.
525 2043 614 2079 Cod.
636 2045 765 2080 Noster
790 2044 834 2078 R.

153 2098 196 2134 Β.
212 2101 418 2134 conveniunt.

201 2154 253 2196 57.
269 2151 356 2185 Plus
370 2152 471 2184 eliam
480 2147 836 2184 etc.1mbecillitatem

157 2201 256 2248 pueri
263 2201 354 2235 bene
365 2199 564 2246 amplificat,
574 2199 835 2244 comparatione

157 2267 239 2291 cum
251 2254 342 2298 Diis,
358 2253 432 2299 ipso
445 2253 532 2288 adeo
548 2253 651 2298 Jove,
668 2252 836 2287 instituta.

157 2324 201 2332 -
214 2306 284 2340 Fas
299 2307 364 2346 sit,
385 2304 542 2351 possibile
560 2304 604 2339 sit
620 2316 627 2338 :
643 2302 712 2338 vid.
729 2303 838 2338 Lam-

155 2358 228 2394 hin.
247 2356 290 2392 ad
309 2356 436 2392 Horat.
450 2356 485 2397 I,
508 2355 580 2392 Od.
598 2366 700 2399 xxw,
718 2368 785 2398 203
803 2361 838 2390 et

159 2410 228 2455 IV,
245 2408 317 2446 Od.
342 2420 404 2454 lv,
433 2422 485 2444 22.
503 2410 601 2444 Hinc
616 2408 766 2443 formula
779 2436 789 2453 ‚
807 2412 845 2443 si

157 2466 239 2498 Ie'ce!
251 2467 288 2497 e!
295 2462 354 2502 sas
365 2467 420 2497 es!
428 2489 438 2507 ,
455 2475 519 2508 pro
538 2475 606 2508 qua
622 2463 752 2498 Noster
761 2462 841 2497 He·—

159 2515 273 2551 roidd.
289 2515 380 2551 XVI
396 2541 406 2559 ,
426 2516 488 2550 235
502 2542 511 2560 ,
531 2529 598 2561 qua
616 2518 697 2551 lice!
711 2521 747 2550 et
755 2529 842 2560 pos-

160 2581 244 2604 sum.
255 2567 379 2602 Burm.
391 2569 514 2601 -Fas
529 2571 585 2602 sit.
603 2569 727 2603 Heius.
743 2569 842 2603 malit

156 2633 226 2666 par
235 2623 289 2654 est
298 2646 307 2660 ‚
329 2625 389 2654 aut
403 2621 458 2653 sil.
477 2637 521 2647 -—
537 2621 682 2654 Placeat
695 2623 766 2654 sibi
776 2627 842 2655 etc.

165 2670 326 2717 Quisque
337 2676 546 2705 caeterorum
558 2670 718 2705 Deorum
727 2684 762 2706 se
776 2684 842 2706 ex—

164 2724 288 2760 neuere
301 2731 400 2770 putet
412 2750 421 2768 ,
443 2730 616 2769 quantum
632 2724 724 2758 velit.

934 1367 986 1412 59.
1002 1363 1083 1398 Axe
1094 1390 1102 1404 ,
1129 1375 1235 1398 curru
1254 1389 1263 1407 ,
1288 1363 1325 1398 in
1343 1375 1414 1409 quo
1431 1368 1571 1400 consis-

889 1420 982 1452 tebat
995 1416 1122 1463 Apollo
1137 1442 1146 1460 ,
1169 1423 1209 1451 ut
1227 1416 1413 1452 Phaethon
1430 1431 1478 1452 vs.
1499 1420 1572 1454 151.

890 1470 948 1506 Sic
957 1470 1063 1506 etiam
1072 1470 1109 1504 in
1119 1472 1275 1506 nummis
1285 1478 1573 1516 repraesentatur:

889 1523 959 1558 vid.
979 1523 1170 1570 Spanhem.
1198 1524 1241 1559 ad
1266 1524 1404 1559 Gallim.
1431 1525 1466 1560 h.
1492 1526 1572 1562 Del.

891 1588 939 1610 vs.
952 1575 1024 1624 169.
1040 1574 1160 1611 Curru
1172 1583 1291 1611 tamen
1301 1579 1451 1611 insidens
1459 1578 1576 1623 perhi-

892 1628 997 1664 betur
1012 1629 1114 1673 alibi,
1139 1637 1179 1664 ut
1195 1630 1319 1665 Senec.
1345 1630 1445 1665 Med.
1463 1645 1515 1679 29.

935 1681 988 1715 61.
1010 1681 1165 1726 Quisera
1180 1684 1324 1716 terribili
1334 1689 1401 1717 etc.
1419 1682 1476 1718 De
1483 1682 1576 1726 seri-

892 1736 964 1766 lale
972 1732 1176 1776 fulminum,
1188 1733 1313 1778 quibus
1327 1738 1427 1768 terret
1440 1742 1574 1780 gentes,

893 1787 936 1822 cf.
962 1787 1018 1822 111
1030 1813 1040 1832 ,
1074 1787 1138 1822 303
1154 1801 1228 1833 sqq.
1257 1795 1293 1824 et
1321 1789 1418 1834 Virg.
1446 1787 1576 1834 Georg.

894 1850 908 1872 1
922 1865 931 1880 ,
959 1838 1024 1874 328
1047 1852 1121 1884 sqq.

940 1890 994 1925 62.
1010 1893 1087 1926 Non
1102 1896 1195 1935 agal.
1222 1891 1342 1926 Nostri
1361 1890 1487 1926 Codd..
1499 1893 1579 1929 RR-

896 1947 983 1986 agel.
1005 1943 1040 1978 A
1039 1956 1116 1988 gere
1130 1956 1259 1977 currum
1271 1970 1280 1984 ,
1299 1956 1420 1987 equos,
1441 1958 1578 1987 nauem,

898 1995 1039 2041 phrases
1060 1995 1235 2030 solemnes
1262 2009 1271 2031 ε
1293 1995 1372 2031 vide
1399 1997 1578 2032 Burman-

899 2060 999 2083 num.
1017 2066 1061 2074 --
1077 2049 1259 2083 Habemus.
1283 2047 1373 2083 Cod.
1389 2049 1433 2085 R.
1450 2050 1494 2085 A.
1510 2053 1581 2085 ba-

900 2103 1002 2135 betur.
1020 2119 1065 2126 —-
1080 2102 1129 2135 Et
1143 2103 1227 2146 quid
1238 2108 1303 2136 etc.
1321 2102 1374 2136 XI
1386 2129 1396 2146 ,
1424 2105 1488 2147 224
1508 2117 1516 2139 ε
1541 2118 1584 2139 ne

900 2153 1078 2197 quidquam
1101 2153 1244 2186 mundus
1267 2154 1352 2188 Jove
1378 2155 1492 2198 majus
1511 2157 1583 2189 ha·-

902 2206 999 2238 beret.
1012 2202 1210 2239 Consilium
1220 2204 1368 2241 dicentis
1377 2207 1583 2252 postulabat,

903 2262 942 2290 ut
956 2255 1014 2292 hic
1029 2257 1191 2303 majestas
1202 2257 1301 2293 Jovis
1318 2258 1354 2292 in
1371 2258 1447 2294 luce
1469 2259 1585 2295 collo-

902 2317 1051 2345 caretur.

947 2362 1000 2398 63.
1016 2364 1134 2397 Prima
1154 2367 1221 2398 via.
1248 2364 1369 2399 Prima
1392 2378 1471 2411 pars
1499 2367 1585 2401 viae:

899 2418 1042 2460 primurn
1051 2418 1208 2450 mundum
1218 2416 1265 2451 sic
1276 2416 1360 2450 dixit
1367 2417 1491 2452 Senec.
1501 2418 1587 2454 OEd.

910 2482 921 2502 1
933 2467 1201 2509 16.-Recenles‚
1213 2475 1387 2503 nocturna
1398 2470 1515 2514 quiete
1530 2484 1589 2505 re-

906 2519 1022 2555 creati.
1034 2519 1167 2554 Passim
1176 2523 1342 2564 mlegrz'et
1353 2527 1500 2556 recentes
1508 2535 1588 2557 con-

906 2571 1118 2615 junguntur,
1136 2577 1238 2614 atque
1251 2569 1448 2622 desaltssqatfir
1466 2579 1501 2607 et
1507 2573 1590 2618 fes-

908 2625 958 2657 sz's
972 2635 1051 2667 opp.
1072 2634 1080 2655 :
1097 2621 1165 2656 vid.
1183 2621 1322 2656 Ciosan.

953 2674 1007 2716 64.
1037 2675 1230 2708 Enl'lanlur.
1262 2673 1352 2709 Cod.
1390 2675 1520 2722 Regius
1547 2677 1589 2711 B.

911 2726 1127 2760 Emmantur.
1153 2726 1235 2762 Non
1260 2727 1352 2763 male
1369 2740 1519 2775 quoque.
