1832 3100
341 247 1033 298 METAMORPHOSEON
1065 250 1192 293 LIB.
1227 249 1319 293 VI.

1453 247 1548 310 457⁶

133 371 156 392 »
182 347 256 397 Do
274 346 359 396 tibi
375 363 571 413 :perque
593 342 748 400 fidem,
775 353 1049 408 cognataque
1072 354 1250 408 pectora
1272 341 1484 409 supplex,

132 447 155 468 »
180 426 266 475 Per
285 425 481 490 Superos
506 440 586 470 oro
602 458 614 479 ‚
639 420 785 488 patrio
808 419 969 469 tuearis
989 439 1163 477 amore3

133 524 157 546 »
182 503 244 552 Et
263 500 375 550 'mihi
396 499 596 554 sollicitae
617 497 809 547 lenimen
831 497 958 546 dulce
984 508 1167 546 senectae

1479 510 1545 545 500

132 607 157 629 »
185 583 552 649 Quamprimum,
575 581 721 630 omnis
747 580 830 629 erit
851 580 984 628 nobis
1006 598 1131 628 mora
1152 578 1284 642 longa
1298 617 1309 637 ‚
1332 579 1542 629 remittas.

132 687 157 710 »
182 667 254 715 Tu
272 663 815 732 quoque‘quamprimum,
835 662 942 711 satis
959 672 1026 710 est
1039 659 1197 728 procul
1214 679 1306 710 esse
1326 680 1545 719 sororem,

130 770 156 790 »ν
182 747 230 796 Si
253 748 395 815 pietas
417 745 509 796 ulla
531 758 618 804 est,
643 745 700 794 ad
722 763 813 803 me,
840 742 1111 801 Philomela,
1136 742 1293 791 redito.
1315 765 1338 785 »

126 829 395 888 Mandabat3
416 828 667 896 pariterque
691 845 780 875 suae
805 825 929 875 dedit
951 825 1105 874 oscula
1125 836 1267 873 natae:
1298 832 1300 836 “

125 914 188 963 Et
207 912 406 980 lacrymae
427 911 558 960 mites
579 909 695 958 inter
716 908 923 958 mandata
944 907 1171 957 cadebant.

1484 919 1549 953 505

78 989 82 997 ¹
126 997 279 1062 thue
301 993 388 1056 fide
408 993 574 1061 pignus
599 992 773 1041 dextras
794 991 1029 1057 utriusque
1053 988 1262 1056 poposcit
1275 1026 1287 1046 ‚

128 1080 251 1127 Inter
273 1095 407 1144 seque
431 1076 555 1125 datas
575 1075 748 1142 junxit3
772 1086 1007 1140 natamque
1030 1084 1328 1139 nepotemque

129 1160 376 1218 Absentes‚
398 1157 584 1208 memori
603 1176 688 1224 pro
711 1175 757 1205 se
777 1156 907 1222 jubet
927 1175 1003 1204 ore
1027 1153 1220 1203 salutent
1239 1173 1250 1212 ;

129 1241 486 1310 Supremumque
508 1238 602 1288 vale
619 1277 630 1297 ‚
654 1238 788 1306 pleno
813 1237 1085 1301 singultibus
1107 1256 1208 1295 ore,

128 1324 218 1375 Vix
241 1323 375 1382 dixit;
400 1323 637 1389 timuitque
663 1341 751 1370 suae
770 1320 982 1388 praesagia
1004 1320 1179 1369 mentis.

1489 1333 1552 1368 510

130 1408 196 1456 Ut
217 1406 350 1456 semel
372 1406 582 1473 imposita
607 1418 676 1455 est
690 1405 819 1473 pictae
842 1403 1087 1453 Philomela
1112 1404 1293 1462 carinae3

130 1476 464 1556 Admotumque
482 1489 644 1538 fretum
664 1489 796 1538 remis
810 1526 822 1548 ‚
847 1483 1065 1555 tellusque
1089 1486 1266 1555 repulsa
1286 1508 1296 1536 ε

129 1622 376 1669 pramittunt3
397 1622 566 1658 Heinsius
585 1630 622 1658 et
647 1622 810 1668 Caposer.

129 1676 322 1712 delendum
337 1683 431 1712 recte
448 1682 605 1712 censent.
615 1694 660 1704 —-
672 1677 715 1711 In
734 1675 810 1711 Co-

129 1727 204 1764 dice
223 1729 335 1775 Regio
351 1729 383 1764 A
397 1755 407 1772 ,
431 1729 488 1764 hic
503 1740 623 1764 versus
646 1728 810 1775 praemit-

125 1781 213 1816 titur
223 1781 396 1828 superiori
406 1789 442 1820 et
455 1782 504 1817 ita
519 1782 648 1828 legitur
659 1794 668 1816 ε
689 1783 738 1816 Ut
748 1795 811 1817 vo-

127 1836 218 1870 luere
225 1838 346 1876 ambe,
363 1837 508 1871 voluisti
519 1842 584 1870 etc.
597 1854 642 1861 -
657 1837 811 1879 Cognata

121 1891 270 1932 pectora.
286 1887 476 1933 Schepper.
495 1887 714 1932 conjecturat
727 1887 809 1931 fae-

127 1940 208 1973 dero
224 1951 237 1982 ,·
262 1939 388 1985 probat
402 1939 631 1973 Burmannus
644 1941 788 1982 pignora
798 1964 808 1978 ‚

129 1995 166 2024 et
188 1991 319 2025 fatetur
340 2003 377 2025 se
403 2001 478 2024 non
509 2002 634 2036 capere
666 1993 812 2034 cognata

124 2047 289 2088 pectora5
313 2042 375 2079 sed
397 2042 426 2078 si
442 2056 505 2090 per
528 2055 648 2088 corpus
671 2041 812 2076 alterius

129 2095 311 2131 obsecrare
336 2102 372 2131 et
395 2096 514 2142 jurare
538 2095 641 2139 licet,
669 2101 709 2131 ut
727 2095 812 2129 He-

128 2147 221 2184 roid.
236 2148 327 2184 xm
340 2173 351 2192 ,
381 2151 466 2195 159,
484 2147 608 2194 quidni
625 2147 731 2182 etiam
747 2159 814 2192 per

124 2203 246 2244 pectus
252 2200 412 2245 cognati?
421 2199 523 2246 Regii
533 2199 657 2243 nostri,
663 2203 812 2243 pectora.

177 2253 255 2286 500.
287 2253 339 2288 Et
363 2254 450 2287 mihi
469 2255 635 2287 sollicita.
665 2250 813 2286 Codices

131 2304 243 2339 nostri
256 2303 388 2340 habent
403 2307 574 2347 sollicitas
600 2303 725 2342 metior
743 2303 814 2338 lec-

133 2355 183 2390 tio
199 2355 316 2392 altera.
341 2357 408 2391 Ed.

177 2410 251 2453 504.
265 2410 390 2451 Dedit,
411 2408 506 2454 quod
522 2409 629 2444 etiam
640 2410 814 2444 Burman-

133 2471 183 2493 no
199 2459 377 2505 placebat,
401 2473 421 2495 e
441 2461 597 2506 quinque
623 2460 732 2496 MSS.
748 2473 814 2495 re-

133 2511 230 2557 cepi,
257 2519 297 2547 ut
311 2512 443 2559 legibus
458 2514 586 2560 linguae
608 2514 792 2551 satisfieret
803 2541 812 2559 ,

135 2572 172 2600 et
204 2570 372 2615 κακόςωνον
396 2567 577 2603 vitaretur.
614 2568 714 2603 Dum
741 2567 816 2604 haec

134 2621 322 2653 mandabat
331 2625 367 2653 et
382 2619 541 2667 lacryma:
550 2622 735 2662 cadebant,
752 2620 817 2655 de-

135 2671 187 2706 dit
202 2671 281 2707 filiae
297 2672 465 2707 osculum.
484 2673 706 2718 Inaequalitas
716 2680 817 2708 tem-

137 2735 265 2768 porum
283 2723 420 2771 decepit
440 2725 622 2760 librarium
637 2751 646 2769 ‚
671 2732 711 2760 ut
725 2727 820 2760 dedit

138 2775 175 2810 in
188 2778 294 2812 dabat
307 2779 635 2822 mutaret-mles,
650 2790 727 2824 quae
743 2791 818 2814 non

874 1622 912 1656 in
928 1622 1024 1657 luctu
1037 1647 1046 1665 ‚
1064 1620 1125 1656 sed
1141 1621 1178 1655 in
1195 1621 1314 1656 animo
1329 1619 1441 1655 lenius
1456 1632 1555 1655 com-··

875 1682 973 1710 moto
989 1674 1198 1711 funduntur.

920 1727 995 1762 506.
1017 1727 1205 1772 thuefide
1220 1754 1227 1762 .
1242 1753 1250 1761 .
1264 1753 1272 1760 .
1288 1729 1465 1771 utriusque.
1483 1724 1556 1759 Co-

876 1778 968 1813 dices
985 1778 1116 1822 nostri,
1140 1779 1188 1812 Ut
1195 1779 1285 1823 fidei
1389 1782 1554 1821 utrasque.

874 1848 919 1855 —
929 1829 995 1864 Vir
1010 1829 1132 1864 doctus
1147 1829 1185 1863 in
1203 1828 1419 1863 Bibliotheca
1434 1828 1556 1873 Tigur.

877 1896 909 1928 p.
930 1894 971 1928 7⁰
983 1908 993 1926 ‚
1017 1882 1157 1928 praefert
1174 1881 1364 1927 Vulgatam
1378 1885 1552 1926 utrasque,

877 1934 956 1980 quia
975 1937 1102 1979 utrique
1118 1933 1160 1968 de
1177 1933 1312 1968 duobus
1336 1933 1447 1968 rarius
1471 1932 1557 1978 qui-

877 1986 962 2021 dem
972 1992 1133 2020 occurrat
1145 2012 1155 2031 ,
1167 1985 1428 2021 auctoritatibus
1438 1992 1556 2019 tamen

876 2038 1143 2084 comprobatum
1156 2038 1210 2074 sit.
1223 2037 1313 2073 Vide
1324 2037 1557 2073 Freinshemii

878 2090 1039 2127 Iudicem
1049 2090 1085 2125 in
1102 2090 1260 2125 Florum.
1270 2091 1457 2124 —Dextra
1467 2089 1558 2135 apud

877 2155 1002 2179 omnes
1015 2149 1135 2189 gentes
1132 2145 1351 2188 fideiplknus
1363 2142 1480 2177 habita
1490 2149 1541 2177 est
1553 2154 1561 2176 ι

878 2197 956 2232 vide
979 2196 1284 2240 Freinshemium,
1303 2196 1346 2231 ad
1367 2195 1532 2231 Curtium
1548 2222 1557 2238 ,

880 2250 936 2285 VI
949 2276 959 2293 ,
979 2261 1019 2285 lv
1031 2277 1041 2294 ,
1066 2251 1114 2294 14.

925 2306 1000 2339 510.
1015 2306 1192 2348 Proesagia
1204 2307 1334 2339 menttlr.
1360 2304 1416 2338 De
1438 2303 1560 2338 talibus

874 2360 1050 2402 praesagit&
1063 2384 1072 2398 ‚
1095 2358 1137 2392 cs.
1155 2358 1208 2392 XI
1221 2383 1230 2400 ,
1249 2359 1334 2402 457;
1353 2358 1502 2392 Homer.
1521 2357 1561 2391 ll.

879 2410 930 2453 Z,
949 2409 1031 2453 4863
1052 2409 1175 2455 Vix-git.
1187 2409 1329 2444 AEneid.
1341 2410 1436 2453 XII,
1457 2423 1506 2454 72.
1518 2427 1561 2434 —-

878 2463 1073 2498 Admotum.
1099 2463 1204 2498 Unus
1226 2462 1405 2498 Leideusis
1422 2488 1432 2505 ‚
1460 2475 1563 2496 amo-

880 2520 949 2550 tum
961 2542 969 2556 ‚
988 2514 1083 2549 unde
1102 2516 1330 2550 Burmannus
1352 2519 1493 2549 emotum
1510 2515 1563 2549 sa-

880 2567 1103 2603 cit—Nostri
1116 2567 1216 2613 Regii
1229 2593 1238 2611 ,
1254 2569 1443 2610 admotum,·
1459 2566 1562 2602 lectio

879 2616 1026 2656 amolum
1042 2621 1084 2655 ab
1101 2633 1220 2655 errore
1240 2620 1369 2655 librarii
1389 2621 1561 2666 provenit.

881 2677 948 2709 Ed.
962 2693 1008 2700 —-
1024 2676 1205 2710 Admotum
1211 2673 1339 2718 fretum
1354 2678 1454 2708 remis
1464 2700 1474 2714 ‚
1500 2674 1564 2709 in—

881 2727 996 2762 solens
1009 2727 1138 2762 locutio
1152 2726 1291 2762 videtur
1308 2727 1391 2762 Intt.
1409 2727 1469 2772 qui
1485 2739 1562 2761 eam

882 2779 936 2815 vel
953 2778 1166 2824 emendant,
1184 2786 1224 2815 ut
1239 2779 1465 2814 Burmannus
1480 2804 1489 2822 ‚
1510 2778 1564 2813 vel
