1832 3100
327 245 1032 296 METAMORPHOSEON
1065 249 1198 292 LIB.
1234 249 1335 293 111.

93 344 97 347 ’
119 367 143 388 »
171 344 388 413 Serpunt;
411 354 455 391 et
478 339 669 406 gravidis
695 339 978 403 distinguunt
997 338 1092 388 vela
1112 341 1348 407 corymbis.

1451 250 1534 292 281

1467 355 1534 391 665

118 444 143 465 »
167 423 294 489 Ipse,
318 418 583 469 racemiferis
606 418 796 466 frontem
819 416 1116 466 circumdatus
1137 417 1236 464 uvis
1251 453 1263 474 ‚

118 526 142 547 »ι
167 501 421 570 Pampineis
442 501 580 565 agitat
601 499 789 549 velatam
811 491 1050 548 frondibus
1069 499 1254 548 hastam.

116 607 142 629 »
169 585 317 649 Quem
340 583 454 633 circa
478 583 638 647 tigres,
662 581 982 649 simulacraque
1005 581 1153 630 inania
1175 580 1376 648 lyncum,

115 689 141 712 »
164 667 478 734 Pictammque
496 666 642 732 jacent
664 665 757 714 sera
781 683 972 732 corpora
993 664 1323 731 pantherarum.

115 771 140 793 ³>
166 748 395 799 Exsiluere
415 748 524 811 viri;
548 748 638 797 sive
659 748 746 797 hoc
771 747 942 796 insania
961 746 1087 805 fecit,

110 888 219 934 citur,
232 887 335 935 eique
343 900 451 924 nesus
457 888 673 924 tribuuntur.
685 888 796 933 Serpit

112 941 200 978 adeo
223 946 347 979 circum
366 946 513 987 tempora
529 969 539 984 ,
568 941 692 988 Virgil.
717 940 792 977 Ecl.

112 994 206 1030 VIII
217 1021 228 1040 ,
250 995 301 1030 13.
318 995 449 1031 Noster
461 994 516 1030 VI
527 1020 538 1038 ,
552 994 614 1029 128
626 1020 636 1038 ,
654 994 793 1029 Neaeiles

110 1047 246 1082 bederae.
269 1046 358 1092 Ejus
372 1046 503 1082 racemi
522 1046 558 1080 in
579 1045 704 1080 orbem
720 1045 791 1080 cir-

111 1097 261 1134 cumacti
280 1124 291 1143 ,
313 1105 353 1134 ut
366 1125 376 1143 ,
393 1099 432 1134 in
453 1099 523 1134 vite
537 1125 547 1143 ,
574 1101 731 1145 corymbi.
749 1115 793 1124 —

115 1151 276 1193 Graaidi,
299 1157 341 1186 ut
358 1153 504 1196 gravide
523 1153 638 1186 an'stae
655 1150 672 1184 Ι
687 1177 696 1194 ,
722 1164 734 1184 ι
744 1162 794 1184 10.

110 1220 156 1229 -
171 1203 415 1247 Distinguunt,
443 1215 508 1248 per
529 1202 710 1236 intervalla
727 1213 794 1235 or-

63 1250 68 1255 ’
109 1260 210 1289 nant.
230 1254 323 1289 Plin.
339 1254 394 1298 V,
422 1254 488 1300 Ep.
503 1265 565 1298 Vl,
588 1254 628 1288 15
641 1267 649 1289 :
663 1256 794 1300 Xystus

110 1308 292 1341 d1stinctus
305 1308 404 1342 buxo.
428 1306 493 1342 Est
506 1313 624 1341 autem
641 1305 715 1341 haec
735 1319 794 1341 an-

111 1358 242 1404 tiquior
254 1358 378 1404 lectio,
396 1372 503 1405 quam
513 1360 683 1395 revocavi.
699 1359 793 1395 Nam

111 1410 283 1446 Heinsius
305 1423 348 1446 ex
370 1411 487 1457 priore
506 1412 618 1458 Regio
638 1419 673 1447 et
697 1412 790 1456 aliis,

109 1463 318 1508 distringunt
339 1463 431 1499 male
450 1463 639 1500 invexerat.
662 1464 792 1500 Melius

109 1522 163 1550 est
177 1542 187 1559 ,
210 1515 306 1562 quod
324 1515 420 1551 i‘dem
436 1516 623 1561 suadebat,
646 1519 793 1552 destrin-

104 1573 199 1614 μυί.
221 1569 304 1606 Non
330 1569 423 1605 bene
445 1569 547 1605 Rode
572 1583 581 1605 ι
607 1572 681 1605 ared
700 1572 793 1605 ziebt

97 1621 178 1666 sest
189 1624 246 1656 die
261 1622 360 1667 Segel
371 1635 575 1657 zusammen.
586 1641 631 1648 -—
644 1624 791 1657 Distin-

102 1678 220 1717 guunt.
232 1672 355 1709 Codex
364 1674 533 1720 RegiusB
544 1700 553 1718 ‚
563 1676 790 1719 &Is-tinguent,-

107 1733 144 1762 at
171 1725 294 1763 Codex
318 1727 352 1762 A
369 1754 380 1775 ‚
420 1730 653 1773 dirtningunM
684 1741 790 1774 quam

105 1777 296 1814 lectionem
311 1805 322 1824 ‚
353 1779 418 1815 etsi
445 1779 547 1815 aliter
577 1780 653 1814 viro
685 1780 790 1815 docto

109 1834 230 1878 θίαν-ῖς
250 1833 365 1870 visum
380 1859 390 1878 ,
428 1834 644 1880 praetulerim
660 1861 670 1879 ,
709 1834 791 1880 quia

105 1886 321 1931 distantem,
354 1885 437 1922 huic
454 1886 532 1921 loco
549 1886 662 1932 aptius
682 1899 789 1931 quam

103 1939 317 1983 distinguere,
329 1951 394 1985 pro
403 1952 531 1981 ornare,
543 1939 712 1974 existimo.
721 1941 789 1974 Ed.

105 2008 150 2016 -
162 1989 280 2036 Caput
290 1990 418 2026 Bacchi
432 1991 641 2037 plerumque
655 1990 789 2026 hedera

105 2043 260 2079 cinctum
272 2071 283 2089 ‚
300 2044 484 2084 interdum
500 2051 621 2079 tamen
638 2051 674 2079 et
688 2057 790 2090 pam-

106 2095 197 2141 pinis
209 2121 219 2140 ,
245 2103 288 2132 ut
301 2103 537 2132 monumenta
554 2096 698 2142 antiqua
715 2095 789 2131 do-

105 2155 198 2183 cent.
226 2148 350 2194 Itaque
375 2162 446 2183 uvae
466 2149 504 2183 in
528 2148 595 2183 hoc
618 2148 788 2184 miraculo

105 2199 287 2235 offendere
310 2212 385 2235 non
402 2200 544 2235 debent.
567 2219 611 2229 —
627 2201 699 2236 Pro
715 2204 790 2235 uvis

105 2252 223 2288 Schol.
237 2252 358 2296 Statii,
370 2252 414 2287 ad
426 2252 597 2288 Thebaid.
614 2252 680 2297 1V,
698 2253 763 2287 656
775 2279 785 2296 ,

102 2308 230 2341 umbris
245 2332 255 2348 ,
304 2305 399 2352 quod
431 2305 532 2341 valde
558 2305 784 2341 adblanditur

101 2360 314 2395 Burmanno
331 2386 342 2404 ‚
378 2360 459 2407 quia
485 2361 583 2395 frons
608 2360 787 2407 eleganter

103 2411 231 2447 dicitur
245 2414 408 2455 umbrari,
429 2414 627 2457 σκιάζεσθαι,
637 2413 786 2457 frondi—

102 2467 176 2499 bus.
197 2482 242 2491 —
264 2465 384 2500 Nostri
409 2465 512 2511 Regii
539 2464 689 2500 Codices
713 2464 784 2500 ha-

101 2516 190 2552 bent
204 2520 287 2552 uois.
310 2534 356 2542 —
379 2517 530 2558 Umbris,
560 2516 655 2563 quod
683 2517 786 2552 Bur-

101 2581 237 2604 manno
263 2569 402 2615 placet,
443 2582 539 2604 nunc
563 2570 669 2606 nimis
694 2571 787 2606 soret

101 2621 298 2667 poeticum,
321 2634 388 2656 nec
406 2621 590 2667 quisquam
605 2623 703 2658 saeile
720 2637 784 2658 ra-

101 2674 278 2718 cemifi’ras
289 2673 414 2708 dixerit
430 2674 635 2710 umbras.·-
643 2675 781 2719 Agita,

101 2738 203 2762 more
218 2727 472 2762 Bacchantium
489 2728 605 2773 jactat.
620 2746 664 2754 —·
680 2730 787 2762 Pam-

97 2783 208 2823 pineis
234 2784 348 2828 agita!
372 2783 519 2817 velatam
549 2787 613 2817 etc.
655 2780 785 2828 Thyrsi

1475 760 1542 806 670

858 885 1045 933 descriptio
1063 891 1098 921 et
1117 883 1338 931 periphrasis.
1361 883 1519 920 Catullus
1534 912 1542 927 ,

858 939 902 975 de
930 938 1069 985 Nuptiis
1099 937 1197 973 Pelei
1225 943 1261 972 et
1287 935 1430 972 Thetid.
1456 938 1518 982 257
1534 950 1543 970 :

856 992 985 1026 Horum
995 1002 1080 1035 pars
1100 993 1191 1024 tecta
1202 990 1399 1034 quatiebant
1408 989 1544 1032 cuspide

857 1046 1004 1091 thyrsos.
1024 1042 1091 1077 Ed.

901 1096 977 1131 668.
994 1097 1100 1140 Quem
1109 1098 1202 1129 circa
1211 1096 1311 1139 tigres
1322 1099 1386 1129 etc.
1397 1092 1522 1138 Tigres
1531 1120 1540 1134 ‚

858 1148 977 1196 lynces
999 1155 1034 1183 et
1051 1146 1233 1194 pantherae
1251 1145 1450 1192 significant
1471 1152 1545 1180 ter-

859 1199 972 1235 rificas
984 1199 1114 1245 species
1124 1224 1133 1242 ,
1146 1198 1316 1244 imagines
1329 1204 1366 1232 et
1379 1197 1544 1243 phantas-

859 1260 954 1287 mata
980 1265 1058 1298 quae
1080 1251 1261 1287 ebriorum
1279 1251 1386 1286 oculis
1409 1257 1446 1285 et
1466 1250 1543 1285 ani—

859 1305 926 1340 mis
948 1305 1188 1340 observantur.
1210 1305 1278 1338 Ed.
1301 1322 1346 1330 --
1367 1304 1484 1347 Tigres
1508 1308 1543 1336 et

852 1360 1025 1402 panthera
1043 1384 1052 1399 ‚
1087 1370 1106 1391 a
1128 1356 1268 1392 Baccho
1292 1356 1329 1390 in
1353 1355 1455 1390 India
1479 1354 1543 1389 de-

858 1411 957 1446 victae
971 1409 1212 1455 jungebantur
1225 1408 1303 1453 ejus
1321 1407 1441 1443 currui
1455 1433 1466 1451 ‚
1483 1406 1541 1441 iis-

858 1477 926 1510 que
956 1464 1177 1499 addebantur
1208 1463 1316 1497 etiam
1342 1465 1468 1509 lynces.
1499 1480 1543 1486 ——

855 1518 990 1551 Inam'a.
1000 1515 1249 1551 Gronovianus
1260 1521 1295 1550 et
1312 1513 1541 1561 Argentinus,

855 1573 1036 1610 immania,
1074 1569 1168 1615 quod
1191 1582 1232 1603 ex
1257 1568 1367 1604 MSS.
1392 1568 1543 1614 probant

855 1623 1098 1658 Bersmannus
1114 1629 1150 1656 et
1177 1621 1331 1668 Giphan.
1356 1639 1401 1648 —-
1419 1620 1544 1656 Codex

856 1676 988 1722 Regius
1005 1677 1036 1711 B
1048 1702 1057 1719 ,
1074 1678 1211 1717 inania,
1231 1681 1268 1709 et
1284 1687 1389 1720 supra
1401 1699 1411 1718 ,
1434 1673 1542 1708 altera

853 1742 966 1764 manu
978 1755 987 1773 ‚
1004 1730 1062 1763 vel
1070 1730 1242 1762 immania.
1254 1746 1298 1753 —
1308 1727 1408 1761 Bene
1424 1728 1543 1760 inania

855 1781 899 1816 de
907 1781 972 1817 hac
978 1781 1138 1816 illusione
1147 1779 1370 1815 miraculosa:
1381 1779 1448 1822 IV,
1460 1779 1538 1822 404,

844 1834 948 1879 salsa
959 1846 1124 1868 soevarum
1136 1835 1318 1867 simulacra
1323 1831 1487 1875 serarum.
1497 1848 1541 1855 ——

853 1889 975 1925 Pictoe,
991 1886 1187 1920 maculosae.
1201 1885 1439 1928 Sicpicturatoe
1447 1894 1537 1923 aves,

857 1939 1044 1974 claudian.
1058 1941 1102 1983 4ο
1114 1965 1126 1982 ,
1147 1939 1190 1980 3;
1209 1940 1324 1984 lynces
1335 1937 1540 1970 Bacchiva-

854 1997 935 2049 ζίω,
956 1991 1099 2027 AEneid.
1118 1992 1154 2035 I,
1179 1991 1255 2025 323.

897 2044 974 2091 670.
999 2046 1179 2078 Exsiluere
1201 2045 1271 2078 viri
1290 2049 1355 2078 etc.
1378 2041 1515 2077 Seneca
1528 2068 1538 2085 ,

854 2096 914 2142 qui
939 2096 1035 2131 hunc
1061 2096 1179 2131 locum
1201 2094 1378 2141 respexit,
1413 2107 1538 2129 omnes

852 2155 976 2183 nautas
991 2161 1061 2183 una
1074 2147 1269 2183 mutatione
1283 2147 1538 2193 complectitur.

851 2202 1005 2235 Brachia
1022 2204 1135 2246 prima
1152 2202 1282 2235 cadunt
1298 2202 1515 2245 pradonibus
1527 2226 1535 2240 ,

850 2253 1044 2298 ΙΙΙιζςηηιᾳιιε
1054 2257 1147 2287 utero
1156 2257 1275 2297 pectus
1289 2255 1373 2293 coil,
1390 2253 1539 2286 Parvula

850 2306 1013 2349 dependet
1021 2307 1124 2339 lateri
1134 2316 1254 2338 manus
1273 2305 1324 2338 Et
1337 2306 1436 2338 dorso
1443 2304 1537 2348 fluc-
1581 2308 1587 2314 ’

847 2362 917 2392 tum
926 2370 1025 2392 curvo
1034 2360 1126 2392 subit
1135 2384 1144 2398 ,
1161 2358 1300 2391 lunata
1309 2358 1439 2391 scindit
1451 2368 1536 2390 cau-

849 2414 897 2446 da
914 2424 1015 2446 mare.
1041 2411 1112 2446 Sed
1130 2411 1260 2446 Noster
1276 2410 1392 2455 plures
1413 2415 1538 2443 nautas

850 2463 1040 2509 separatim
1067 2470 1104 2498 et
1130 2463 1168 2496 in
1200 2468 1279 2496 actu
1312 2459 1466 2506 quodam
1501 2459 1539 2494 in

852 2528 984 2551 novam
1006 2516 1160 2550 sormam
1178 2519 1400 2549 transeuntes
1419 2518 1540 2546 osten-
1572 2553 1578 2555 Δ

850 2569 923 2612 dit,
951 2576 1054 2614 atque
1075 2569 1123 2602 ita
1141 2580 1204 2613 per
1223 2573 1338 2613 partes
1355 2565 1392 2601 e't
1406 2566 1446 2601 in
1460 2566 1540 2612 plu-

851 2622 948 2657 ribus
965 2620 1336 2656 transformationihus
1351 2620 1540 2666 delphino—

852 2689 934 2711 rum
942 2676 1095 2710 sormam
1105 2682 1341 2719 naturamque
1353 2674 1518 2710 describit
1528 2700 1537 2712 ,

851 2728 896 2763 de
914 2741 982 2773 qua
994 2727 1074 2762 vide
1093 2728 1130 2763 ΙΙ
1143 2754 1153 2772 ,
1173 2727 1248 2763 265.
1270 2727 1322 2762 Ex
1342 2726 1408 2762 hac
1423 2725 1538 2761 sabula

849 2780 1034 2827 delphinus
1046 2786 1191 2816 vocatur
1212 2781 1401 2826 Tyrrhenus
1407 2782 1517 2824 piscis
1526 2806 1535 2820 ,
