1832 3100
333 200 1059 272 METAMORPHosEoN
1091 228 1222 272 Lm.
1258 231 1331 272 11.

1459 228 1544 272 203

122 317 406 370 Incustoditae
429 316 581 385 Pylios
602 330 905 367 memo-rantur
927 319 975 367 in
1000 338 1131 382 agros

123 395 395 447 Processisse
417 396 557 445 boves
577 417 587 444 ε
606 396 726 445 videt
748 396 829 445 has
851 395 1082 445 Atlantide
1105 398 1226 446 Maia

1481 414 1549 450 685

121 475 289 532 Natus;
315 485 360 522 et
379 485 471 523 arte
494 492 574 523 sua
599 473 720 522 silvis
745 473 937 524 occultat
961 474 1150 524 abactas.

125 552 333 602 Senserat
351 551 440 608 hoc
461 551 631 601 furtum
654 572 807 611 nemo,
830 552 916 601 nisi
944 563 1081 600 notus
1107 553 1155 601 in
1178 550 1256 600 illo

123 631 245 680 Rure
268 649 422 688 senex;
446 631 630 679 Battum
654 631 813 680 vicinia
836 643 932 680 tota
953 630 1182 679 vocabant.
1211 643 1213 647 ’

122 707 287 757 Divitis
308 707 381 757 hic
405 707 544 758 saltus
563 709 843 776 herbosaque
865 727 1030 776 pascua
1052 706 1208 766 Nelei,

121 785 441 853 Nobiliumque
465 806 620 850 greges
644 798 796 836 custos
821 787 1026 836 servabat
1048 805 1276 853 equarum.

1490 802 1558 847 690

121 867 256 918 Hunc
281 868 450 928 timuit,
474 867 727 936 blandaque
753 888 885 918 manu
909 868 1108 929 seduxit3
1136 881 1179 918 et
1202 868 1296 928 illl,

125 972 150 994 «
179 950 400 1018 Quisquis
423 970 493 1012 es,
517 950 705 1019 hospes,
730 953 815 1012 ait,
841 953 880 1001 si
900 952 1015 1001 forte
1037 964 1233 1001 armenta
1258 951 1455 1019 requiret

125 1056 150 1077 »
177 1034 284 1082 Haec
308 1032 493 1101 aliquis,
518 1034 681 1083 vidisse
702 1054 843 1098 nega:
863 1055 951 1084 neu
975 1036 1114 1098 gratia
1137 1035 1254 1084 sacto

129 1138 152 1158 »
178 1114 314 1165 Nulla
335 1116 625 1182 rependatur,
649 1116 835 1165 nitidam
860 1137 964 1184 cape
989 1117 1168 1184 praemia
1190 1116 1386 1175 vaccam,
1416 1139 1439 1159 »

125 1199 188 1246 Et
207 1196 331 1247 dedit
349 1217 360 1247 :
377 1209 576 1265 accepta,
600 1217 732 1247 voces
754 1198 836 1247 has
860 1199 1056 1248 reddidit
1077 1199 1244 1266 hospes
1266 1219 1275 1247 :

170 1343 248 1380 685.
271 1345 373 1380 Videt
381 1345 456 1379 has.
477 1344 553 1379 Has
569 1346 658 1379 vidit
670 1345 812 1380 Mercu—

126 1395 223 1440 rius,
248 1396 377 1443 quippe
397 1396 434 1431 in
457 1395 604 1445 Cyllene
618 1423 628 1440 ,
651 1397 810 1432 Arcadiae

127 1455 251 1485 monte
263 1475 275 1493 ,
291 1455 406 1498 natus.
421 1467 467 1476 ·-
477 1450 589 1485 Maia.
608 1450 726 1485 Nostri
741 1449 810 1485 Co-

128 1500 222 1536 dices
244 1500 348 1548 Regii
370 1501 503 1537 habent
526 1506 641 1537 matre.
669 1503 810 1538 Incerta

126 1552 240 1588 lectio.
257 1554 326 1588 Ed.
348 1571 396 1579 —-
415 1553 503 1588 Arte
516 1565 600 1594 sua,
625 1560 710 1588 nota
728 1553 784 1588 illa
798 1579 808 1597 ,

127 1617 198 1650 qua
207 1604 414 1649 excellebat,
435 1604 632 1641 calliditate.
650 1607 760 1641 Hom.
771 1607 808 1641 in

126 1655 283 1703 Mete-76
291 1666 300 1688 2
309 1660 412 1698 δολίης
422 1655 452 1692 δ”
461 1659 493 1693 οὗ
502 1661 606 1698 λήθετο
615 1660 736 1704 τέχνης.
746 1658 808 1694 Ille

125 1710 222 1746 enim
230 1711 381 1746 cnutum
390 1737 399 1751 ,
419 1713 588 1757 quidquid
589 1714 726 1756 placuit
733 1739 742 1752 ‚
749 1712 811 1757 jo-

123 1775 203 1798 coso
215 1762 468 1807 condensatio,
487 1763 614 1799 Horat.
626 1764 644 1799 1
652 1789 662 1808 ,
681 1763 752 1800 od.
765 1776 788 1799 x
798 1790 808 1809 ,

66 1827 73 1834 ·
128 1831 144 1862 7
157 1843 167 1858 ‚
184 1817 245 1853 ubi
259 1815 327 1853 hoc
341 1817 457 1864 ipsum
478 1819 679 1865 exemplum
692 1820 809 1865 subji-

125 1868 226 1904 citur.
240 1867 353 1905 Dolos
369 1869 407 1904 in
422 1883 463 1906 ea
481 1884 520 1906 re
537 1871 709 1907 adhibitos
725 1884 810 1907 me·-

126 1927 244 1956 morat
258 1920 432 1956 Antonin.
443 1922 520 1958 Lib.
529 1949 538 1965 ,
556 1923 740 1969 multoque
751 1923 810 1958 la—

127 1972 362 2009 tiusflomer.
378 1973 412 2008 d.
427 1974 450 2010 l.
465 1975 570 2010 Artes
586 1983 706 2011 autem
720 1975 812 2010 Lati-

129 2025 318 2061 nisoinnes‘
323 2025 423 2062 dotes
433 2026 541 2062 animi
551 2034 587 2062 et
595 2027 812 2073 corporis.—

127 2077 240 2112 Se‘ln's.
248 2076 521 2125 Coryphaaium,
531 2079 718 2114 Messeniae
728 2092 814 2125 pro-

129 2131 350 2166 montorium
360 2156 371 2175 ,
391 2131 596 2167 Antoninus
612 2139 797 2168 memorat.

171 2183 248 2218 688.
263 2185 407 2219 Battum
422 2184 498 2221 sine
511 2184 619 2220 dubio
628 2185 811 2231 vocabant,

128 2242 169 2271 ut
179 2235 220 2271 fit
229 2262 239 2280 ,
253 2249 273 2271 a
282 2236 368 2272 vitio
381 2237 547 2283 quodam.
558 2237 691 2274 Graecis
703 2241 814 2281 [inin-03

128 2295 273 2324 vocatur
293 2288 415 2325 balbus
429 2315 438 2334 ,
468 2290 528 2336 qui
550 2303 625 2326 non
651 2291 812 2327 distincte

129 2341 360 2386 pronuntiare
370 2348 486 2387 potest
495 2343 612 2378 verba.
621 2343 727 2389 Apud
738 2344 814 2382 He-

128 2391 243 2428 rodot.
261 2393 330 2437 lv,
351 2394 431 2438 135,
445 2394 569 2430 Battus
579 2408 639 2430 rex
654 2395 813 2443 Cyrenes

128 2445 336 2482 balbutiens.
353 2447 397 2483 In
417 2447 554 2483 Alberti
573 2448 686 2484 Gloss.
706 2450 749 2485 N.
770 2450 812 2485 T.

129 2512 163 2545 p.
171 2512 251 2543 aoo,
261 2499 385 2535 Battus
395 2508 512 2546 pastor
520 2502 714 2538 balbutiem
721 2516 814 2539 com·

128 2558 359 2586 memoratur.
371 2552 461 2587 Inde
471 2559 666 2604 ssoerroepig'm
674 2581 685 2599 ,
696 2555 813 2591 balbu-

128 2604 195 2640 tire
206 2619 215 2646 ;
228 2617 432 2650 quanquam
440 2606 498 2640 illo
507 2607 654 2642 nomine
664 2616 699 2643 et
708 2609 735 2644 is
746 2622 815 2644 no-

129 2656 269 2693 tabatur
280 2683 290 2701 ‚
319 2658 380 2704 qui
394 2658 507 2693 multa
523 2666 656 2695 temere
675 2661 790 2697 essutit
803 2688 812 2706 ,

130 2715 171 2744 ut
185 2716 323 2744 notum.

175 2761 253 2811 689.
269 2764 375 2800 Nelei.
406 2762 556 2800 Codices
582 2765 711 2810 nostri,
732 2767 815 2803 Nili.

1491 1211 1561 1259 695

878 1344 1045 1381 Pessime.
1058 1346 1126 1379 Ed.
1141 1363 1187 1370 -
1199 1345 1340 1384 Neleus,
1363 1356 1424 1378 rex
1440 1342 1564 1390 Pylio-

875 1410 977 1441 rum,
1001 1403 1101 1443 pater
1123 1396 1290 1432 Nestoris.
1316 1396 1350 1431 Is
1372 1408 1564 1432 numerosa

876 1455 911 1483 et
934 1449 1074 1494 egregia
1097 1447 1248 1483 habebat
1274 1451 1436 1483 armenta
1458 1448 1562 1492 (Ho-

876 1512 964 1535 mer.
974 1499 1045 1536 Od.
1057 1507 1098 1544 A,
1111 1499 1203 1544 288),
1218 1512 1296 1546 quae
1306 1507 1437 1542 autem,
1450 1513 1563 1546 quum

875 1552 1062 1600 Pyliorum
1079 1566 1162 1598 ager
1178 1566 1347 1587 arenosus
1359 1559 1467 1596 esset,
1486 1553 1564 1598 plu-

875 1604 1007 1640 rimum
1027 1613 1125 1641 extra
1140 1605 1242 1641 Nelei
1258 1605 1347 1641 fines
1363 1606 1562 1652 pasceban-

876 1664 944 1693 tur.
961 1658 1112 1694 Pausan.
1130 1659 1286 1694 Messen.
1303 1673 1335 1705 p.
1358 1659 1433 1704 371.
1465 1658 1563 1694 Hinc

875 1717 1021 1745 vocatur
1034 1713 1150 1754 dioes5
1174 1711 1294 1757 priscis
1310 1711 1408 1746 enim
1423 1718 1564 1756 tempo-

875 1763 971 1799 ribus
988 1763 1117 1800 divitiae
1134 1764 1373 1799 censebantur
1390 1763 1563 1798 multitu-

876 1817 959 1853 dine
977 1825 1223 1853 armentorum
1239 1824 1276 1852 et
1292 1830 1439 1864 gregum
1454 1831 1462 1859 ;
1486 1817 1561 1851 ita-

877 1883 944 1915 que
952 1883 1020 1905 nec
1026 1872 1181 1905 custodes
1189 1882 1359 1916 pecorum
1367 1868 1484 1903 infimi
1495 1868 1562 1904 loci

876 1931 989 1958 erant.
1019 1923 1200 1958 Caeterum
1214 1922 1317 1959 Nelei
1338 1929 1420 1970 aetas
1439 1921 1563 1957 incidit

876 1977 913 2011 in
930 1984 1091 2023 tempora
1108 1976 1386 2012 Centaurorum.
1407 1976 1562 2011 Homer.

878 2029 918 2064 11.
937 2029 969 2064 A
983 2056 993 2074 ‚
1013 2029 1089 2064 262.
1106 2031 1277 2075 Equorum
1293 2042 1414 2076 greges
1431 2029 1562 2065 Neleus

879 2082 992 2118 alebat
1012 2082 1139 2118 sobolis
1162 2094 1285 2125 causa;
1310 2081 1394 2117 hinc
1410 2084 1560 2123 nobiles,

879 2135 1032 2171 delectae.
1046 2154 1091 2162 —
1107 2135 1251 2171 Nobiles
1263 2135 1370 2170 etiam
1387 2135 1511 2181 palmis
1524 2134 1562 2169 in

878 2189 1138 2224 certaminibus.
1157 2189 1282 2236 Virgil.
1297 2188 1450 2235 Georg.:
1468 2190 1564 2223 Elia-

877 2243 961 2276 dum·
968 2244 1108 2287 palmas
1123 2242 1268 2286 Epeiros
1283 2254 1450 2287 equarum.
1464 2240 1532 2276 Ed.

921 2295 998 2343 691.
1014 2296 1163 2330 Seduxe't.
1189 2294 1316 2340 Quum
1335 2307 1426 2330 unus
1440 2294 1565 2329 Battus

879 2346 1014 2382 adesset
1026 2374 1035 2392 ,
1059 2360 1132 2381 non
1151 2360 1240 2393 opus
1264 2353 1339 2382 erat
1354 2359 1438 2381 eum
1455 2348 1563 2380 sedu—

877 2412 952 2434 cere
962 2427 970 2441 ‚
988 2400 1134 2434 seorsim
1145 2402 1272 2434 ducere.
1281 2418 1326 2425 -
1336 2401 1386 2433 Et
1395 2401 1458 2432 illi.
1471 2399 1567 2432 Bur-

879 2464 1032 2486 mannus
1042 2451 1160 2486 mallet
1174 2478 1183 2495 ,
1199 2456 1238 2485 al
1246 2456 1298 2492 tu,
1315 2457 1354 2484 ut
1365 2450 1449 2485 lib.1
1464 2476 1473 2493 ,
1491 2449 1567 2495 678.

878 2522 923 2530 --
941 2503 1092 2539 Codices
1106 2503 1237 2547 nostri,
1254 2507 1290 2537 el
1303 2505 1380 2544 1'll1'‚·
1407 2509 1444 2537 et
1462 2513 1567 2547 supra

883 2556 1005 2591 Codex
1016 2557 1047 2591 A
1060 2564 1137 2602 post
1148 2569 1248 2591 manu
1258 2555 1380 2590 inserit
1390 2556 1488 2590 bunc.
1500 2554 1568 2589 Ed.

879 2611 974 2643 -Et
981 2608 1284 2643 illirevocavimus
1293 2620 1334 2643 ex
1345 2606 1468 2658 MSS.;
1480 2620 1565 2642 nam

883 2661 1051 2695 Heinsius
1065 2667 1100 2695 et
1116 2659 1172 2694 hic
1184 2686 1194 2704 ,
1211 2667 1246 2694 et
1262 2659 1418 2706 pluribus
1435 2659 1507 2694 aliis
1518 2659 1570 2694 lo-

881 2713 928 2748 cis
945 2725 986 2748 ex
995 2713 1145 2759 ingenio
1160 2715 1231 2748 Eia
1245 2713 1393 2748 insarsit.
1410 2731 1454 2738 -
1471 2713 1570 2755 Quis-

881 2768 957 2811 quis
973 2777 1010 2800 cs
1026 2779 1038 2802 .·
1054 2765 1133 2802 vide
1155 2765 1193 2811 1,
1209 2765 1286 2814 679.
1311 2766 1447 2802 Ῑῆϊιὶυε
1461 2777 1548 2810 nega
1560 2777 1569 2798 :
