1832 3100
355 228 1055 278 METAM'ORPHOSEON
1086 230 1213 274 LIB.
1249 230 1353 275 111.

1487 232 1573 275 225

153 327 262 390 Igne
282 324 449 373 micant
467 322 612 378 oculi;
638 340 803 388 corpus
828 332 969 370 tumet
993 339 1122 370 omne
1144 340 1313 371 veneno
1331 342 1342 381 3

151 403 350 470 Tresque
370 401 550 450 vibrant
567 399 753 463 linguae;
778 398 944 466 triplici
970 410 1089 447 stant
1109 398 1264 448 ordine
1290 399 1455 450 dentes.
1525 464 1529 470 s

153 480 299 545 Quem
321 490 560 546 postquam
583 477 717 544 Tyria
737 476 888 526 lucum
908 476 961 525 tle
987 488 1118 540 gente
1138 475 1331 543 profecti
1535 494 1579 528 35

151 558 352 606 Infausto
380 555 563 618 tetigere
586 554 750 618 gradu3
776 554 1051 621 demissaque
1076 554 1124 602 in
1145 553 1289 602 undas

152 637 278 685 Urna
299 634 423 684 dedit
443 633 671 691 sonitum;
696 631 882 695 longum
905 643 1038 700 caput
1058 631 1216 680 extulit
1238 637 1368 681 antro

153 761 280 798 Martis
298 761 411 798 filium
430 773 513 796 eum
529 759 633 795 multi
648 758 832 794 faciebant.

152 813 276 860 Eurip.
289 814 405 863 ὣρᾶκων
414 807 515 863 [pm.
539 811 657 847 Schol.
669 810 833 856 sophocl.

154 865 274 912 Antig.
295 865 359 900 130
371 892 382 910 ‚
397 863 600 910 Tilphosam
617 862 761 897 Furiam
777 860 832 895 ad·

152 917 205 953 dit
217 924 370 952 matrem
387 928 396 952 t
410 915 480 951 vid.
497 914 664 950 Munker.
685 912 728 948 ad
748 913 832 947 An—

151 977 226 1006 ton.
238 969 312 1004 Lib.
324 969 371 1004 11.
383 968 484 1012 Erat,
495 975 636 1003 auctore
648 966 832 1012 Euripide,

154 1025 251 1069 φόνιος
277 1029 312 1056 et
339 1023 496 1071 ὠμόφρων.
526 1020 613 1065 Ejus
637 1018 832 1054 crudelitati

152 1074 395 1120 vanitatique,
410 1072 514 1108 simul
535 1071 662 1107 Cadmi
685 1083 766 1106 cum
791 1083 834 1104 eo

153 1138 280 1173 pugna
296 1124 535 1161 describendae
555 1124 684 1159 Noster
696 1122 835 1156 immo-

154 1187 272 1224 ratur,
290 1179 370 1225 quia
382 1185 457 1214 erat
470 1191 549 1224 pars
560 1176 683 1211 fabulae
698 1188 836 1222 magna.

155 1233 312 1268 Noverat
333 1231 520 1276 antiquitas
537 1235 718 1275 serpentes
738 1229 836 1264 mirae

155 1283 420 1330 magnitudinis.
435 1281 590 1328 Serpens
601 1279 745 1325 quidem
757 1279 812 1313 ille
824 1305 834 1323 ,

157 1349 264 1383 quem
282 1335 440 1382 Regulus
457 1334 501 1370 ad
519 1332 716 1379 Bagradam
731 1358 740 1375 ‚
766 1330 837 1365 flu-

155 1389 255 1424 vium
267 1388 395 1424 Africae
407 1414 418 1432 ,
432 1385 632 1428 interemit,
645 1391 789 1420 centum
801 1389 837 1417 et

156 1440 280 1488 viginti
301 1439 408 1487 pedes
430 1439 468 1474 in
491 1436 748 1483 longitudinem
770 1434 836 1469 ha-

155 1493 270 1530 buisse
280 1518 292 1537 ,
308 1505 375 1528 nec
389 1491 466 1527 ullis
481 1490 558 1526 telis
570 1488 695 1524 confici
710 1487 837 1534 potuis-

155 1559 192 1582 se
208 1545 370 1582 traditur.
394 1543 486 1580 Ptin.
504 1542 554 1577 H.
574 1542 617 1577 N.
641 1541 734 1576 VIII
748 1565 759 1584 ‚
786 1541 836 1583 14.

157 1599 254 1636 Hinc
268 1605 306 1634 et
321 1597 445 1644 Vix-gil.
457 1594 600 1631 AEneid.
613 1595 650 1629 11
659 1620 669 1637 ‚
688 1593 752 1628 203
762 1605 836 1638 sqq.

154 1651 457 1689 licuitvastissimoe
464 1647 566 1686 molis
576 1653 756 1693 serpentes
765 1645 837 1681 de-

153 1703 326 1747 scribere,
344 1714 452 1748 quem
469 1701 598 1737 Noster
614 1697 782 1744 respexit;
801 1703 837 1732 et

154 1762 346 1801 utrumque
363 1754 480 1797 Silius,
492 1753 548 1788 Vl
560 1778 570 1797 ,
592 1754 653 1787 150
667 1763 741 1795 sqq.
754 1749 836 1784 Ne—

155 1821 224 1855 que
235 1815 358 1844 tamen
367 1804 571 1853 negandum
581 1810 634 1839 est
641 1831 649 1844 ,
663 1802 837 1849 prodigia·

154 1861 235 1897 liter
244 1859 407 1906 quadam
415 1858 473 1894 hic
483 1871 556 1893 esse
569 1863 679 1891 aucta.
688 1873 734 1881 —
743 1856 838 1889 Pne-

154 1917 283 1960 είςπιὶῐ,
308 1911 454 1959 insignis
465 1936 475 1955 ‚
493 1917 533 1944 ut
548 1908 654 1944 Trist.
677 1907 733 1943 111
745 1933 754 1951 ,
772 1917 812 1942 Ν
826 1932 836 1950 ,

156 1971 177 2003 5
192 1992 203 2011 ‚
210 1967 408 2012 prelustrir.
418 1982 464 1991 --
474 1964 721 1998 Crmisetauro
731 1986 740 2000 ,
761 1957 837 1994 cri-

155 2026 207 2055 sta
215 2031 331 2054 aurea.
338 2016 591 2062 Intelliguntur
599 2020 716 2048 autem
728 2024 838 2047 comae

156 2070 259 2107 fulva
278 2071 317 2105 in
345 2069 457 2117 rapite
474 2094 484 2112 ,
515 2066 731 2113 praecipuum
756 2076 839 2098 ser-

157 2129 308 2169 pentum
322 2119 560 2168 quorumdam
576 2124 839 2154 ornamentum.

159 2175 290 2210 AElian.
308 2174 461 2210 Animal.
478 2173 531 2209 xl
545 2199 555 2217 ,
575 2185 626 2218 27.

200 2227 255 2262 33.
280 2227 363 2271 Igne
383 2229 521 2262 micant.
549 2225 655 2262 Oculi
669 2222 839 2258 iratarum

156 2287 218 2316 aut
242 2292 415 2316 savarum
449 2278 640 2315 bestiarum
673 2275 840 2310 dicuntur

152 2336 230 2377 igne
246 2335 387 2372 micare,
412 2335 547 2365 tremere
567 2335 627 2364 aut
641 2330 838 2363 scintillare.

154 2402 199 2411 -—
211 2385 349 2420 ramere
361 2381 510 2418 verbum
520 2381 701 2427 proprium
716 2379 759 2415 de
770 2393 839 2416 ser*

154 2435 318 2481 pentibus
347 2446 488 2471 veneno
513 2432 642 2469 inflatis
655 2459 665 2476 ,
695 2433 713 2468 1
727 2458 737 2477 ,
762 2433 839 2477 460.

155 2487 375 2534 Serpentum
405 2493 524 2522 autem
551 2498 731 2521 venenum
763 2498 837 2521 non

153 2552 217 2585 per
233 2545 351 2574 totum
369 2551 496 2584 corpus
508 2550 667 2584 sparsum
679 2544 731 2573 est
747 2563 756 2581 ,
775 2537 835 2572 sed

155 2590 328 2638 glandulis
342 2589 551 2636 quibusdam
567 2590 638 2625 oris
654 2589 837 2626 inclusum.

198 2644 256 2689 34,
261 2645 404 2689 Tresque
410 2645 555 2678 vibrant.
561 2643 680 2678 Nostri
689 2642 839 2679 Codices

156 2701 193 2731 et
209 2695 348 2741 vulgata
358 2695 461 2731 lectio
470 2720 480 2739 ,
492 2698 629 2730 micant.
648 2694 691 2729 ln
705 2692 838 2730 Codice

158 2746 202 2792 B,
221 2747 449 2793 interlineas,
463 2745 617 2784 secunda
624 2758 734 2782 manu
746 2746 838 2781 scri-

281 2813 389 2859 III.

898 767 998 805 ptum
1006 762 1028 794 i.
1039 758 1295 795 neunkotiosa
1304 758 1479 806 etingrata
1486 773 1583 806 repe—

898 812 976 847 titio
988 819 1039 847 est
1049 819 1101 848 τοῦ
1111 816 1241 848 micant
1248 824 1260 854 ‚·
1280 825 1387 858 quare
1405 813 1583 859 amplexus

899 871 951 900 est
967 864 1155 908 Heinsius,
1184 864 1277 910 quod
1301 877 1383 900 sane
1409 879 1448 899 ex
1473 864 1585 900 veteri

899 916 987 950 libro
1004 915 1259 962 depromptum
1271 944 1280 960 ‚
1298 922 1426 961 tresque
1441 920 1586 952 vibrant.

900 969 1052 1013 Statius,
1084 969 1255 1004 Thebaid.
1280 969 1337 1004 lib.
1357 969 1409 1012 V,
1436 968 1480 1003 de
1501 982 1584 1004 ser-

899 1029 1006 1068 pente
1025 1021 1236 1056 Archemori
1256 1035 1264 1056 :
1284 1021 1491 1067 L1baetlafax
1506 1035 1587 1055 ocu-

898 1077 945 1109 lis
961 1088 971 1109 .·
988 1076 1111 1109 tumidi
1121 1079 1195 1109 stat
1209 1077 1246 1108 in
1261 1087 1317 1108 ore
1331 1077 1453 1109 veneni
1463 1075 1586 1118 Spuma

899 1131 1012 1162 virens
1028 1141 1039 1162 t
1058 1132 1108 1162 ter
1122 1130 1239 1172 lingua
1258 1130 1379 1162 vibrat.
1397 1126 1584 1173 Virgilius,

902 1179 1044 1214 AEneid.
1069 1179 1147 1214 XI:
1171 1181 1279 1214 Sibila
1298 1181 1492 1213 lambebant
1511 1182 1586 1214 lin-

898 1235 977 1277 guis
998 1234 1208 1266 vibrantibus
1229 1243 1312 1273 ora,·
1341 1231 1399 1265 ubi
1417 1231 1559 1266 Servius
1574 1256 1585 1274 ,

902 1285 1111 1318 vibrantibus
1119 1310 1127 1322 ‚
1144 1285 1340 1325 mobilibus‚·
1358 1283 1439 1328 quia
1448 1296 1469 1316 n
1476 1282 1587 1316 ullum

901 1337 1034 1369 animal
1045 1339 1146 1369 tauta
1160 1337 1330 1369 celeritate
1343 1337 1494 1378 linguam
1508 1347 1589 1368 mo-

902 1390 977 1428 vet‚·
1000 1387 1086 1420 adeo
1100 1389 1139 1419 ut
1154 1384 1317 1429 mplibem
1333 1386 1454 1419 babere
1468 1387 1589 1420 videa-

902 1441 975 1478 tur,
1001 1450 1100 1482 quum
1122 1449 1190 1470 uua
1212 1440 1269 1470 sit.
1288 1436 1447 1471 Primam
1469 1435 1507 1470 in
1525 1439 1587 1470 vi·-

902 1491 998 1534 brute
1006 1488 1172 1536 syllabam
1182 1487 1345 1524 Catullus
1356 1502 1496 1534 quoque
1508 1501 1589 1524 cor—

902 1540 993 1586 ripit.
1013 1542 1078 1579 hd.
1101 1559 1146 1567 —
1169 1542 1308 1575 Vibrare
1325 1548 1360 1576 et
1382 1544 1507 1575 micare
1523 1553 1589 1575 so·—

902 1593 1032 1628 lemnia
1049 1593 1092 1628 de
1118 1594 1223 1628 celeri
1242 1602 1342 1629 motu
1362 1594 1489 1640 linguae
1505 1607 1589 1629 ser-

902 1652 1061 1691 pentum.
1091 1645 1195 1680 Silius
1212 1645 1246 1680 d.
1263 1646 1284 1680 l.
1315 1647 1439 1691 Trzfldo
1455 1648 1590 1680 vibrata

894 1713 960 1743 per
966 1711 1070 1734 uuras
1082 1700 1217 1743 Lt'ngua
1229 1703 1335 1734 micat
1341 1704 1441 1733 motu.
1453 1699 1590 1745 Lingua

902 1751 959 1786 illa
974 1751 1151 1797 duplicem
1167 1750 1272 1786 habet
1287 1750 1466 1797 cuspidem
1479 1778 1488 1794 ,
1513 1751 1566 1785 IV
1578 1777 1588 1795 ,

903 1806 966 1840 585
989 1832 999 1849 ‚
1028 1804 1090 1840 sed
1117 1805 1250 1849 vibrata
1276 1805 1400 1850 triplex
1412 1832 1420 1846 ‚
1452 1804 1591 1839 trisulca

901 1869 974 1891 esse
990 1856 1143 1891 videtur.
1171 1856 1262 1891 Plin.
1287 1856 1335 1890 H.
1351 1857 1396 1891 N.
1416 1856 1469 1891 XI
1486 1882 1495 1900 ,
1525 1856 1588 1901 37:

903 1910 1040 1957 Lingua
1058 1914 1257 1945 tenm‘ssima
1272 1913 1480 1954 serpentibus
1490 1937 1499 1950 ‚
1528 1912 1592 1944 tri-

901 1966 1010 2002 sulca,
1022 1965 1160 1998 vibrans
1166 1970 1276 1999 etc.-
1282 1962 1589 2009 Tnjoleaedentium

902 2018 983 2051 ordo
999 2014 1100 2050 fictus
1119 2023 1180 2051 est.

948 2067 1002 2113 37.
1029 2068 1182 2112 Longum
1205 2072 1317 2112 caput.
1346 2069 1498 2112 longum
1523 2080 1590 2113 pro

903 2121 1001 2164 longo
1014 2132 1055 2154 ex
1069 2119 1250 2154 nonnullis
1267 2119 1376 2155 MSS.
1392 2120 1465 2165 jam
1482 2120 1589 2155 Nau-

905 2172 1020 2218 gerius
1035 2173 1179 2207 notavit.
1203 2172 1401 2218 Repertum
1425 2173 1531 2208 etiam
1548 2172 1587 2207 in

905 2225 1018 2271 Regio
1040 2232 1076 2260 et
1099 2224 1263 2260 Leidensi
1287 2225 1464 2271 adoptavit
1486 2225 1589 2259 Bur-

904 2290 1066 2312 mannus.
1102 2295 1147 2305 —·
1173 2277 1291 2313 Nostri
1322 2277 1424 2323 Regii
1456 2276 1590 2312 habent

903 2332 1013 2376 longo.
1026 2329 1178 2365 Difficile
1192 2356 1202 2373 ‚
1220 2330 1315 2365 inter
1329 2330 1390 2365 has
1401 2330 1586 2372 lectiones,

905 2382 1102 2419 discernere
1120 2389 1198 2417 utra
1219 2383 1263 2418 sit
1278 2395 1382 2423 vera;
1408 2381 1487 2416 vide
1507 2394 1591 2416 mox

905 2434 1181 2480 explicationem.
1198 2435 1264 2470 Ed.
1279 2452 1322 2460 —-
1335 2435 1485 2477 Longum
1498 2433 1591 2468 mul-

906 2493 943 2520 to
955 2486 1217 2531 aptiusconsilio
1228 2486 1293 2522 loci
1305 2513 1314 2529 ,
1328 2498 1433 2531 quam
1451 2485 1589 2532 vulgata

904 2542 1015 2584 longo,
1035 2552 1146 2584 quum
1158 2540 1195 2574 in
1206 2539 1311 2584 longo
1322 2546 1424 2574 antro
1438 2552 1588 2584 parvum

905 2598 1009 2637 caput
1027 2604 1099 2626 esse
1121 2591 1290 2637 potuisset
1307 2603 1316 2626 :
1335 2594 1432 2638 φόνιον
1444 2593 1541 2642 κράτει
1558 2593 1593 2627 ei

907 2643 1028 2679 tribuit
1046 2643 1167 2688 Eurip.
1180 2659 1224 2670 ·-
1242 2644 1407 2678 Coeruleus
1422 2657 1520 2679 nunc
1538 2650 1592 2680 est

905 2695 1022 2741 niger:
1032 2694 1108 2730 vide
1117 2707 1181 2730 nos
1188 2694 1231 2731 ad
1238 2695 1439 2740 Plin.V111,
1450 2696 1516 2742 Ep.
1527 2708 1589 2741 xx,

906 2747 938 2789 4.
956 2746 1085 2782 Αηὸιτ.
1101 2758 1189 2784 xxlx
1202 2773 1213 2792 ,
1234 2760 1292 2793 ιι,
1315 2749 1400 2797 σ’ῃιῦς
1418 2751 1587 2798 numm-cipp

1354 2817 1403 2858 15
