1832 3100
395 181 1086 229 METAMORPHOSEON
1119 185 1257 230 LIB.
1294 186 1353 230 V.

1508 186 1588 246 391

173 277 296 326 Inter
317 273 529 329 Sicelidas
551 273 699 339 Cyane
724 271 1007 321 celeberrima
1027 275 1282 341 Nymphas3

166 352 363 416 Gurgite
384 370 484 418 *quae
507 349 654 399 medio
674 369 845 399 summa
869 361 997 398 tenus
1020 351 1190 400 exstitit
1214 351 1310 401 alvo
1327 391 1339 412 ‚

170 429 454 496 Agnovitque
477 429 623 478 Deum
643 449 653 478 ;
683 452 704 472 «
732 429 825 477 Nec
848 427 1028 492 longius
1051 428 1176 477 ibi-tis
1191 467 1202 487 ‚
1229 430 1402 496 inquit:

174 529 200 552 »
226 509 327 555 Non
350 519 480 574 potes
503 507 652 556 invitae
678 506 850 556 Cereris
873 519 1013 570 gener
1030 525 1123 572 esse
1143 527 1152 565 ;
1177 509 1372 571 roganda
1388 546 1399 567 ‚

1533 524 1598 568 [μῦ

171 605 197 628 n
223 585 329 632 Non
349 584 558 651 rapienda
580 583 665 633 fuit
685 604 694 632 :
719 584 839 652 quod
863 584 901 632 si
928 603 1195 652 componere
1219 586 1391 649 magnis

173 688 196 708 »
224 666 362 715 Parva
381 666 492 714 mihi
515 665 579 715 fas
602 678 694 724 est,
722 678 765 716 et
787 685 856 716 me
881 666 1035 717 dilexit
1053 668 1224 735 Anapis
1243 689 1253 716 z

169 769 195 791 »
221 749 414 798 Exorata
436 760 607 807 tamen,
633 768 739 807 nec,
765 762 816 798 ut
837 749 930 798 haec
945 787 958 808 ‚
982 750 1189 799 exterrita
1211 750 1356 818 nupsi.
1385 773 1408 794 »

166 830 320 890 Dixit;
342 842 409 889 et,
429 831 477 879 in
500 844 651 898 partes
675 831 867 881 diversas
888 832 1068 882 brachia
1093 833 1301 892 tendens,

168 913 363 965 Obstitit
381 934 391 962 ε
411 914 532 963 haud
551 914 669 964 ultra
692 918 835 964 tenuit
859 916 1093 965 Saturnius
1114 916 1224 965 iram
1243 936 1253 974 ;

1532 930 1598 975 420

165 995 495 1064 Terribilesque
517 997 722 1046 hortatus
747 1018 889 1065 equos
903 1037 915 1058 ‚
939 999 987 1047 in
1011 999 1200 1063 gurgitis
1218 999 1308 1048 ima

168 1078 435 1128 Contortum
458 1078 604 1128 valido
629 1092 854 1146 sceptrum
875 1080 1019 1145 regale
1042 1081 1204 1129 lacerto

167 1160 383 1209 Condidit
407 1181 417 1210 ε
440 1161 527 1211 icta
546 1162 663 1211 viam
687 1162 820 1211 tellus
844 1163 892 1211 in
911 1165 1096 1212 Tartara
1118 1163 1248 1222 fecit3

165 1245 228 1292 Et
246 1263 416 1311 pronos
437 1264 592 1295 currus
616 1246 762 1295 medio
787 1259 950 1296 cratere
974 1247 1152 1314 recepit.

165 1326 229 1374 At
251 1327 709 1396 Cyane‚.raptamque
732 1330 871 1391 Deam
886 1368 898 1389 ,
926 1342 1234 1397 contemtaque
1256 1326 1392 1377 sontis

1534 1341 1600 1386 425

164 1409 275 1456 Jura
300 1409 369 1457 sui
392 1428 605 1468 moerens,
628 1402 948 1462 inconsolabile
970 1411 1132 1460 vulnus

160 1544 205 1588 l>a
217 1578 227 1596 ‚
245 1554 314 1588 Est
328 1555 469 1589 medium
483 1567 608 1600 equor,
631 1558 724 1600 quod
731 1560 844 1590 comi-

160 1607 225 1641 bus
232 1606 363 1653 Cyanes
367 1610 404 1641 et
408 1608 585 1643 Arethuse
589 1610 755 1642 inclusum
764 1612 843 1643 coit.

162 1657 256 1704 Quo
278 1657 464 1695 includunt
488 1667 610 1705 portus
636 1667 695 1695 aut
720 1661 816 1696 sinus
831 1687 841 1705 ,

160 1712 300 1746 brac-Ma
322 1711 402 1749 alibi
430 1711 544 1748 solent
571 1711 639 1747 dici
664 1720 700 1748 et
724 1726 841 1754 crura,

159 1777 258 1801 nunc
271 1777 292 1799 a
307 1764 421 1800 sor-ma
431 1773 567 1801 cornua.
583 1766 629 1801 Iis
639 1793 650 1810 ‚
674 1767 843 1812 quoniam

158 1824 244 1853 suut
256 1822 421 1863 angusta,
437 1831 535 1854 mare
549 1822 637 1859 coer,
661 1826 844 1854 coercetur

159 1869 410 1916 inangmtum
435 1870 597 1915 spatium.
629 1870 710 1904 Vid.
732 1871 842 1907 Cicer.

162 1922 267 1958 Verr.
282 1922 350 1966 IV,
373 1925 426 1959 52.
440 1922 618 1958 Arethusa
638 1930 713 1958 erat
726 1924 763 1958 in
778 1924 843 1959 in·-

160 1974 236 2010 sula
259 1974 364 2010 urbis.
390 1975 444 2010 Ea
465 1974 638 2020 disjuncta
657 1975 745 2010 mari
773 1989 845 2011 an—

161 2029 436 2074 gusta—Cyane
446 2029 602 2074 Nympha
610 2028 677 2062 suit
687 2028 723 2062 in
733 2029 846 2063 comi-

161 2079 489 2126 tibus'Proserpinae
503 2079 700 2115 secundum
720 2081 845 2117 Claud.

163 2131 200 2167 11
214 2157 224 2175 ‚
241 2131 519 2174 61.—-Exs!ilt'l‚
541 2140 688 2178 repente
705 2134 844 2179 prodiit.

161 2201 206 2210 --
217 2184 353 2218 Summa
369 2188 467 2218 tenus
480 2187 573 2226 alvo,
592 2192 632 2220 ut
648 2185 760 2220 solent
774 2199 844 2220 nu-

160 2235 258 2270 mina
276 2248 448 2281 aquarum
471 2243 603 2272 natare.
631 2255 677 2263 --
704 2239 842 2275 Cereris.

161 2288 330 2325 Heinsius
347 2290 499 2326 malebat
516 2292 635 2326 Cereri.

182 2370 185 2374 .
203 2342 426 2387 417.Anap12r
442 2355 504 2377 seu
517 2344 676 2388 Anapus,
694 2343 820 2381 fluvius
831 2372 843 2391 ,

160 2393 244 2438 qui,
266 2393 326 2440 uhi
346 2392 497 2441 Cyanen
512 2395 668 2441 recepit,
694 2395 731 2430 in
752 2409 842 2442 por-

161 2452 240 2480 tum
250 2445 425 2491 majorem
439 2446 692 2494 Syracusarum
707 2462 743 2484 se
760 2454 843 2484 exo-

161 2496 322 2532 nmen
332 2498 454 2541 ‚exP-
467 2511 528 2543 10,
545 2499 606 2534 25:
622 2502 759 2546 Quaque
769 2505 843 2536 suis·

163 2548 301 2594 Cyanen
318 2551 437 2583 miscet
460 2552 606 2595 Anapus
633 2555 739 2596 aquis.
770 2552 842 2588 Sed

160 2612 204 2636 ex
217 2600 275 2636 illa
297 2614 468 2647 aquarum
491 2605 741 2651 conjunctione
764 2620 842 2642 ma-

161 2651 370 2688 trimonium
386 2654 546 2691 fecerunt
562 2664 684 2702 poetae.
700 2677 744 2685 —
757 2660 842 2695 Ex-

163 2707 299 2749 terre‘la,
322 2705 357 2740 vi
376 2713 501 2742 coacta,

955 1558 1031 1600 420.
1054 1557 1197 1595 Tenuit,
1226 1553 1396 1596 retinuit,
1421 1565 1597 1599 compres—

909 1608 1016 1643 sit.—-
1028 1608 1198 1652 Sceplrum
1215 1609 1344 1640 trabale
1363 1606 1394 1640 ei
1419 1605 1479 1640 dat
1499 1605 1599 1640 Clau-

910 1661 1035 1699 dianus
1049 1687 1058 1705 ,
1085 1660 1120 1695 ll
1138 1686 1147 1703 ,
1177 1673 1247 1706 172.
1280 1658 1320 1695 Id
1339 1664 1573 1704 conlorquelur
1588 1687 1595 1699 ⁷

909 1727 1022 1759 quum
1035 1740 1044 1757 ,
1073 1720 1244 1758 tanquam
1259 1712 1357 1746 hasta
1375 1711 1570 1747 emittenda
1587 1739 1594 1754 ‚

911 1767 1042 1802 lacerto
1063 1767 1220 1808 libratur.
1249 1784 1294 1796 -ι-
1318 1767 1484 1806 Condere,
1516 1773 1598 1800 tru-

914 1818 997 1853 dere
1012 1845 1021 1861 ,
1041 1817 1343 1863 quemadmodum
1358 1817 1451 1853 ensis
1465 1818 1501 1852 in
1517 1831 1598 1852 cor·-

913 1883 977 1915 pus
1001 1872 1106 1904 condi
1127 1869 1263 1903 dicitur.
1290 1869 1407 1904 Etiam
1429 1869 1472 1904 de
1498 1870 1596 1914 loco,

913 1934 984 1966 quo
1008 1921 1220 1966 Proserpina
1240 1921 1392 1956 deducta
1413 1921 1449 1956 in
1469 1922 1596 1956 Tarta—

910 1987 993 2008 rum
1012 2000 1022 2017 ‚
1050 1974 1154 2009 variae
1179 1981 1282 2009 erant
1305 1974 1499 2010 sententiae.
1527 1975 1597 2009 Per

911 2027 1031 2063 AEtnoe
1048 2026 1184 2062 hiatum
1201 2026 1392 2073 quemdam
1411 2026 1445 2061 id
1463 2027 1595 2062 sactum

910 2078 1027 2124 plures
1055 2078 1264 2122 tradebant,
1294 2078 1461 2124 idemque
1490 2080 1597 2114 etiam

909 2131 1015 2167 hodie
1027 2131 1191 2177 spelunca
1205 2132 1425 2177 Proserpinae
1441 2140 1594 2167 vocatur.

911 2182 992 2217 Vid.
1010 2182 1184 2230 Brydonii
1210 2183 1373 2218 Itiuerar.
1396 2190 1480 2218 tom.
1506 2185 1544 2226 I,
1565 2198 1595 2229 p.

913 2237 985 2285 ¹89·
1001 2237 1043 2272 In
1060 2237 1093 2272 h.
1113 2236 1230 2283 Orph.
1245 2237 1282 2272 in
1301 2237 1394 2273 Plut.
1413 2237 1597 2272 abducitur

908 2302 973 2335 per
989 2296 1131 2325 antrum
1149 2289 1285 2324 Atticae.
1312 2288 1498 2324 Claudian.
1528 2289 1565 2324 ΙΙ
1585 2315 1593 2331 ,

909 2342 972 2388 307
986 2343 1140 2388 :Raptor
1161 2344 1196 2377 T
1190 2355 1305 2377 aenara
1321 2346 1436 2376 inlml.
1456 2341 1596 2376 Scilicet

908 2395 1024 2440 plures
1038 2395 1212 2440 speluncae
1231 2394 1512 2440 reperiebantur,
1531 2406 1594 2439 per

908 2461 993 2494 quas
1001 2448 1187 2483 descensus
1197 2447 1239 2482 ad
1250 2448 1380 2482 inferos
1391 2453 1512 2492 patere
1523 2458 1594 2481 cre-

909 2501 1068 2536 debatur.
1309 2497 1314 2506 ⁸

951 2554 1028 2598 425.
1054 2556 1203 2594 Vulnus,
1230 2553 1387 2588 dolorem
1403 2579 1412 2596 ,
1435 2559 1474 2587 ut
1496 2557 1593 2587 aeter-

907 2619 985 2640 num
1001 2608 1141 2646 vulnus,
1167 2604 1289 2650 virgil.
1320 2604 1463 2639 AEneid.
1481 2605 1518 2648 1,
1541 2604 1594 2639 36.

908 2657 1080 2692 Similiter
1110 2661 1189 2696 ἐλ-ως
1217 2656 1309 2703 apud
1338 2657 1489 2692 Graecos.
1521 2655 1594 2690 Sed

907 2712 1030 2746 vulnus
1046 2709 1273 2756 necproprie,
1284 2722 1349 2747 nec
1366 2709 1453 2745 adeo
1466 2708 1596 2754 tropice
