1832 3100
257 255 281 282 2
777 240 810 282 P
825 239 861 283 R
874 239 925 282 AE
935 240 1057 284 FAT
1071 243 1092 285 I
1103 241 1143 285 O

252 350 358 395 rago
375 331 488 380 facta
504 343 571 381 est
589 351 690 399 pars
707 352 801 381 non
824 334 980 399 exigua
997 335 1258 403 eruditionis
1285 335 1556 394 Graecorum,
1577 355 1662 402 qua

253 419 416 486 passim
446 438 596 468 omnes
620 439 760 487 prope
784 420 1042 487 scriptores,
1065 421 1349 489 philosophi,
1372 422 1566 490 physici,
1591 442 1663 471 as-

253 506 470 565 tronomi,
497 508 735 575 geographi
770 508 817 556 in
846 527 937 559 rem
961 528 1084 559 suam
1119 521 1224 558 sunt
1252 509 1322 559 usi
1344 529 1354 558 ε
1379 521 1510 576 atque
1533 510 1662 565 etiam

249 594 432 643 artifices
456 595 632 662 mythos
655 595 866 662 operibus
885 596 976 645 suis
999 609 1320 663 expresserunt.
1347 599 1371 624 *

316 682 579 745 Persuasum
594 694 687 733 erat
707 683 891 742 Graecis,
908 703 1041 750 posse
1059 685 1179 735 Deos
1197 685 1358 749 figuras
1379 685 1482 735 'dare
1505 698 1549 734 et
1571 686 1663 735 adi—

250 788 394 827 mere3
434 769 567 836 idque
589 770 743 818 crebro
766 789 858 819 esse
883 771 938 819 ab
964 772 1018 820 iis
1040 771 1204 821 factum
1221 810 1233 831 ‚
1268 784 1319 820 ut
1346 772 1415 821 vel
1442 774 1489 821 in
1512 785 1663 822 sontes

250 857 655 917 animadverterent,
672 858 741 907 vel
758 858 1066 909 laborantibus
1083 874 1385 910 succurrerent
1401 882 1411 910 :
1427 882 1559 929 quam
1573 864 1664 929 opi-

249 944 430 993 nionem
453 964 478 992 a
501 945 804 994 sacerdotibus
819 983 830 1004 ,
864 947 978 996 fictis
1009 947 1214 1014 pluribus
1246 949 1477 1016 exemplis,
1501 950 1664 999 confir-

250 1046 412 1085 matam
436 1054 530 1084 esse
554 1035 775 1103 latiusque
796 1054 991 1103 sparsam
1015 1038 1252 1089 admodum
1269 1052 1336 1089 est
1354 1040 1576 1090 credibile.
1592 1041 1666 1089 Sic

249 1123 412 1190 mythis
430 1122 562 1173 illatae
575 1136 681 1173 sunt
697 1125 1043 1191 metmnorphoses,
1066 1145 1162 1193 quae
1178 1127 1418 1194 phantasiae
1434 1140 1665 1195 poetarum

248 1209 387 1259 latum
405 1225 606 1277 campum
625 1212 992 1278 praestemebant‚
1015 1234 1151 1280 quum
1173 1214 1240 1265 illi
1261 1227 1305 1264 et
1320 1215 1519 1279 vulgatas
1539 1235 1666 1266 exor-

250 1311 408 1348 narent
430 1299 746 1365 ingenioseque
767 1301 1007 1361 variarent,
1032 1314 1076 1351 et
1102 1322 1128 1354 a
1149 1321 1195 1353 se
1218 1303 1415 1352 inventas
1440 1303 1663 1353 adderent.

249 1385 494 1435 Simonidem
519 1386 696 1452 quidem
714 1388 903 1443 carmine
925 1388 1083 1439 lusisse
1107 1390 1269 1441 scimus
1284 1427 1296 1449 ,
1321 1411 1409 1457 quo
1432 1391 1666 1441 mulierum

251 1472 447 1534 origines
467 1491 551 1538 pro
566 1473 751 1540 ingenii
763 1486 917 1528 natura
939 1477 1069 1525 variis
1087 1496 1145 1521 ,ex
1166 1479 1302 1522 rebus
1325 1478 1570 1527 deduceret.
1597 1481 1667 1527 Ex

251 1557 570 1624 antiquissimis
593 1557 727 1622 hujus
751 1557 924 1620 generis
947 1557 1113 1623 mythis
1136 1559 1341 1624 Homerus
1360 1562 1668 1613 nonnulloset

253 1645 460 1695 Hesiodus
483 1656 724 1694 servarunt.
758 1644 894 1710 Apud
918 1643 1043 1695 illum
1065 1645 1182 1695 enim
1203 1665 1296 1695 non
1317 1648 1453 1698 modo
1479 1650 1675 1701 Proteus*

252 1734 528 1784 transformis
547 1734 761 1793 occurrit,
781 1733 859 1790 sed
874 1745 917 1787 et
932 1733 1063 1785 draco
1080 1735 1280 1801 quidam,
1294 1738 1441 1787 Niobe
1455 1750 1500 1787 et
1517 1739 1668 1788 Phaea-

254 1843 354 1873 cum
371 1823 494 1872 navis
511 1818 696 1882 in'saxa‚
722 1822 933 1884 Pandarei
950 1836 1095 1876 autem
1112 1825 1202 1875 filia
1216 1827 1263 1875 in
1280 1826 1508 1878 lusciniam
1526 1842 1666 1879 trans-

253 1913 354 1960 iisse
374 1911 597 1974 leguntur.
618 1913 674 1961 In
695 1911 883 1965 Hesiodi
906 1912 1167 1976 Theogonia
1190 1927 1416 1981 amputato
1442 1918 1666 1981 Gorgonis

255 2000 397 2067 capite
422 1999 643 2065 Chrysaor
672 2010 716 2048 et
740 2000 934 2063 Pegasus
962 2001 1226 2067 prosiliunt,
1253 2015 1297 2052 et
1327 2005 1375 2052 in
1407 2005 1544 2054 altero
1574 2005 1667 2054 car-¹

256 2090 395 2148 mine,
416 2089 537 2156 quod
554 2089 609 2138 ab
629 2091 857 2156 Operibus
874 2091 1135 2158 inscriptum
1152 2105 1238 2151 est,
1258 2094 1496 2143 Pandionis
1514 2094 1602 2144 filia
1620 2095 1668 2143 in

255 2179 537 2227 hirundinem
553 2177 901 2230 transformatur,
912 2180 1060 2245 Atque
1073 2180 1187 2230 idem
1201 2180 1273 2229 ille
1285 2182 1332 2230 in
1343 2183 1557 2246 Catalogo
1571 2202 1669 2232 mu·-

257 2265 414 2320 lierum
437 2266 666 2332 deperdito
695 2265 837 2315 multo
861 2266 1055 2332 plurium
1078 2270 1491 2336 metamorphoseon
1516 2283 1668 2318 auctor

260 2354 411 2403 fuerat.
432 2355 532 2401 Hoc
551 2353 688 2416 igitur
703 2354 955 2419 mythorum
973 2374 1109 2418 genus
1129 2375 1264 2422 quum
1281 2369 1325 2405 et
1342 2357 1487 2423 ipsum
1505 2357 1669 2407 Graecis

261 2440 470 2507 placeret,
490 2453 541 2490 ut
561 2442 638 2508 qui
652 2441 786 2491 rebus
801 2440 981 2491 ludicris
997 2443 1272 2501 ducerentur,
1291 2445 1570 2511 prodierunt,
1593 2446 1667 2513 qui

261 2528 307 2575 id
331 2542 606 2592 segregatum
626 2550 651 2578 a
672 2530 854 2597 reliquis
878 2543 1125 2580 tractarent.
1154 2531 1332 2581 Corinna
1345 2533 1521 2594 mulier,
1547 2535 1670 2600 cujus

307 2672 324 2691 *
341 2674 431 2709 Vide
454 2677 583 2721 Heym'z‘
596 2675 799 2711 Comment.
818 2677 859 2711 de
882 2677 1014 2723 origine
1032 2684 1066 2712 et
1082 2678 1189 2713 causis
1204 2678 1293 2714 sabb.
1310 2678 1489 2713 Homeric.
1501 2704 1510 2721 ,
1528 2679 1564 2712 in
1581 2678 1667 2714 Nov.

265 2734 507 2770 commentar.
524 2736 588 2770 vol.
606 2737 707 2771 VIII.
729 2737 819 2772 Item
832 2736 1035 2772 Comment.
1051 2738 1092 2773 de
1110 2738 1311 2783 Apollodori
1330 2738 1490 2773 Biblioth.
