1832 3100
356 235 448 280 DE
481 235 703 279 OPERE
735 231 1435 278 METAMORPHOSEON.
1588 233 1614 274 5

195 331 398 398 mythica.
424 333 555 379 Nunc
577 330 704 379 abest
739 349 764 377 a
799 327 1124 392 gratulantibus
1161 340 1237 377 aut
1273 326 1618 376 condolentibus

195 438 334 477 unus,
361 438 493 487 quem
517 439 596 468 sua
616 419 706 468 sata
728 419 983 468 retinebant
998 457 1012 477 ,
1038 437 1136 485 quae
1158 418 1220 467 sic
1244 437 1336 465 non
1361 416 1472 465 male
1508 415 1622 464 rese-

194 510 376 567 runtur3
402 527 523 558 nunc
545 529 570 557 a
590 509 707 558 sacto
728 509 939 576 propiore
959 518 1192 556 renarrant
1207 505 1359 573 priora
1382 505 1435 563 ii,
1458 505 1534 571 qui
1555 504 1620 553 rei

197 609 329 660 gesta!
349 597 653 647 interfuerant.
675 597 904 646 Interdum
928 596 1154 645 sententiae
1176 594 1452 661 interpositae
1469 594 1523 641 ad
1538 593 1622 642 alia

195 704 280 734 nos
304 684 499 743 ducunt3
537 705 668 752 quam
701 698 848 735 tamen
876 685 1083 748 frigidam
1110 695 1155 733 et
1177 682 1392 750 puerilem
1426 682 1620 731 adsecta-

162 836 165 841 ,
195 771 365 823 tionem
378 773 570 838 Quintil.
597 776 708 822 Inst.
727 775 806 831 IV,
823 787 864 831 I,
893 793 947 842 7,1
966 811 978 830 ,
998 773 1224 830 nominat,
1243 772 1348 821 licet
1371 790 1463 819 non
1488 784 1619 834 neget

194 861 392 911 excusari
407 861 619 911 Ovidium
636 861 916 919 necessitate,
934 861 1022 909 hoc
1038 874 1104 910 est
1119 861 1215 923 lege
1230 899 1242 920 ,
1265 879 1396 927 quam
1413 860 1508 926 ipse
1533 858 1620 907 sibi

193 950 523 1019 praescripserit.
563 951 685 999 Loco
709 950 939 999 sententiae
956 968 1279 1016 nonnunquam
1300 949 1430 1015 plura
1453 968 1506 996 ex
1528 948 1621 996 his-

194 1038 309 1088 toria
330 1050 616 1106 repetuntur,
641 1059 833 1106 quorum
854 1059 939 1106 ope
960 1058 1029 1088 res
1054 1037 1357 1087 dissimillimae
1374 1037 1537 1102 junctae
1553 1055 1620 1084 re-

191 1127 440 1193 periuntur,
466 1141 519 1178 ut
544 1129 753 1178 Herculis
778 1129 1033 1196 apotheosis
1055 1140 1099 1177 et
1128 1126 1408 1176 Galanthidis
1433 1127 1481 1174 in
1500 1145 1623 1175 mus-

193 1215 324 1266 telam
341 1218 545 1266 mutatio.
571 1219 692 1266 Raro
705 1237 846 1266 nexus
862 1217 1087 1284 reperitur
1103 1236 1258 1284 parum
1278 1214 1528 1283 probabilis
1539 1252 1550 1273 ,
1569 1226 1622 1262 ut

191 1306 266 1364 II,
304 1303 400 1353 368
415 1343 429 1365 ‚
464 1306 546 1355 ubi
580 1307 774 1370 Liguriae
815 1326 892 1355 rex
928 1306 1090 1370 reginae
1125 1305 1368 1372 AEthiopiae
1407 1304 1621 1366 sanguine

188 1395 373 1460 junctus
393 1406 550 1445 c'ontra
574 1395 707 1444 fidem
732 1395 947 1454 traditur3
985 1407 1030 1444 et
1046 1397 1185 1454 VIII,
1217 1394 1310 1455 548
1327 1433 1338 1451 ,
1365 1395 1412 1442 in
1432 1414 1619 1457 geogra-

189 1484 343 1550 phiam
374 1505 428 1534 eo
463 1485 652 1535 consilio
686 1498 915 1553 peccatum
940 1498 1033 1543 est,
1066 1485 1173 1533 dum
1190 1485 1366 1533 Theseo
1393 1483 1618 1551 Calydone

188 1572 389 1622 Athenas
411 1574 616 1623 redeunti
647 1574 875 1623 Achelous
895 1574 1056 1623 fluvius
1080 1574 1303 1640 objicitur.
1344 1572 1468 1621 Saltu
1500 1572 1617 1620 facto

188 1660 252 1719 V,
289 1659 412 1728 5723
444 1662 522 1711 sed
543 1662 617 1710 vix
637 1661 746 1710 alibi
768 1663 995 1712 transitur.
1029 1664 1196 1711 Verum
1221 1662 1365 1710 omnis
1388 1661 1480 1717 haec
1509 1679 1620 1708 con-

185 1751 318 1800 nexio
338 1750 590 1800 fabularum
610 1751 770 1801 clarius
792 1752 999 1802 elucescit
1015 1771 1038 1800 e
1056 1752 1166 1800 serie
1180 1789 1192 1810 ,
1224 1771 1356 1818 quam
1373 1751 1478 1799 huic
1497 1770 1622 1798 com-

185 1838 452 1887 mentationi
466 1839 735 1904 subjecimus
751 1860 761 1888 ε
776 1853 824 1889 et
835 1860 988 1906 operae
995 1841 1189 1907 pretium
1207 1840 1332 1888 estin
1351 1838 1619 1905 perlegendo

189 1948 320 1996 opere
342 1930 442 1996 ipso
467 1929 523 1978 ad
544 1949 638 1979 eam
661 1929 899 1978 attendere.

256 2016 646 2078 Hincsvideamus,
687 2038 775 2085 qua
798 2031 891 2067 arte
914 2018 1093 2085 mythos
1118 2018 1180 2066 sic
1204 2036 1343 2066 nexos
1369 2029 1503 2084 poeta
1528 2017 1620 2066 dis-

189 2108 392 2174 posuerit
411 2119 544 2174 atque
563 2102 851 2156 exornaverit.
867 2107 1123 2175 Plerisque,
1148 2108 1226 2175 qui
1244 2120 1471 2156 narrantes
1486 2107 1620 2156 indu-

191 2208 377 2256 cuntur,
403 2197 665 2246 tribuuntur
689 2217 785 2264 quae
811 2199 1014 2265 personis
1035 2218 1188 2247 eorum
1214 2199 1497 2248 conveniunt.
1519 2198 1622 2246 Sce-

188 2282 311 2334 lestae
335 2268 533 2334 Pierides
569 2297 734 2356 canunt
757 2305 854 2353 quae
874 2287 997 2335 Deos
1017 2286 1248 2346 dedecent,
1266 2271 1403 2353 impia
1415 2286 1619 2334 Arachne

187 2373 444 2423 eorumdem
475 2373 644 2437 flagitia
681 2374 812 2434 texit3
839 2375 1114 2442 Minyeides,
1138 2374 1297 2442 puellae
1336 2374 1587 2441 petulantes
1607 2412 1619 2432 ,

187 2465 415 2515 amoribus
428 2465 685 2515 enarrandis
699 2465 935 2530 indulgent
952 2487 962 2525 ;
989 2467 1200 2534 Orpheus
1215 2504 1226 2524 ,
1246 2466 1498 2515 Thracibus
1510 2484 1620 2533 pue—

187 2571 342 2601 rorum
366 2572 558 2603 amorem
583 2554 1001 2613 commendaturus,
1036 2554 1090 2602 de
1119 2554 1270 2621 pueris
1307 2554 1426 2603 canit
1462 2575 1487 2603 a
1521 2554 1620 2603 Diis

190 2642 378 2691 dilectis.
395 2643 632 2693 Varietatis
657 2664 787 2694 causa
810 2644 1018 2693 nonnulli
1036 2663 1115 2694 sua
1135 2644 1224 2694 fata
1239 2645 1327 2712 ipsi
1341 2638 1545 2702 narrant,
1571 2656 1622 2693 ut

194 2732 417 2783 Arethusa
440 2744 485 2782 et
507 2732 759 2793 Achelous,
788 2751 1055 2801 quamquam
1087 2733 1160 2784 hic
1190 2734 1339 2784 minus
1364 2733 1595 2784 commode
1616 2771 1625 2789 ,
