1832 3100
299 279 979 346 METAMORPHOSEON
1011 281 1141 324 LIB.
1178 282 1279 325 ΙΙΙ.
1418 281 1499 324 251

82 377 253 428 Furtim
273 375 399 426 illum
418 376 574 444 primis
597 377 680 424 Ino
698 386 932 424 matertera
956 374 1084 423 cunis

83 461 256 510 Educat
277 479 288 508 :
312 459 416 508 inde
438 458 590 508 datum
613 458 831 526 Nymphae
848 457 1065 524 Nyseides
1091 455 1230 504 antris

86 541 332 593 occuluere
347 542 470 600 ³suis;
496 541 711 609 lactisque
734 541 941 591 alimenta
965 539 1136 589 dedere.

1445 552 1511 586 315

149 626 227 673 IV.
254 625 464 692 Dumque
485 644 535 674 ea
558 644 639 693 per
660 637 798 675 terras
821 623 944 674 fatali
964 623 1061 686 lege
1087 632 1304 686 geruntur
1320 658 1331 678 ‚

84 707 290 775 Tutaque
310 707 384 757 bis
404 708 544 772 geniti
569 720 675 756 sunt
696 706 965 757 incunabula
988 700 1181 763 Baecbi3

15 840 23 851 ,
85 790 220 839 Forte
238 791 397 840 Jovem
417 802 668 840 memorant
681 828 693 850 ‚
715 788 930 862 diffusum
951 801 1124 838 nectare
1140 825 1152 846 ‚
1178 804 1304 834 curas

127 925 203 960 313.
218 926 292 961 Ino.
307 925 367 961 Sic
383 933 419 962 et
432 926 668 972 Apollodorus
681 940 689 969 ;
702 926 763 962 sed

82 975 175 1022 apud
186 976 382 1012 Lucianum
392 978 594 1014 Mercurius
604 991 688 1014 eum
695 985 766 1013 sta-

81 1029 147 1063 tim
162 1027 201 1063 in
215 1031 345 1077 Nysam
366 1030 491 1066 desert.
505 1050 552 1058 -—-
567 1032 693 1066 Primis
708 1044 766 1066 cu-

83 1084 156 1122 ms,
180 1082 223 1117 ab
236 1082 349 1118 initio.
359 1085 496 1119 ——Inde
511 1085 643 1127 datum,
659 1096 767 1119 arna-

83 1140 214 1169 tertera
230 1143 422 1181 acceptum.
438 1155 482 1163 —·-
495 1138 592 1184 Nysa
604 1164 613 1178 ,
634 1137 717 1171 urbs
733 1143 769 1170 et

85 1199 189 1222 mons
206 1187 327 1223 Indiae.
351 1188 405 1223 Ibi
421 1189 588 1235 Nyseides
604 1187 772 1236 nymphae

87 1239 265 1287 (quarum
289 1241 439 1276 nomina
467 1241 606 1289 Cysseis
619 1268 628 1286 ‚
648 1242 742 1288 Nysa
759 1266 770 1284 ,

88 1294 222 1338 Erato,
255 1293 400 1340 Eriphia
418 1321 428 1338 ,
462 1294 606 1329 Bromie
633 1302 669 1329 et
691 1295 773 1329 Po-

87 1345 290 1393 lyhymnia)
300 1346 337 1380 in
348 1346 458 1382 antris
474 1345 671 1382 educarunt
682 1346 773 1382 Bac-

90 1397 220 1442 chum,
242 1410 321 1444 quae
346 1405 399 1434 est
422 1399 572 1445 vulgaris
590 1398 695 1444 hujus
721 1398 773 1433 rei

92 1450 258 1486 narratio.
281 1451 431 1486 Homer.
448 1450 483 1486 h.
507 1450 634 1486 Bacch.
660 1464 693 1496 p.
718 1464 773 1499 99.

93 1502 180 1538 Ern.
198 1503 356 1538 Antrum
378 1502 464 1538 illud
483 1502 570 1537 duas
587 1503 680 1537 sores
702 1502 773 1537 ha-

90 1555 205 1590 buisse
222 1554 350 1591 dicitur
360 1581 371 1599 ,
387 1555 485 1590 unde
501 1554 681 1590 Bacchum
697 1556 773 1588 Di-

89 1609 236 1655 tkyrilen
244 1607 460 1654 appellatum
468 1606 604 1641 volunt.
620 1605 719 1641 Serv.
729 1605 774 1640 ad

90 1658 215 1705 Vir-gil.
229 1658 304 1694 Ecl.
318 1659 372 1693 VI
384 1684 394 1703 ,
416 1661 457 1694 15
469 1683 479 1702 ,
496 1659 629 1706 Nysam
645 1655 774 1693 Bacchi

88 1712 266 1748 nutricem
281 1710 372 1746 facit.
390 1711 482 1746 Eam
498 1718 535 1746 et
553 1712 688 1759 Hygin.
703 1710 773 1746 sab.

91 1766 170 1808 181,
187 1771 471 1809 commemorat,
490 1763 629 1800 Oceani
653 1764 773 1799 filiam.

89 1819 163 1853 Pro
187 1828 228 1853 e·
253 1817 351 1852 idem
378 1816 461 1852 alibi
485 1819 616 1864 Nysam
645 1816 774 1852 laudat.

90 1869 181 1906 lude
191 1876 311 1906 autem
327 1871 461 1905 factum
473 1877 527 1905 est
539 1881 675 1904 nomen
684 1871 776 1904 Dio-

89 1933 203 1970 nysus.
228 1938 274 1949 --
297 1922 396 1957 Male
415 1921 538 1958 Codex
561 1922 692 1968 Regius
713 1923 744 1957 B
764 1949 774 1967 ,

91 1977 261 2012 mames.

133 2028 157 2062 3
162 2026 305 2062 16-338.
316 2028 470 2072 Dumque
478 2040 522 2062 ea
525 2039 589 2072 per
597 2032 704 2061 terras
711 2033 776 2061 etc.

99 2082 269 2124 Tiresias,
288 2081 480 2117 Thebanus
493 2107 503 2125 ,
521 2081 644 2117 Everis
661 2081 753 2117 filius
766 2108 776 2126 ,

92 2141 189 2170 vates
206 2135 245 2170 in
264 2135 564 2181 totaantiquitate
582 2135 780 2171 celeberri-

94 2200 194 2233 mus,
211 2189 273 2224 sed
287 2187 423 2225 lumine
444 2197 573 2236 captus.
593 2188 704 2226 Casus
725 2190 779 2225 vi-

94 2248 162 2286 tae,
180 2252 268 2288 quos
285 2255 402 2288 passus
420 2249 492 2287 est,
512 2243 605 2278 varie
626 2256 777 2278 narran-

93 2301 163 2330 tur.
180 2295 223 2330 ln
237 2295 409 2330 seminam
425 2308 508 2330 eum
526 2308 599 2330 esse
614 2297 779 2331 transfor-

93 2355 231 2383 matum
241 2348 287 2383 ob
295 2347 590 2394 intersecturn,vel
604 2350 641 2384 in
653 2357 777 2386 monte

94 2400 264 2450 Cyllene,
281 2402 337 2437 vel
349 2403 386 2437 in
400 2401 604 2438 Cithaerone
615 2431 624 2448 ,
647 2404 779 2440 draco-

93 2464 180 2489 nem
202 2454 365 2490 referunt
388 2455 496 2491 etiam
517 2456 678 2502 Apollod.
698 2454 754 2493 111
768 2485 777 2502 ,

92 2519 151 2552 vr,
171 2522 210 2554 73
230 2504 403 2545 Antonin.
422 2511 496 2546 Lib.
512 2510 627 2554 xv1;
645 2512 778 2560 Hygin.

94 2561 162 2597 sab.
189 2563 231 2607 75
245 2575 254 2603 ;
275 2561 391 2598 Schol.
417 2563 527 2599 Hom.
547 2563 590 2598 ad
619 2563 692 2599 Od.
719 2564 752 2599 A
768 2591 778 2609 ,

94 2613 169 2662 493.
200 2611 374 2648 Caecitatis
397 2627 483 2649 vero
500 2615 577 2660 ejus
592 2628 694 2651 causa
710 2628 780 2650 va·-

96 2664 148 2699 rie
168 2672 480 2701 commemoratur.
506 2665 583 2711 Qui
601 2666 782 2714 Pherecy-

96 2716 178 2752 dem
185 2726 438 2764 sequuntur,ut
450 2718 536 2755 Call.
546 2719 580 2755 h.
591 2720 628 2754 in
638 2720 781 2755 Lavacr.

99 2768 183 2804 Pell.
193 2782 282 2806 vers.
295 2771 429 2818 75-103
441 2798 450 2815 ,
464 2778 499 2807 et
510 2784 528 2806 e
544 2771 676 2806 Latinis
691 2784 782 2805 unus

98 2819 259 2868 Propert.
275 2823 352 2868 lv,
376 2835 437 2867 1x,
458 2822 497 2869 57
513 2850 522 2868 ‚
547 2836 626 2858 eam
644 2822 779 2859 cladem

831 926 994 961 tribuunt
1019 923 1221 965 Minervae‚
1253 933 1360 966 quam
1382 917 1514 954 nudam

831 978 960 1013 viderit
968 974 1262 1021 Tiresiasjuvenis
1271 999 1280 1018 ‚
1293 985 1371 1019 quae
1379 980 1499 1007 tamen
1507 996 1516 1014 ,

832 1030 992 1077 precibus
1009 1028 1131 1064 matris
1151 1035 1186 1062 et
1202 1026 1402 1072 integritate
1421 1024 1521 1069 juve-

832 1083 888 1118 nis
910 1088 1071 1128 permota
1084 1107 1093 1124 ,
1116 1077 1331 1114 vaticinandi
1354 1077 1386 1112 ei
1407 1083 1517 1111 artem

835 1136 1007 1171 tribuerit.
1035 1133 1132 1169 Cum
1149 1134 1278 1169 Nostro
1294 1130 1520 1177 consentiunt

837 1185 999 1233 Apollod.
1012 1185 1145 1233 Hygin.
1157 1184 1291 1219 Anton.
1303 1183 1379 1218 Lib.
1391 1181 1499 1217 XVII
1511 1207 1520 1224 ,

839 1240 1000 1286 Phlegon
1017 1238 1125 1275 Trall.
1143 1238 1186 1273 de
1202 1237 1331 1272 Mirab.
1347 1247 1385 1270 lv
1400 1262 1410 1279 ,
1436 1235 1522 1280 qui-

838 1293 902 1328 bus
927 1291 1106 1328 Hesiodus
1127 1290 1321 1338 praeiverat.
1358 1288 1522 1334 Elegiaco

838 1345 994 1381 carmine
1022 1343 1176 1379 fabulam
1197 1349 1406 1378 tractaverat
1432 1339 1523 1376 Sos—

839 1407 960 1435 tratus.
994 1399 1129 1434 Praeter
1166 1395 1379 1432 vaticinandi
1410 1400 1524 1428 artem

840 1450 1049 1486 constitutus
1059 1451 1090 1485 ei
1106 1450 1213 1484 etiam
1224 1455 1298 1484 erat
1309 1449 1434 1493 longus
1446 1445 1524 1479 vitae

840 1503 1014 1537 terminus
1028 1527 1037 1545 ,
1062 1502 1190 1547 quippe
1211 1500 1271 1546 qui
1286 1513 1350 1546 per
1366 1505 1502 1544 septem
1515 1523 1523 1539 ‚

841 1562 922 1599 aut,
949 1563 988 1590 ut
1012 1554 1067 1588 alii
1087 1554 1210 1588 volunt
1223 1580 1233 1597 ,
1259 1564 1390 1587 novem
1408 1556 1525 1585 aetates

840 1607 976 1650 vixerit,
989 1620 1006 1641 a
1022 1605 1162 1641 Cadmo
1173 1604 1256 1640 inde
1269 1617 1379 1650 usque
1392 1601 1433 1637 ad
1448 1615 1527 1647 cap-

840 1667 892 1695 tas
910 1660 952 1695 ab
971 1659 1109 1705 Argivis
1127 1659 1286 1702 Thebas,
1305 1665 1340 1692 et
1356 1655 1525 1691 Labdaci-

841 1712 893 1748 dis
903 1713 1015 1748 multa
1026 1712 1165 1747 oracula
1173 1710 1335 1746 ediderit.
1345 1711 1528 1755 Frequens

840 1766 958 1812 igitur·
976 1766 1051 1811 ejus
1081 1764 1171 1810 apud
1198 1764 1366 1809 Tragicos
1391 1769 1528 1796 veteres

840 1820 989 1854 mentio.
1038 1819 1175 1854 Datum
1204 1817 1358 1862 denique
1387 1815 1419 1850 ei
1453 1821 1528 1849 erat

843 1872 950 1908 etiam
972 1872 1040 1906 hoc
1055 1899 1064 1916 ,
1100 1878 1139 1906 ut
1162 1870 1255 1916 apud
1279 1870 1411 1907 inseres
1434 1867 1526 1903 solus

842 1932 1002 1970 saperet:
1017 1926 1166 1959 Homer.
1185 1922 1256 1958 od.
1275 1929 1322 1963 K,
1343 1923 1431 1970 4903
1454 1919 1529 1955 Cic.

843 1978 924 2012 Div.
943 1979 960 2013 Ι
971 2005 980 2021 ,
1000 1991 1042 2012 20
1059 1976 1157 2012 :vide
1171 1976 1321 2010 omnino
1334 1974 1530 2021 Spanhem.

844 2030 887 2065 ad
913 2030 1052 2065 Gallim.
1079 2028 1113 2063 d.
1138 2029 1160 2063 l.
1186 2046 1231 2056 ·--
1252 2030 1320 2063 Per
1340 2033 1464 2068 terras,
1490 2026 1526 2060 in

844 2090 948 2117 terra.
966 2081 1090 2128 Virgil.
1107 2082 1191 2116 AEn.
1202 2081 1219 2116 I
1233 2107 1243 2125 ,
1261 2082 1326 2125 708
1338 2093 1346 2116 :
1357 2081 1530 2115 convenire

838 2150 904 2183 per
921 2139 1060 2178 Ιίηιίηα,
1085 2136 1123 2172 in
1145 2135 1265 2170 domo.
1289 2153 1333 2161 —-
1354 2134 1461 2169 Unus
1470 2147 1535 2178 per

850 2192 1003 2231 Thebas,
1031 2188 1126 2236 quod
1148 2189 1299 2224 Heinsio
1313 2193 1388 2223 non
1406 2187 1531 2234 displi-

844 2242 953 2278 cebat.
970 2243 1088 2278 Immo
1092 2255 1158 2286 per
1166 2246 1272 2277 terras
1285 2241 1413 2276 rectius
1425 2253 1530 2287 oppo-

845 2295 945 2330 nitur
958 2294 1000 2329 iis
1018 2295 1149 2340 quaein
1167 2294 1252 2329 caelo
1269 2293 1371 2328 fiunt.
1393 2310 1438 2318 -·
1460 2294 1531 2328 Pro

841 2352 1001 2392 geruntur
1014 2347 1184 2382 Heinsius
1198 2346 1406 2392 conjiciebat
1417 2359 1533 2390 tegun-

845 2404 907 2434 tur.
922 2410 967 2426 -ὲ-
981 2399 1102 2435 Nostri
1119 2399 1221 2445 Regii
1235 2398 1366 2433 habent
1380 2424 1388 2441 ,
1402 2410 1466 2442 per
1474 2401 1533 2430 ler-

844 2464 922 2493 ras,
948 2458 984 2487 et
997 2456 1166 2497 gematur.
1188 2469 1232 2478 -—
1246 2452 1368 2486 Fatale·
1381 2444 1470 2493 lege,
1493 2461 1534 2482 ex

844 2508 927 2542 sato.
961 2507 1015 2542 Ex
1039 2507 1206 2553 opinione
1232 2505 1330 2540 enim
1357 2505 1531 2538 Veterum

846 2561 967 2596 omnia
978 2561 1111 2596 fiebant
1120 2560 1174 2594 vel
1185 2573 1226 2594 ex
1234 2559 1295 2594 sati
1305 2557 1509 2595 necessitate
1522 2583 1531 2600 ,

846 2614 900 2650 vel
918 2627 959 2648 ex
977 2613 1084 2648 libera
1100 2613 1263 2647 Deorum
1273 2611 1467 2655 voluntate,
1478 2610 1533 2645 vel

847 2679 888 2701 ex
904 2667 1092 2701 hominum
1110 2665 1237 2700 studio.

892 2720 912 2753 3
920 2733 931 2753 1
938 2720 967 2754 8.
980 2718 1169 2763 D1ssusum.
1181 2717 1350 2763 Dtsftmdt'
1353 2717 1532 2763 eleganter

848 2770 976 2806 dicitur
988 2770 1254 2817 animus,quum
1265 2769 1475 2806 exhilaratur
1485 2776 1532 2803 at-

849 2836 916 2868 que
931 2823 1058 2860 laetitiae
1069 2836 1105 2860 se
1120 2823 1179 2859 dat
1191 2836 1199 2860 z
1216 2823 1355 2859 tristitia
1365 2835 1449 2858 vero
1457 2834 1531 2856 cou-
