1832 3100
321 255 1004 308 METAMORPHOSEON
1041 258 1156 301 LIB.
1191 260 1283 302 VI.

1429 257 1517 318 459

102 356 224 423 Saepe
249 372 401 415 sorore·
417 368 521 411 sua,
546 350 718 413 magnis
741 368 875 415 super
897 349 1043 397 omnia
1067 349 1206 396 Divis.

100 432 183 482 Illa
206 431 353 481 tremit
366 450 378 490 3
401 428 523 480 velut
540 447 654 496 agna
671 446 856 495 pavenS‚
884 445 981 493 quae
1004 426 1152 475 saucia
1176 427 1273 475 cani

103 512 196 560 Ore
218 527 397 565 excussa
418 507 543 575 lupi,
567 506 768 557 nondum
792 504 880 554 sibi
905 515 1000 553 tuta
1025 503 1227 552 videtur:

102 589 252 655 thue
268 585 509 642 columba,
535 604 618 634 suo
641 582 896 632 madefactis
919 582 1132 646 sanguine
1154 580 1319 648 plumis
1333 618 1345 637 ,

100 659 269 714 Horret
286 663 452 722 adhuc,
467 662 713 729 avidosque
732 661 857 710 timet
871 660 1036 728 qulbus
1044 659 1231 708 haeserat
1247 676 1438 721 ungues
1462 671 1501 705 53
1495 681 1527 703 o

101 745 215 793 Mox
234 742 314 791 ubi
337 761 461 791 mens
485 741 642 799 rediit,
668 759 822 809 passos
850 739 1012 788 laniata
1036 737 1243 805 capillos,

101 820 293 885 Lugenti
315 819 500 878 similis,
526 819 647 868 caesis
671 818 889 885 plangore
911 816 1087 865 lacertis
1102 853 1114 873 ‚

104 900 346 950 Intendens
367 897 564 967 palmaS.
591 920 614 941 «
636 898 726 946 Pro
749 895 882 953 diris,
906 895 1118 950 barbare,
1143 892 1272 941 factis
1286 931 1298 951 ,

106 1003 131 1024 ³>
157 981 246 1030 Pro
270 977 461 1029 crudelis
476 1015 489 1036 ‚
509 977 595 1033 ait!
619 994 700 1025 nec
723 987 766 1024 te
784 974 989 1024 mandata
1009 971 1207 1040 parentis

106 1081 131 1101 2»
161 1058 274 1107 Cum
296 1055 499 1124 lacrymis
523 1073 699 1105 movere
719 1054 808 1121 piis
825 1090 837 1111 ‚
862 1071 943 1101 nec
964 1070 1068 1099 cura
1092 1049 1283 1106 sororis,

1468 1062 1532 1097 535

108 1158 132 1179 >›
159 1137 252 1185 Nec
271 1154 367 1184 mea
389 1133 620 1198 virginitas
634 1171 646 1191 ,
666 1151 749 1181 nec
773 1129 1038 1197 coniugialia
1059 1129 1189 1194 jura?

109 1236 134 1257 »
163 1213 328 1262 Omnia
351 1212 542 1262 turbasti
562 1233 572 1261 :
593 1210 738 1279 pellex
759 1229 842 1274 ego
865 1209 979 1258 facta
1003 1207 1195 1265 sororis;

110 1319 134 1339 »
160 1297 232 1345 Tu
254 1295 456 1359 geminus
478 1294 664 1360 conjux,
684 1313 779 1342 non
798 1293 891 1341 haec
916 1291 1026 1340 mihi
1048 1289 1199 1339 debita
1220 1306 1366 1355 poena.

110 1401 135 1422 »
164 1378 292 1443 Quin
309 1378 497 1427 animam
506 1376 643 1434 hanc,
655 1395 711 1425 ne
726 1375 847 1442 quod
861 1374 1032 1423 facinus
1051 1372 1155 1430 tihi,
1174 1369 1360 1438 perfide,
1379 1380 1534 1425 restet,

110 1484 134 1505 »
159 1461 347 1528 Eripis?
367 1472 502 1527 atque
523 1460 695 1515 utinam
717 1459 898 1515 fecisses
921 1470 1023 1512 ante
1045 1455 1261 1506 nefandos

1470 1467 1536 1512 540

113 1566 136 1586 »
165 1542 468 1592 Concubitus!
493 1561 650 1596 vacuas
672 1541 928 1594 habuissem
950 1539 1146 1593 criminis
1169 1537 1363 1589 umbras.

109 1702 193 1725 nem
206 1715 217 1734 ,
239 1695 278 1724 et
301 1689 432 1731 solam,
450 1694 487 1723 et
505 1687 571 1723 sibi
595 1687 766 1723 creditam
778 1713 789 1731 ,

109 1748 145 1776 et
167 1747 305 1788 patrem
320 1767 331 1785 ,
355 1751 536 1784 sororem,
570 1746 607 1774 et
630 1739 791 1784 inprimis

109 1793 205 1829 Deos
216 1793 470 1840 ‚implorantem
484 1819 494 1837 ,
514 1793 655 1828 violare.
682 1794 749 1834 Ed.

154 1848 227 1892 527.
250 1848 350 1882 Velut
363 1858 455 1891 agna
467 1858 613 1892 pavens,
637 1852 702 1880 etc.
726 1844 791 1879 si—

110 1897 326 1935 militudines
343 1895 497 1939 delectae.
513 1915 558 1923 —
575 1898 673 1932 Cam‘.
698 1895 791 1931 Vide

112 1951 155 1986 ad
172 1952 190 1987 1
201 1977 212 1995 ‚
240 1950 314 1986 238.
381 1958 385 1960 ’

156 2004 232 2039 532.
257 2002 407 2049 figenti
477 2004 632 2043 lacerto,
656 2001 796 2047 ineptus

111 2067 252 2099 versus,
273 2066 380 2100 quem
398 2054 566 2095 Heinsius
581 2059 675 2089 recte
692 2052 795 2098 iudi-

111 2114 166 2143 cat
192 2106 454 2149 adulter-inuam
477 2106 539 2143 sed
557 2119 632 2152 sqq.
660 2108 728 2142 Pro
743 2108 796 2140 di-

112 2164 179 2202 ηἶε,
204 2166 271 2195 etc.
285 2172 371 2203 ³³93
389 2166 486 2206 puto,
503 2159 679 2199 Invidiose
697 2158 795 2194 enim

113 2214 254 2247 barbari
259 2211 469 2254 vocabulum
476 2210 533 2246 hic
541 2210 735 2247 adhibitum
748 2223 797 2245 es-

114 2277 164 2308 se,
174 2270 298 2310 sponte
309 2269 462 2309 apparet.
474 2262 584 2305 Recte
598 2262 703 2308 igitur
717 2260 797 2296 addi

114 2315 229 2361 potuit
243 2317 328 2354 diris
336 2314 460 2359 sacti&
482 2313 652 2349 Heinsius
676 2320 796 2348 tamen

114 2367 279 2403 suadebat
295 2367 477 2411 din‘facti.

160 2419 236 2464 537.
258 2420 440 2460 Turboni,
459 2417 617 2462 violasti,
635 2395 817 2463 polluisti..-

117 2469 199 2504 Vid.
212 2469 266 2505 vir
277 2469 400 2509 doctus
408 2470 444 2506 in
457 2469 548 2506 Bibl.
560 2469 683 2515 Tigur.
694 2483 728 2516 p.
740 2483 796 2517 91,

119 2521 179 2568 qui
193 2528 292 2568 putat
307 2522 479 2563 Nostrum
494 2522 681 2567 respexisse
701 2521 798 2568 Virg.

119 2573 262 2619 AEueid.
287 2573 362 2618 lv,
381 2574 444 2609 362
464 2586 538 2620 sqq.
552 2592 598 2600 —
614 2573 710 2610 Cum
731 2587 804 2619 gc·-

118 2631 207 2662 miao
217 2627 358 2672 conjuge
370 2626 539 2662 Heinsius
552 2634 731 2673 comparat
743 2629 799 2662 du-

114 2682 223 2723 plices
243 2681 413 2714 thalamos
429 2705 440 2723 ,
466 2678 558 2724 apud
576 2678 664 2714 Stat.
687 2679 799 2715 Theb.

123 2731 195 2767 XII
208 2757 218 2776 ‚
234 2733 295 2779 471
313 2731 393 2775 ;sed
404 2731 438 2766 h.
449 2731 469 2765 l.
485 2731 522 2766 in
533 2744 670 2766 summa
682 2731 801 2777 despe-

122 2784 255 2820 ratione
265 2785 356 2830 justo
366 2784 520 2831 argutius
536 2784 678 2820 dictum.
687 2785 801 2820 Porro

857 1685 1025 1721 Heinsius
1049 1691 1148 1730 putat
1165 1710 1175 1727 ,
1205 1683 1354 1718 alterum
1375 1681 1540 1717 hemisti-

856 1738 975 1773 chium
987 1763 997 1780 ,
1015 1750 1081 1772 teon
1099 1739 1170 1771 haec
1194 1762 1219 1770 ..
1234 1762 1260 1770 ..
1270 1747 1375 1779 pana
1397 1747 1417 1768 a
1434 1732 1540 1768 sciolo

858 1789 1018 1825 additum
1038 1814 1048 1832 ,
1077 1795 1113 1823 et
1136 1788 1299 1822 lacunam
1323 1799 1394 1821 esse
1423 1785 1539 1821 relin-

859 1840 1055 1887 quendam,
1073 1839 1192 1884 quales
1209 1838 1329 1872 multae
1345 1836 1437 1882 apud
1456 1836 1542 1872 Vir-

861 1893 981 1938 gilium
999 1897 1194 1928 occurrant.
1213 1890 1288 1925 Nec
1300 1888 1388 1923 mihi
1399 1888 1456 1923 illa
1467 1900 1541 1922 ver·

860 1945 904 1979 ba
913 1956 1127 1990 magnopere
1138 1943 1288 1989 placent,
1300 1941 1428 1987 quippe
1437 1940 1542 1974 nimis

861 1995 1024 2043 languida
1039 1995 1073 2030 h.
1090 1996 1110 2030 Ι.
1131 1995 1191 2034 ubi
1208 1994 1372 2040 pleraque
1385 1993 1541 2028 animum

860 2047 1179 2087 commotissimum
1194 2046 1338 2092 spirant.
1354 2045 1468 2090 Negat
1483 2050 1543 2078 ta—

861 2114 946 2138 men
961 2101 1190 2136 Burmannus
1209 2098 1383 2136 Ovidium
1403 2098 1543 2134 lacunas

862 2155 1041 2201 reliquisse
1055 2181 1064 2198 ,
1093 2161 1262 2201 putatque
1282 2179 1291 2197 ,
1317 2165 1459 2188 sensum
1473 2152 1547 2187 ele—

863 2216 1006 2255 gantem
1022 2207 1112 2247 effici
1127 2233 1137 2251 ‚
1157 2207 1186 2242 si
1207 2206 1363 2252 legatur,
1387 2218 1453 2239 non
1476 2206 1547 2238 hoec

861 2263 950 2303 nubi
960 2262 1086 2301 credita
1103 2272 1206 2304 pana
1218 2285 1227 2299 ,
1246 2265 1286 2294 ut
1296 2270 1400 2302 pana
1421 2257 1466 2292 sit
1482 2270 1545 2291 ca—

862 2312 999 2349 lamitas
1013 2339 1021 2356 ‚
1049 2311 1200 2347 miseria.

907 2368 982 2414 539.
999 2368 1100 2401 Hanc
1112 2392 1121 2407 ,
1140 2372 1214 2405 tam
1232 2364 1397 2401 miseram
1410 2389 1419 2406 ,
1441 2374 1548 2408 quam

863 2419 969 2457 taedet
978 2420 1214 2460 vila—Hanc
1225 2431 1299 2453 non
1314 2417 1419 2453 habet
1428 2423 1548 2450 noster

869 2472 990 2508 Codex
1002 2473 1031 2508 B
1045 2487 1053 2514 ς
1074 2479 1109 2508 et
1126 2471 1229 2507 multi
1251 2472 1463 2515 interpretes
1479 2468 1545 2504 de-

864 2526 1036 2567 leverunt.
1061 2524 1135 2561 Sed
1154 2538 1195 2559 ea
1211 2536 1275 2558 vox
1289 2549 1298 2567 ,
1325 2522 1463 2569 gravius
1481 2535 1546 2558 so—

865 2591 954 2614 nans
969 2589 1070 2612 more
1087 2576 1283 2622 Virgiliano
1295 2602 1305 2619 ,
1324 2581 1473 2621 praestat.
1481 2576 1547 2609 Ed.

865 2647 909 2655 ·-
924 2631 1060 2664 Vacuus
1071 2635 1135 2663 etc.
1152 2628 1280 2665 Sancta
1293 2626 1548 2662 descendissem

867 2681 910 2715 ad
927 2681 1070 2716 inferos.
1099 2679 1146 2714 At
1167 2679 1224 2714 illa
1239 2679 1287 2715 sic
1307 2691 1447 2725 quoque
1473 2679 1549 2713 cri-

867 2733 972 2768 minis
1003 2745 1111 2768 vacua
1137 2739 1212 2767 erat
1226 2746 1234 2774 ;
1262 2730 1549 2778 quandoquidem

868 2784 984 2819 anima
1001 2790 1120 2830 peccat
1134 2810 1143 2828 ,
1164 2796 1237 2819 non
1262 2796 1396 2828 corpus.
