1832 3100
335 221 1031 270 METAMORPHOSEON
1066 224 1196 268 LlB.
1231 226 1333 269 ΙΙΙ.

1463 242 1544 289 271

128 341 153 362 »ι
179 320 243 369 At
264 336 384 368 nunc
405 337 430 366 a
452 336 594 390 puero
616 316 783 365 Thebae
804 315 1035 382 capientur
1057 315 1214 364 inermi
1235 336 1246 375 ;

108 443 109 446 ,
127 419 152 441 >³
177 397 324 462 Quem
341 414 487 462 neque
502 393 621 444 bella
635 394 815 460 juvant,
841 413 924 443 nec
942 393 1030 443 tela
1043 432 1055 453 ,
1075 413 1158 443 nec
1174 413 1284 444 usus
1303 415 1522 463 equorum
1540 437 1552 456 ,

130 497 153 517 >›
179 475 268 524 Sed
286 473 491 532 madidus
514 472 694 540 myrrha
714 472 873 532 crinis,
900 472 1146 541 mollesque
1170 493 1370 535 coronae,

1492 491 1557 525 555

129 574 153 595 >2
177 552 493 619 Pur-puraque,
515 562 561 598 et
582 550 716 617 pictis
740 550 960 600 intextum
980 552 1180 602 vestibus
1199 573 1367 602 aurum.

130 651 154 671 »
181 630 329 694 Quem
349 628 528 696 quidem
548 647 631 692 ego
649 640 867 689 actutum,
893 630 1029 679 modo
1054 650 1133 679 vos
1155 631 1378 691 absistite,
1403 651 1559 697 cogam

131 729 153 750 α
183 706 546 774 Adsumtumque
568 718 739 774 patrem
753 745 765 765 ‚
793 720 1130 776 commentaque
1146 729 1268 759 sacra
1285 710 1423 760 fateri.

127 809 152 829 ι»
179 787 254 835 An
273 786 380 835 satis
401 785 577 834 Acrisio
599 797 666 834 est
689 785 846 845 animi,
869 798 1150 838 contemnere
1172 808 1335 838 vanum

129 886 151 906 »
179 865 378 922 Numen,
401 875 448 912 et
466 862 700 927 Argolicas
723 863 919 912 venienti
940 864 1143 914 claudere
1166 877 1350 932 portas;

1496 880 1562 916 560

128 964 151 984 »
178 941 380 990 Penthea
405 941 593 991 terrebit
616 961 716 990 cum
742 941 850 990 totis
875 941 1042 992 advena
1065 943 1274 993 Thebis?

129 1041 152 1062 »
180 1021 247 1068 Ite
272 1019 349 1068 citi
374 1018 589 1083 (famulis
611 1019 699 1067 hoc
721 1019 960 1086 imperat),
984 1020 1068 1078 ite,
1091 1020 1339 1088 ducemque

127 1119 151 1140 ³>
178 1095 404 1146 Attrahite
425 1097 516 1146 huc
538 1097 737 1145 vinctum
758 1116 767 1144 :
789 1097 925 1162 jussis
948 1116 1074 1146 mora
1095 1098 1243 1162 segnis
1268 1099 1437 1148 abesto.
1468 1122 1492 1143 »

122 1228 392 1276 vituperatione.
400 1230 515 1265 Ed.-
519 1230 624 1273 Quem
634 1242 736 1274 neque
742 1235 808 1264 etc.

125 1284 243 1321 Tibul.
268 1285 287 1321 I
301 1311 312 1330 ,
339 1296 396 1322 vn
414 1311 425 1329 ‚
450 1285 520 1330 βε
543 1286 620 1321 Non
644 1287 712 1319 tibi
731 1289 812 1320 sunt

122 1341 238 1373 ints-tes
245 1350 346 1379 cnm,
362 1350 425 1372 nec
432 1338 544 1372 luctus
555 1363 566 1380 ,
582 1337 680 1372 Osiri
685 1335 811 1383 (quem

124 1402 208 1426 eum
221 1389 361 1426 Baccho
372 1389 639 1426 confundebant
656 1387 771 1424 Graeci
779 1386 808 1434 ),

125 1443 196 1478 Sed
211 1447 305 1479 urii
313 1445 421 1490 flores
435 1469 446 1485 ,
472 1446 510 1478 et
522 1443 628 1488 smus
653 1443 811 1477 redimita

125 1499 314 1545 corynbm
328 1497 423 1533 Fusa
433 1497 501 1531 sel
508 1498 562 1531 ad
575 1501 706 1531 teneros
719 1498 812 1530 lutea

119 1553 346 1596 pallaepedes,
363 1552 417 1586 Et
427 1551 535 1597 Tyn'ae
543 1554 654 1584 vestes
662 1576 671 1591 ‚
689 1554 726 1584 et
736 1551 812 1584 dul-

123 1607 177 1639 ct?
181 1604 269 1639 1151·ae
273 1607 388 1638 cantu.
398 1601 446 1637 Et
455 1601 620 1648 adipsum
629 1600 810 1637 Bacchum

123 1655 250 1691 Horat.
266 1654 325 1699 11,
344 1665 408 1690 x1x
422 1680 432 1699 ,
445 1656 509 1690 25:
523 1655 725 1700 Quanquam
733 1655 810 1691 cho-

119 1708 187 1741 reis
203 1709 316 1751 aptior
328 1710 365 1741 et
369 1706 644 1751 ficis'zudoque
664 1708 778 1741 dictus
796 1733 806 1748 ‚

921 1232 997 1275 557.
1014 1227 1119 1264 Made)
1132 1243 1193 1265 vos
1207 1233 1374 1266 absistite.
1391 1231 1564 1277 Plurimi,

873 1283 1040 1317 adsistite.
1049 1281 1199 1328 —Regii
1209 1283 1320 1317 nostri
1330 1309 1340 1327 ,
1352 1286 1564 1320 absidae.—

878 1333 999 1370 Lectio
1030 1336 1190 1370 adnuite
1219 1335 1387 1371 convenit
1418 1336 1564 1381 quidem

876 1385 990 1421 verbis
1022 1385 1148 1431 Eurip.
1174 1386 1238 1432 780
1252 1413 1262 1431 ‚
1286 1387 1347 1422 ubi
1382 1387 1565 1423 Pentheus

874 1444 1027 1474 scutatos
1037 1445 1074 1473 et
1085 1439 1220 1484 equites
1231 1440 1355 1475 arcessi
1363 1441 1463 1486 jubet
1476 1467 1485 1485 ,
1501 1440 1564 1476 sed

876 1505 951 1528 non
983 1493 1131 1540 perinde
1162 1495 1321 1531 moribus
1352 1502 1388 1530 et
1418 1495 1564 1531 consilio

875 1545 1029 1582 Penthei
1046 1560 1066 1582 e
1083 1548 1266 1583 notatione
1282 1548 1403 1584 Ovidii
1418 1549 1481 1584 sibi
1499 1562 1564 1584 ar—

874 1606 984 1646 rogat.
1000 1600 1174 1635 Absistite
1184 1628 1192 1642 ‚
1206 1601 1366 1636 sciliceta
1377 1602 1480 1636 sacris
1496 1614 1565 1636 no-

874 1653 936 1687 vis.
952 1671 997 1680 —-
1011 1653 1048 1688 A
1051 1656 1240 1699 dsumplum
1251 1681 1260 1695 ‚
1280 1667 1387 1699 quem
1403 1654 1488 1689 salso
1501 1654 1565 1690 sibi

875 1711 1025 1751 arrogat.
1046 1705 1126 1750 xl‘,
1153 1707 1226 1754 789.
1242 1724 1286 1732 —
1299 1707 1567 1752 Adsumtumque

119 1771 186 1793 non
194 1759 400 1793 satidaneus
407 1758 726 1804 Pugnaestrebarisg
749 1760 815 1793 sed
868 1763 1002 1802 patrem
1014 1770 1026 1801 ,¹
1046 1759 1175 1793 Jovem
1188 1771 1294 1804 quem
1309 1760 1502 1795 ementitus
1515 1766 1568 1794 est

119 1812 207 1845 Men
222 1811 332 1845 Pacis
342 1822 422 1845 etas
433 1812 564 1845 medius
576 1813 667 1847 belli.
690 1811 810 1846 Etiam

121 1862 318 1899 secumdum
328 1862 450 1909 Eurip.
463 1865 545 1911 419,
565 1871 660 1899 amat
679 1866 808 1900 3260&-

122 1930 225 1966 τειραν
240 1919 372 1962 εἰρήνην.
387 1932 433 1942 --
447 1917 561 1951 erinis
583 1915 712 1951 Bacchi
730 1928 810 1961 pas-

121 1969 188 2004 sim
196 1967 362 2004 landatur
371 1968 457 2005 uid.
467 1968 510 2004 ad
524 1981 611 2004 vers.
625 1971 684 2013 42¹
693 1996 700 2002 .
712 1969 809 2004 Eum

123 2034 250 2057 ornare
262 2021 405 2057 solebat.
421 2021 545 2067 Eurip.
558 2021 622 2064 234
634 2034 643 2055 z
654 2028 809 2065 ξουθοῖσιν

123 2077 343 2124 βοστρύχοισιν
361 2078 503 2118 εὔκοσμος
522 2077 629 2118 κόμην.
653 2091 698 2099 -
718 2075 809 2108 Ma·-

123 2129 244 2171 didus,
261 2126 449 2162 delibutus.
466 2127 731 2173 Unguebantur
746 2140 810 2162 au-

123 2187 197 2215 tem
219 2179 370 2214 Veteres
390 2178 499 2215 etiam
515 2179 594 2214 oleo
611 2179 780 2226 myrrheo
797 2205 808 2223 ,

123 2231 169 2267 de
183 2231 284 2278 cujus
302 2231 502 2278 prestantia
513 2231 582 2266 vid.
600 2231 643 2266 ad
658 2230 692 2266 X
704 2257 714 2275 ,
732 2234 810 2266 500.

122 2285 309 2320 -Jlolles
329 2298 478 2325 corona,
506 2297 636 2330 nempe
664 2284 809 2320 hedera-

121 2349 192 2373 (τεο
200 2362 212 2382 ‚
225 2336 491 2372 unde-Bacchus
498 2339 702 2382 κισσοκέμηςὲ
714 2338 808 2372 Sem-

111 2405 178 2435 per
191 2392 316 2426 hedera
329 2395 478 2435 tempora
497 2395 613 2426 w'ncta
625 2395 729 2436 gerit,
743 2391 809 2426 Ti-

119 2445 189 2480 bul.
202 2444 259 2482 111
274 2471 284 2490 ,
301 2455 343 2479 vx
354 2469 365 2486 ,
381 2459 413 2480 2.
427 2445 584 2481 Hederae
594 2452 714 2480 autem
725 2447 809 2480 mol-

118 2499 227 2532 litudo
251 2497 420 2532 tribuitur
434 2510 455 2532 a
477 2498 598 2544 poetis.
617 2498 715 2544 Virg.
734 2497 808 2533 Ecl.

119 2549 155 2583 V
165 2577 175 2594 ‚
195 2551 250 2586 31.
266 2568 311 2577 —
326 2550 380 2585 De
393 2563 561 2596 purpurea
569 2551 698 2586 Bacchi
711 2558 807 2586 veste

119 2602 188 2638 vid.
199 2603 345 2639 Salmas.
356 2602 399 2637 ad
411 2602 620 2638 Tertullian.
629 2603 672 2638 de
682 2603 805 2649 Pallio,

120 2669 155 2702 p.
172 2656 249 2705 3²9·
272 2656 398 2692 Talem
414 2657 523 2692 etiam
551 2656 754 2701 Homerus,
772 2656 806 2691 h.

119 2707 248 2743 Bacch.
275 2711 294 2744 5
313 2735 323 2753 ,
349 2709 382 2745 ei
407 2709 539 2744 tribuit.
561 2724 606 2735 --
630 2711 741 2744 patus
764 2720 808 2742 eo

124 2758 211 2803 ipso,
223 2763 316 2809 quod
330 2775 456 2798 aurum
469 2763 654 2799 intextum.
670 2763 718 2806 II,
733 2762 806 2807 734-

875 1819 1024 1857 patrem.
1039 1814 1106 1847 Ed.
1116 1831 1160 1839 -
1172 1814 1430 1858 Commenlaquc
1444 1826 1545 1847 sacra
1554 1840 1563 1854 ,

875 1865 1037 1901 conficta.
1061 1867 1129 1899 Ed.

923 1922 997 1966 559.
1006 1918 1066 1953 An
1077 1923 1165 1953 sam
1175 1920 1212 1953 A
1214 1922 1326 1954 cris't'o.
1339 1918 1493 1954 Acrisius
1504 1918 1570 1953 Ar-

876 1971 1037 2016 givorum
1048 1984 1109 2005 rex
1119 1997 1129 2015 ‚
1147 1971 1292 2006 occlusis
1303 1972 1412 2017 portis
1423 1997 1433 2016 ,
1448 1983 1566 2016 neque

876 2022 996 2058 Deum
1029 2023 1125 2058 hunc
1155 2023 1171 2070 (
1186 2023 1392 2067 Bacchum)
1406 2050 1415 2067 ,
1446 2036 1565 2069 neque

875 2089 970 2110 sacra
981 2076 1087 2122 ipsius
1099 2075 1250 2111 admisit.
1261 2077 1328 2110 Ed.
1342 2075 1452 2110 —De
1468 2075 1567 2111 Acri·

875 2130 928 2164 sio
938 2129 1119 2164 Bacchum
1130 2136 1321 2175 spernente
1333 2129 1401 2163 vid.
1415 2128 1482 2173 IV,
1499 2129 1567 2163 606

874 2193 948 2226 sqq.
963 2180 1036 2216 Sed
1050 2182 1163 2225 Argos
1174 2181 1273 2215 Deus
1284 2181 1340 2215 ille
1355 2181 1466 2216 serius
1483 2193 1567 2226 pro-

874 2234 986 2270 fectus
998 2241 1061 2270 est.
1079 2234 1326 2280 Apollodorus.
1355 2235 1472 2270 Etiam
1494 2234 1567 2270 Eu-

874 2286 976 2333 ripid.
992 2299 1039 2322 xx
1051 2313 1061 2331 ,
1080 2286 1152 2332 ipse
1169 2294 1291 2322 narrat
1303 2314 1312 2331 ,
1331 2287 1472 2322 Thebas
1488 2286 1567 2332 pri-

874 2351 971 2374 mam
982 2353 1055 2375 esse
1070 2339 1217 2376 Graeciae
1229 2341 1355 2375 urbem
1370 2367 1379 2384 ,
1393 2353 1499 2385 quam
1510 2340 1569 2373 in-

875 2392 987 2426 trarit.
1001 2410 1046 2418 -—
1068 2394 1216 2434 Vanum,
1237 2392 1331 2438 quod
1344 2406 1417 2426 non
1436 2399 1487 2426 est
1498 2404 1567 2425 nu—

875 2457 970 2479 men.
981 2461 1027 2471 -
1036 2446 1197 2485 Penthea,
1211 2457 1293 2480 cum
1306 2444 1476 2490 emphasi,
1486 2455 1562 2489 pr0,

874 2510 932 2532 me
948 2523 957 2540 ,
977 2497 1100 2532 conser
1118 2498 1231 2538 XIII,
1252 2512 1303 2542 17,
1322 2498 1380 2531 ubi
1393 2497 1498 2542 Aiax,
1521 2495 1564 2530 de

875 2550 1002 2597 Ulysse
1019 2553 1180 2584 :emulus
1191 2550 1330 2594 Ajacis.
1346 2567 1392 2581 -ι-
1412 2551 1565 2584 Adeena.

875 2603 1033 2639 Bacchus
1053 2615 1160 2648 quem
1184 2615 1258 2637 non
1276 2603 1389 2637 civem
1409 2600 1563 2646 agnoscit

875 2656 1059 2692 Pentheus
1072 2682 1081 2699 ,
1105 2655 1238 2691 nedum
1266 2656 1397 2689 Deum.
1424 2654 1489 2692 Ed.
1518 2670 1562 2679 ·-—

874 2712 926 2744 Ile
940 2714 1005 2744 citi
1019 2717 1083 2744 etc.
1103 2708 1239 2742 Confer
1256 2708 1331 2742 355.
1348 2726 1392 2734 —
1406 2709 1537 2741 Ducem
1551 2733 1559 2741 .

875 2769 1020 2798 venerat
1037 2760 1135 2802 enirn
1150 2773 1232 2796 cum
1248 2761 1445 2798 comitibus.
