1832 3100
277 288 331 334 70
642 278 693 321 P.
738 279 975 325 ovmn
1006 282 1307 330 NASONIS

270 366 569 434 -Regalemque
593 369 772 420 domum
801 392 809 420 ε
835 373 985 423 dextra
1004 374 1195 443 laevaque
1219 378 1415 429 Deorum

274 447 402 496 Atria
425 449 643 499 nobilium
666 452 800 502 valvis
824 454 1100 505 celebrantur
1123 459 1298 524 apertis.

273 524 406 573 Plebs
428 526 632 577 habitant
655 529 823 580 diversa
843 531 953 581 locis
975 554 984 580 :
1011 553 1034 582 a
1058 534 1203 584 fronte
1224 548 1428 602 potentes

262 601 509 670 'Caelicolae‚
539 605 730 673 clarique
754 628 860 658 suos
882 629 1069 676 posuere
1091 625 1284 678 penates.

271 678 358 727 Hic
382 679 506 730 locus
531 694 598 731 est
614 721 626 744 ,
654 703 809 750 quem,
833 687 870 734 si
896 688 1041 737 verbis
1063 690 1241 739 audacia
1265 691 1394 739 detur
1409 729 1421 750 ‚
1623 708 1683 754 ¹75

269 807 528 843 accommodate
546 808 589 843 ad
606 822 721 845 mores
736 812 840 846 Rom.
858 813 944 849 dixit

268 861 357 891 atria
372 862 579 894 celebrantur
591 869 654 896 etc.
675 876 683 902 ;
713 863 740 897 is
760 864 855 898 enim
872 864 945 899 ho-

270 922 337 945 nor
350 911 473 946 Romae
487 913 659 949 nobilibus
671 914 791 950 haberi
804 917 946 951 solebat.

317 976 329 996 1
337 962 386 1007 73.
397 965 506 998 Plebs.
519 970 664 1010 Δαίμσνες
677 970 816 1018 δεύτεροι,
828 968 848 1001 i.
858 981 886 1003 e.
896 981 946 1002 se-

268 1013 375 1049 cundi
385 1015 516 1050 &dinis
526 1030 533 1051 ε
543 1017 737 1053 videGraev.
747 1019 789 1053 ad
802 1020 944 1054 Hesiod.

267 1061 342 1114 E's‘y.
364 1067 434 1109 141.
453 1067 505 1102 Ut
522 1068 645 1103 Romae
661 1068 794 1105 nobiles
813 1078 848 1105 et
864 1070 945 1116 ple—

268 1117 336 1152 beii
347 1143 356 1161 ,
375 1117 423 1153 sic
439 1119 545 1154 etiam
564 1120 601 1154 in
616 1120 709 1155 caelo.
725 1121 807 1156 Non
828 1129 945 1157 autem

269 1167 417 1218 debebat
433 1173 521 1206 verti
533 1175 592 1206 der
604 1175 736 1208 Poebel.
754 1173 810 1208 Ad
816 1177 945 1218 plebem

267 1234 287 1256 a
298 1223 426 1258 Nostro
435 1223 471 1258 in
485 1224 534 1259 Ib.
547 1227 598 1261 81.
608 1227 809 1261 reseruntur
819 1227 942 1268 Fauni,

267 1273 406 1322 Satyri,
424 1277 598 1323 Nymphae
611 1304 620 1322 ,
638 1278 814 1321 Semidei;
834 1279 894 1314 sed
909 1280 945 1314 hi

266 1339 367 1371 mox,
387 1341 474 1363 vers.
490 1343 549 1377 ¹9²
563 1344 587 1365 s.
605 1332 646 1365 ab
658 1344 699 1366 ea
718 1332 946 1378 distinguun-

266 1387 345 1422 tur;
366 1380 523 1417 habitant
548 1384 645 1417 enim
660 1385 696 1419 in
717 1386 828 1419 terris.
846 1386 945 1420 Inter

265 1432 356 1468 cives
374 1434 554 1470 Romanos
577 1437 739 1471 nonnulli
756 1445 857 1472 erant
871 1452 944 1481 po—
964 1446 969 1448 '

264 1479 382 1525 tentes,
396 1484 549 1520 valentes
560 1486 668 1531 gratia
680 1494 715 1522 et
726 1489 942 1531 auctoritate,

266 1542 370 1580 atque
394 1539 484 1570 clari
498 1537 551 1571 vel
574 1539 744 1574 natalibus
766 1540 819 1574 vel
841 1541 943 1574 rebus

266 1588 378 1632 gestis.
403 1588 493 1623 Vide
514 1589 612 1624 Cort.
633 1591 676 1625 ad
703 1591 839 1627 Sallust.
865 1591 943 1628 Cat.

266 1638 309 1673 38
321 1665 330 1683 ‚
352 1653 377 1675 1.
392 1639 463 1674 Sed
475 1641 510 1675 hi
527 1641 741 1686 Diipolenles
755 1643 944 1679 differunt—

265 1704 311 1726 ne
335 1705 354 1726 a
372 1696 558 1734 nobilibus,
590 1707 783 1741 eorumque
803 1701 944 1740 penates

266 1744 308 1778 ab
334 1744 474 1779 illorum
501 1746 595 1781 atriis
607 1747 624 1781 ἐ’
655 1748 707 1782 Ea
731 1748 849 1793 opinio
877 1749 943 1784 suit

267 1797 392 1841 Rodii,
417 1798 476 1843 qui
493 1799 621 1833 Jovem
636 1807 671 1834 et
687 1801 870 1836 Junonem
886 1801 942 1836 hic

266 1849 411 1895 intelligi
435 1850 584 1885 monuit.
613 1850 684 1886 Sed
709 1864 783 1886 non
807 1852 856 1886 ita
879 1859 940 1887 est.

265 1900 383 1936 'Antea
414 1905 564 1936 dextram
594 1905 774 1948 loevamque
803 1910 940 1939 tantum

264 1961 601 1989 commemoraverat
619 1962 744 2000 poeta;
774 1955 845 2000 jam
866 1956 941 1991 loca

267 2006 457 2041 accuratius
486 2006 610 2041 definit
632 2018 641 2039 1
662 2010 764 2042 Plebs
786 2010 944 2043 babilon!

263 2061 394 2092 diversa
403 2061 499 2101 loczir,
511 2059 652 2094 diversis
659 2059 740 2095 locis
750 2059 853 2106 (vers.
863 2059 937 2106 4ο),

263 2109 323 2144 sed
334 2112 463 2144 nobiles
474 2123 535 2144 seu
542 2115 695 2153 potentes
703 2112 843 2155 astante
853 2139 861 2151 ,
880 2113 939 2147 sci-

262 2161 344 2198 licet
359 2162 481 2207 regalis
498 2162 632 2196 domus.
654 2162 755 2197 Adeo
771 2163 939 2198 insueve-

262 2220 340 2256 rat,
365 2217 505 2257 penates
531 2212 574 2247 de
601 2212 707 2247 domo
730 2213 843 2247 dicere
856 2240 865 2257 ‚
899 2221 939 2249 ut

263 2272 366 2311 poeta
383 2278 479 2300 nunc
494 2265 600 2300 etiam
616 2264 659 2299 ad
676 2265 837 2299 Deorum
852 2265 938 2310 ipso-

262 2330 344 2352 rum
362 2318 484 2352 domos
500 2317 733 2353 transtulerit:
748 2318 790 2352 cf.
811 2332 840 2352 v.
864 2321 936 2363 775.

263 2388 308 2397 ·-
321 2372 446 2405 Ponere
456 2370 579 2405 domos
590 2397 599 2413 ‚
622 2369 772 2405 condere
783 2384 790 2411 ;
816 2370 937 2406 Graece

263 2425 373 2458 θέσθαι
383 2427 485 2462 οἰκίας.
496 2442 540 2448 -
552 2424 703 2468 Clarique
716 2436 795 2458 suos
798 2436 938 2467 posuere

255 2479 406 2519 penates.
417 2475 485 2509 Hic
494 2481 544 2509 est
555 2474 684 2520 aliquid
695 2475 788 2520 quod
800 2489 818 2510 a
828 2476 937 2510 nemi-

262 2539 307 2561 ne
333 2526 612 2562 animadversum
633 2527 734 2562 fuisse
759 2527 934 2572 demiror,

260 2590 389 2622 nempe
404 2604 413 2620 ,
420 2583 574 2621 potentes
582 2582 750 2624 clan‘que5
769 2587 803 2614 et
817 2587 935 2615 tamen

262 2629 337 2674 quis
355 2630 419 2664 hoc
435 2630 522 2664 serat
536 2657 545 2673 ,
563 2631 627 2665 nisi
650 2631 709 2676 qui
725 2632 821 2666 omni
832 2644 936 2666 sensu

262 2680 425 2715 carminis
440 2689 553 2716 careat
569 2688 605 2716 et
621 2682 675 2716 cui
696 2695 750 2717 res
767 2696 785 2717 a
806 2683 934 2728 judicio

262 2732 352 2766 male
375 2732 529 2767 habeat?
557 2733 627 2767 Alii
644 2734 783 2769 fortasse
811 2735 934 2770 melius

260 2783 475 2828 conjecerim
491 2791 526 2818 et
538 2783 625 2819 mihi
638 2785 717 2820 satis
739 2798 810 2821 esse
831 2785 934 2821 debet

1011 828 1168 851 errorem
1183 817 1364 862 aperuisse.
1387 817 1538 864 Legebat
1550 818 1684 865 Tanaq-

1012 867 1125 902 Faber
1136 895 1147 912 ,
1166 868 1275 914 Epist.
1291 880 1321 903 11
1333 895 1342 912 ,
1361 869 1404 917 69
1421 882 1429 903 :

1319 929 1346 954 A
1355 928 1440 956 fronte
1450 934 1565 963 potentes
1616 962 1620 965 .

1011 976 1133 1002 Caelicolm
1143 977 1192 1002 sibi
1207 978 1317 1011 quisque
1330 987 1390 1003 suos
1403 987 1512 1011 posuere
1525 984 1640 1012 penates.

1011 1025 1049 1060 Si
1061 1026 1108 1060 ita
1121 1026 1195 1060 sine
1213 1026 1306 1061 libris
1323 1027 1466 1072 grassari
1483 1027 1538 1073 jus
1557 1027 1683 1073 fuerit,

1011 1077 1094 1122 quid
1112 1090 1186 1112 non
1201 1077 1373 1124 refingere
1388 1079 1503 1114 licebit
1518 1079 1561 1114 ad
1579 1093 1682 1115 suum

993 1126 1192 1163 *arbitrium
1208 1129 1224 1162 ?
1251 1129 1298 1163 Et
1318 1129 1384 1164 hoc
1407 1136 1459 1165 est
1478 1130 1683 1165 calumniari

1011 1176 1183 1213 Veterum
1194 1179 1359 1224 loquendi
1371 1180 1660 1216 consuetudinem
1670 1208 1679 1222 ,

1011 1230 1069 1274 qui
1082 1243 1170 1276 saepe
1185 1230 1337 1276 epitheta
1348 1232 1428 1266 talia
1439 1228 1662 1280 geminabant
1671 1260 1680 1278 ,

1011 1294 1087 1326 quae
1103 1282 1207 1316 etiam
1222 1309 1230 1325 ‚
1248 1282 1276 1316 si
1295 1283 1407 1328 arguti
1425 1296 1497 1318 esse
1513 1284 1682 1328 velimus,

1009 1333 1104 1368 inter
1124 1347 1159 1368 se
1183 1333 1322 1369 differre
1346 1334 1529 1370 ostendere
1551 1335 1682 1370 liceret.

1013 1388 1110 1421 Clari
1118 1387 1214 1421 enim
1227 1394 1329 1431 sunt,
1346 1388 1399 1422 vel
1416 1388 1461 1422 ob
1474 1387 1607 1423 nobiles
1619 1400 1683 1423 na-

1009 1438 1092 1473 tales
1104 1464 1113 1482 ,
1134 1439 1188 1473 vel
1205 1439 1249 1473 ob
1261 1452 1316 1474 res
1338 1446 1468 1486 gestas;
1484 1452 1600 1485 neque
1621 1445 1682 1475 ta·-

1007 1503 1091 1525 men
1104 1491 1182 1526 ideo
1192 1493 1350 1537 sequitur
1362 1505 1484 1528 omnes
1496 1493 1603 1528 etiam
1614 1496 1684 1529 cla·

1007 1555 1061 1576 ros
1076 1555 1147 1577 esse
1157 1548 1310 1586 potentes
1320 1571 1329 1585 ‚
1348 1543 1383 1577 id
1399 1551 1449 1579 est
1456 1548 1569 1588 gratia
1577 1551 1682 1590 etpo-

1006 1598 1112 1628 tentia
1129 1594 1256 1629 florere
1276 1595 1313 1629 in
1331 1595 1415 1630 aulis
1427 1621 1436 1639 ,
1453 1596 1508 1630 vel
1524 1596 1679 1631 civitate:

1007 1646 1054 1680 sic
1070 1659 1154 1692 ergo
1167 1653 1260 1681 recte
1271 1646 1436 1693 distingui
1451 1654 1604 1692 possunt.
1615 1649 1681 1682 Po-

1007 1704 1112 1734 tentes
1135 1712 1219 1745 ergo
1244 1699 1304 1734 Dii
1330 1707 1412 1734 sunt
1432 1700 1530 1735 Jovis
1555 1700 1679 1743 amici,

1006 1753 1190 1788 consiliarii
1203 1767 1211 1794 ;
1237 1755 1327 1788 clari
1336 1779 1346 1797 ,
1365 1753 1424 1798 qui
1438 1753 1681 1799 antiquissimis

1006 1803 1083 1838 Diis
1107 1804 1236 1850 geniti,
1259 1817 1334 1839 non
1356 1817 1440 1839 vero
1463 1803 1623 1850 adscripti
1644 1811 1682 1840 et

1004 1857 1135 1901 recepti
1152 1863 1270 1902 postea
1286 1857 1323 1891 in
1342 1857 1464 1891 caelum
1475 1883 1485 1900 ,
1511 1856 1560 1891 dii
1575 1857 1654 1893 sacti
1669 1871 1679 1899 ;

1005 1914 1043 1940 ut
1055 1915 1167 1951 patres
1179 1908 1359 1942 minorum
1370 1914 1406 1943 et
1412 1908 1588 1953 majorum
1599 1921 1679 1955 gen-

1005 1959 1094 1993 tium
1109 1959 1233 1993 Rornae
1249 1967 1359 1994 erant.
1375 1961 1505 1995 Bumu.

1051 2024 1063 2044 1
1072 2013 1121 2056 75.
1136 2012 1176 2045 Si
1182 2014 1290 2048 verbis
1301 2013 1449 2046 audacia
1462 2013 1565 2046 detur.
1582 2010 1677 2047 Adu-

1002 2064 1084 2099 latio
1100 2065 1137 2099 in
1151 2064 1349 2110 Augustum
1361 2091 1370 2108 ,
1387 2065 1485 2110 cujus
1500 2064 1624 2100 domus
1639 2065 1677 2100 in

1002 2124 1124 2152 monte
1148 2117 1307 2152 Palatino
1320 2119 1492 2152 Palatium
1509 2117 1598 2152 dicta
1616 2124 1677 2153 est.

1006 2167 1215 2203 constructa
1240 2175 1358 2204 autern
1377 2175 1451 2204 erat
1466 2182 1507 2204 ex
1522 2169 1676 2215 pluribus

1003 2219 1152 2254 aedificiis
1163 2219 1356 2254 minoribus
1367 2220 1404 2254 in
1421 2219 1524 2255 unius
1534 2221 1676 2255 maximi

1001 2271 1162 2316 speciem.
1190 2271 1237 2305 Et
1255 2271 1303 2306 sic
1321 2272 1512 2317 comparari
1530 2284 1611 2306 cum
1632 2284 1674 2306 eo

1002 2330 1138 2368 poterat
1148 2323 1288 2358 caelestis
1301 2323 1355 2358 illa
1366 2318 1473 2358 sedes.
1497 2324 1579 2358 Non
1591 2323 1676 2358 dixit

1001 2377 1096 2409 haud
1104 2377 1248 2409 dubitem
1257 2402 1265 2415 ,
1282 2382 1322 2409 ut
1337 2375 1445 2410 MSS.
1458 2375 1600 2420 quidam
1613 2375 1675 2410 ha-

1001 2425 1086 2460 bent
1098 2452 1106 2468 ‚
1127 2426 1188 2460 sed
1204 2426 1420 2460 reverentius
1436 2430 1579 2461 timeam.
1591 2429 1674 2462 Au-

1000 2478 1133 2510 daciam
1150 2489 1248 2511 suam
1265 2484 1412 2521 excusat,
1423 2490 1508 2521 non,
1526 2484 1566 2512 ut
1579 2478 1674 2513 Len-

1000 2527 1071 2561 zius
1094 2529 1255 2572 putabat,
1280 2535 1319 2562 ut
1343 2527 1554 2563 deteriorem
1576 2528 1674 2563 Jovis

1001 2577 1147 2612 domum
1171 2578 1298 2623 palatio
1316 2578 1464 2625 Augusti
1484 2579 1674 2614 declararet

1000 2629 1153 2673 (sordida
1170 2630 1265 2665 enim
1282 2631 1399 2666 suisset
1412 2631 1468 2665 illa
1483 2631 1668 2673 adulatio),

998 2682 1057 2719 sed
1071 2684 1150 2728 quia
1165 2683 1292 2724 summi
1305 2683 1373 2718 Dei
1385 2683 1530 2718 domum
1542 2709 1551 2726 ,
1564 2685 1670 2727 quem

999 2737 1096 2771 omni
1111 2736 1144 2770 h.
1159 2737 1180 2770 l.
1198 2737 1233 2770 in
1247 2736 1395 2771 maxima
1407 2735 1585 2780 majestate
1600 2734 1671 2770 col-

997 2786 1086 2822 locat
1097 2813 1107 2832 ,
1125 2800 1206 2823 cum
1217 2788 1370 2822 humana
1382 2794 1416 2822 ct
1425 2794 1561 2822 terrena
1571 2799 1669 2821 com-
