1832 3100
410 224 1117 271 METAMORPHOSEON
1154 229 1288 271 LIB.
1332 229 1401 271 II.

196 318 385 369 Vincula
405 319 669 382 cingebant;
693 318 991 386 adopertaque
1012 319 1212 367 nubibus
1234 321 1340 369 atris
1354 359 1366 379 ,

1531 230 1616 272 213

1557 349 1622 382 790

197 398 487 464 Quacumque
510 396 784 460 ingreditur,
810 397 1012 446 florentia
1032 397 1223 464 proterit
1245 417 1344 447 arva
1363 420 1372 456 ;

195 474 441 542 Exuritque
463 475 626 524 herbas
639 512 652 533 ‚
679 487 724 524 et
742 495 913 525 summa
934 476 1161 524 cacumina
1185 476 1327 543 carpit
1346 495 1357 534 ;

194 552 461 620 Adflatuque
482 573 565 602 suo
593 553 810 621 populos,
838 554 1083 622 urbesque,
1106 553 1352 621 domosque

195 636 365 685 Polluit
387 657 398 686 :
420 649 464 686 et
490 637 669 687 tandem
693 638 929 687 Tritonida
950 638 1170 705 conspicit
1192 658 1332 687 arcem
1349 675 1361 695 ,

192 719 411 782 Iugeniis,
439 719 714 788 opibusque,
741 733 785 770 et
804 721 915 770 festa
935 739 1042 788 pace
1065 721 1277 770 virentem
1299 739 1310 778 ;

1558 737 1622 781 795

192 803 369 870 Vixque
391 815 512 853 tenet
533 803 735 854 lacrimas
748 843 760 864 ‚
788 806 894 873 quia
915 804 982 854 nil
1003 805 1274 855 lacrimabile
1292 804 1444 854 cernit.

194 884 283 934 Sed
303 887 542 954 postquam
566 887 783 938 thalamos
805 889 986 938 intravit
1010 889 1207 955 Cecrope
1229 899 1363 946 natae,

192 968 326 1017 Jussa
347 969 477 1028 facit3
502 982 749 1038 pectusque
770 991 904 1022 manu
927 971 1152 1035 ferrugine
1176 970 1315 1018 tincta

193 1050 381 1115 Tangit3
407 1062 452 1099 et
472 1051 662 1101 hamatis
684 1054 927 1119 praecordia
950 1054 1154 1102 sentibus
1174 1052 1331 1120 implet
1350 1071 1361 1110 3

194 1134 478 1202 Inspiratque
500 1155 667 1185 nocens
692 1136 837 1196 virus3
862 1138 1125 1205 piceumque
1148 1156 1230 1203 per
1249 1154 1350 1184 ossa

194 1215 419 1284 Dissipat,
444 1229 488 1266 et
511 1218 659 1268 medio
682 1220 853 1286 spargit
874 1219 1089 1286 pulmone
1109 1238 1340 1268 venenum.

195 1300 316 1348 Neve
335 1299 440 1350 mali
462 1302 655 1368 spatium
679 1321 820 1351 causae
841 1322 923 1370 per
943 1302 1078 1352 latius
1101 1313 1246 1350 errent
1259 1339 1271 1358 ‚

200 1381 463 1432 Germanam
483 1395 584 1433 ante
607 1383 787 1442 oculos,
810 1384 1176 1450 fortunatumque
1201 1381 1369 1431 sororis

193 1525 508 1568 angulatas-pineam
519 1537 537 1559 a
547 1524 775 1560 similitudine
786 1536 800 1567 ,·
812 1539 878 1560 nn—

189 1577 294 1620 5ulas
305 1576 403 1611 enim
412 1577 515 1612 fuisse
530 1577 758 1613 instrumenti
770 1578 877 1614 ferrei

192 1627 230 1661 in
241 1633 377 1664 tortura
386 1641 511 1675 genus,
524 1643 596 1675 quo
605 1630 786 1666 carnifices
796 1637 876 1666 ute-

190 1685 327 1716 rentur.
341 1681 466 1716 Burm.
481 1681 510 1717 si
527 1685 665 1717 vincula
675 1682 854 1729 displiceat
863 1710 873 1727 ,

189 1732 319 1780 refingi
333 1747 432 1781 posse
448 1742 549 1781 putat
564 1739 702 1771 vimina.
717 1755 762 1762 -
775 1736 874 1772 Bene

189 1787 329 1822 vincula
345 1799 387 1823 ex
402 1786 519 1823 codd.
535 1788 674 1825 nostris.
689 1791 756 1825 Ed.

235 1851 311 1887 79¹·
331 1839 545 1886 Quacumque
558 1842 750 1886 mgaednur.
770 1841 875 1877 Invi-

191 1889 249 1925 dia
264 1891 386 1928 omnia
400 1893 597 1939 corrumpit
608 1919 617 1937 ,
631 1893 806 1939 pestisque
825 1900 877 1929 est

189 1941 391 1980 hominum.
415 1945 497 1981 Hoc
511 1946 575 1981 sub
591 1959 713 1981 sensus
729 1947 877 1982 vocavit.

194 1993 333 2030 Contra
357 1996 450 2042 apud
474 1996 599 2032 Claud.
620 1998 663 2033 33
676 2024 685 2042 ,
717 1999 777 2033 185
799 2011 874 2043 sqq.

190 2046 253 2082 ubi
284 2046 395 2084 Ceres
424 2062 532 2085 curru
560 2050 701 2086 vehitur
717 2077 726 2095 ,
756 2051 877 2086 omnia

191 2098 385 2140 florescunt
399 2129 409 2147 ,
434 2110 514 2138 rota
529 2103 880 2149 Sulcalamsecundal

190 2154 326 2188 humum
333 2166 347 2197 ,·
351 2157 515 2200 flauescit
519 2160 637 2191 arztrtis
647 2158 787 2200 Orbila‚·
799 2171 876 2192 sar-

189 2210 307 2249 gentes
314 2209 465 2242 condiant
471 2212 617 2253 vestiffl'a
627 2211 732 2243 culmi
738 2221 751 2253 ‚·
767 2211 881 2246 Vestil

191 2261 424 2295 ilercomilala
430 2273 536 2307 seges.
546 2280 591 2287 —
601 2263 797 2297 Cacumina.
806 2263 876 2298 Ve-

194 2312 358 2349 tustiores
367 2340 377 2358 ,
387 2327 579 2360 papavera,
598 2316 711 2351 nostri
725 2314 875 2352 Codices

192 2365 297 2413 Regii
307 2372 486 2404 cacumina
501 2367 644 2405 habent.
659 2370 726 2404 Ed.
742 2389 786 2396 —-
797 2369 876 2405 Cur

192 2429 324 2453 summa
337 2423 514 2455 cacumina
528 2422 549 2456 ,Ρ
564 2434 693 2468 nempe
716 2422 795 2468 quia
810 2422 875 2457 in·-

151 2509 153 2513 ⁴
193 2467 286 2504 vidia
300 2483 439 2507 summa
454 2486 595 2520 semper
609 2474 707 2520 petit.
724 2474 874 2510 Remed.

193 2535 297 2558 versu
311 2523 397 2573 3893
414 2537 545 2561 summa
553 2530 644 2572 petit
650 2530 743 2563 livor.

239 2580 313 2627 794.
333 2580 526 2622 Tritonida,
540 2581 698 2618 Athenas
711 2597 721 2626 ;
736 2583 874 2631 longius

194 2629 239 2665 ad
255 2631 312 2667 ΠΙ
326 2658 336 2675 ,
359 2646 430 2678 ¹²7·
446 2651 490 2660 --
505 2634 669 2679 Ingean,
685 2638 874 2682 opibusque.

196 2681 368 2731 Cecropia
391 2698 473 2720 cum
491 2684 671 2731 adjacente
693 2688 779 2723 urbe
802 2688 875 2733 jam

195 2743 272 2782 tum
301 2738 444 2784 quidem
472 2738 646 2776 Minerva:
676 2747 875 2776 consecrata

942 1530 1037 1566 erat3
1050 1522 1214 1558 nondum
1228 1529 1347 1557 tamen
1360 1522 1514 1565 tngenitk,
1526 1519 1627 1566 inge-

942 1575 992 1610 nii
1009 1574 1111 1609 laude
1128 1574 1337 1609 florentibus
1353 1573 1436 1607 viris
1448 1599 1458 1616 ,
1482 1575 1624 1617 opibus-

940 1640 1003 1672 que
1015 1627 1316 1666 virebat.·-·Fesla,
1334 1625 1438 1672 plena
1447 1626 1625 1660 bonorum

941 1687 977 1715 et
992 1680 1118 1716 laetitiae
1135 1707 1144 1725 ,
1162 1693 1250 1725 pace
1266 1682 1434 1714 virentem,
1453 1677 1623 1713 Ciosanus

942 1745 984 1767 ex
1002 1739 1153 1779 utroque
1173 1745 1236 1767 suo
1248 1758 1257 1775 ,
1277 1731 1412 1766 Briant.
1439 1729 1624 1776 Capranic.

942 1786 1114 1821 ambobus
1139 1785 1263 1820 Massei
1278 1811 1288 1830 ‚
1309 1791 1344 1820 et
1372 1784 1483 1819 tribus
1514 1783 1624 1818 Vati-

942 1833 1035 1875 canis
1047 1866 1056 1883 ,
1081 1839 1194 1874 adsert
1213 1846 1248 1874 et
1269 1839 1394 1885 probat
1404 1851 1495 1882 pace
1511 1840 1622 1872 nilen-

942 1896 1016 1926 tem.
1026 1911 1071 1917 —
1089 1893 1202 1927 Virere
1209 1891 1337 1937 poetis,
1354 1889 1390 1924 id
1401 1896 1472 1933 est,
1485 1888 1625 1924 florere.

942 1944 1121 1981 Drakeub.
1130 1944 1171 1979 ad
1183 1944 1243 1979 Sil.
1254 1945 1284 1988 1,
1301 1945 1551 1991 ιδῃ-,νίψω
1560 1950 1625 1978 etc.

940 1999 1023 2034 Hoc
1039 2011 1234 2046 oxymoron
1253 2005 1287 2033 et
1300 1997 1460 2032 animum
1472 1996 1573 2039 serit,
1589 2003 1623 2030 et

941 2052 1092 2098 graviter
1109 2051 1255 2087 Invidiae
1273 2049 1431 2086 indolem
1454 2056 1565 2084 notat.
1582 2069 1625 2076 —

946 2105 1067 2146 Tenet,
1096 2104 1236 2139 retinet.

976 2157 1050 2204 798.
1063 2159 1208 2202 Farrago
1216 2157 1327 2203 poetis
1338 2157 1359 2191 i.
1371 2155 1553 2203 q.nigredo
1563 2156 1621 2198 Ν,

939 2211 1264 2255 404.—-·Proecordia.
1274 2209 1414 2255 Quaerit
1424 2209 1623 2255 Euripides,

940 2264 995 2299 In.
1013 2267 1033 2300 5
1048 2290 1058 2308 ,
1074 2264 1111 2299 in
1130 2277 1199 2310 qua
1213 2263 1368 2310 corporis
1383 2270 1480 2308 parte
1494 2261 1623 2297 invidia

938 2316 1077 2358 sedeat,
1097 2317 1134 2351 in
1150 2316 1314 2351 manibus
1328 2342 1338 2360 ,
1360 2315 1547 2350 visceribus
1565 2322 1624 2348 aut

939 2369 1057 2404 oculis.
1065 2370 1194 2405 Noster
1202 2367 1410 2415 praecordia,
1421 2367 1605 2413 pulmones
1614 2394 1621 2407 ,

939 2434 1015 2456 ossa
1032 2422 1204 2457 nominat.
1221 2439 1265 2447 -·
1281 2422 1442 2455 Humatis
1451 2421 1601 2454 sentibus
1613 2446 1621 2459 ,

940 2482 980 2509 ut
996 2476 1144 2509 hamatis
1156 2477 1248 2509 rubis
1263 2471 1379 2508 Tibul.
1399 2471 1453 2508 lV
1465 2498 1474 2515 ,
1490 2482 1550 2513 111,
1571 2484 1619 2506 ιο.

939 2548 984 2556 -·
990 2530 1136 2569 Piccum,
1153 2528 1445 2563 atrum-Mam
1448 2528 1615 2571 pulmone,

940 2596 1004 2629 per
1012 2582 1206 2628 pulmones.
1221 2600 1265 2610 ·—-
1279 2582 1370 2617 Neve
1383 2583 1471 2616 mali
1477 2583 1621 2626 spatium

939 2649 1052 2671 causae
1061 2648 1125 2680 per
1139 2637 1243 2669 latins
1256 2638 1383 2670 errenta
1398 2633 1530 2670 Sensus
1548 2647 1556 2668 z
1574 2646 1620 2668 ne

939 2688 1078 2724 invidiae
1097 2700 1235 2724 veneno
1253 2687 1382 2723 insecta
1405 2687 1442 2722 in
1470 2686 1541 2726 aliis
1560 2699 1619 2722 rc-

939 2742 1003 2778 bus
1019 2741 1150 2779 haereat
1167 2750 1203 2779 et
1218 2742 1430 2779 conficiatur.
