1832 3100
380 200 1111 249 METAMORPHOSEON
1151 204 1279 248 LIB.
1319 204 1359 247 Ῑ.
1529 221 1585 266 79

161 296 251 347 Sed
273 297 443 356 timuit,
467 315 523 346 ne
546 295 660 346 forte
685 315 806 345 sacer
825 307 893 344 tot
910 296 966 345 ab
988 295 1170 358 ignibus
1193 296 1329 345 aether
1609 275 1611 278 ι

162 379 429 446 Conciperet
450 379 645 428 flammas
661 417 673 438 ,
699 378 951 446 longusque
975 377 1220 430 ardesceret
1243 378 1349 427 axis.

1522 394 1588 429 255

159 461 270 510 Esse
295 464 476 529 quoque
496 462 543 510 in
566 461 670 510 fatis
693 461 1016 527 reminiscitur,
1043 460 1193 509 adfore
1216 466 1413 527 tempus,

161 541 268 607 Quo
290 562 432 604 mare,
460 562 550 611 quo
574 542 728 603 tellus,
754 534 1047 611 correptaque
1069 543 1191 607 regia
1216 541 1309 591 caeli

162 683 298 720 Placuit
313 697 398 731 ergo
415 697 525 731 genus
537 685 736 720 humanum
750 687 843 721 dilu-

162 739 215 772 rio
239 735 473 786 (κατακλυσμῷ)
497 737 657 784 perdere.
675 738 755 773 Hoc
772 738 843 774 de-

161 788 333 823 scribitur.
350 788 421 824 Sed
432 789 504 824 duo
516 817 526 835 ,
545 787 604 836 'qui
622 792 755 826 caeteris
771 804 842 825 an-

162 840 369 876 tecellebant
378 842 504 888 pietate
515 869 524 887 ,
536 850 722 878 servantur
731 871 740 888 ,
752 846 844 879 Deu-

161 895 294 935 calion,
320 894 528 930 Promethei
548 902 584 930 et
603 895 776 931 Pandorae
798 897 845 931 fi-

161 945 245 989 lius,
263 953 299 981 et
313 947 463 994 Byr-rba,
483 947 559 992 eius
573 948 702 992 conjux
714 976 723 990 ,
748 949 844 995 Epi-

162 998 297 1036 methei
332 998 414 1035 filia.
463 1000 514 1036 Hi
546 1001 716 1047 lapidibus
747 1003 844 1048 jussu

163 1049 348 1087 Themidis
367 1052 472 1098 *iactis
505 1066 615 1100 genus
645 1054 844 1092 humanum

162 1103 355 1140 restituunt
373 1117 382 1140 ι
407 1105 452 1140 cs.
475 1105 638 1152 Apollod.
654 1107 671 1142 Ι
683 1134 693 1151 ,
708 1118 783 1151 vn,
802 1122 842 1151 2;

164 1156 298 1204 Hygin.
306 1157 375 1192 sab.
389 1157 462 1192 153.
471 1157 591 1193 Etiam
601 1158 764 1205 Apollod.
774 1160 843 1203 111,

163 1218 236 1242 vul
247 1233 258 1252 ‚
277 1222 296 1242 2
309 1234 319 1252 ,
336 1215 372 1243 et
390 1208 508 1244 schol.
526 1210 648 1256 Eurip.
666 1210 710 1245 ad
728 1211 846 1248 Orest-

168 1259 272 1304 1646,
291 1259 360 1296 hoc
372 1259 541 1296 diluvium
557 1269 636 1309 post
651 1270 687 1298 et
702 1272 846 1310 propter

125 1345 129 1349 .
166 1311 338 1360 Lycaonis
359 1312 415 1348 vel
438 1313 594 1349 filiorum
614 1315 746 1351 facinus
768 1317 845 1351 im—

165 1364 314 1400 missum
330 1373 488 1402 narrant.
511 1367 640 1403 Noster
654 1368 761 1415 igitur
784 1370 845 1405 has

165 1417 298 1454 fabulas
321 1418 368 1454 ita
393 1420 575 1466 conjunxit
588 1447 598 1465 ‚
625 1429 666 1458 ut
687 1434 752 1467 pro
773 1435 846 1457 una

165 1469 286 1506 haberi
302 1471 443 1517 possint.
461 1473 534 1508 Nos
549 1480 668 1508 tamen
685 1475 847 1520 sejunxi-

166 1535 246 1558 mus
257 1548 267 1567 ,
284 1530 325 1558 ut
342 1531 425 1559 sunt
440 1524 585 1561 diversae
601 1526 679 1562 loco
694 1534 729 1562 et
746 1534 846 1569 tem-

165 1588 262 1622 pore.
280 1576 351 1612 Res
367 1584 486 1613 autem
499 1578 548 1614 sic
562 1578 677 1615 habet.
697 1580 847 1616 Deuca-

163 1629 252 1675 lion,
261 1643 290 1666 a.
305 1631 390 1677 1574
397 1639 478 1667 ante
488 1644 596 1667 aeram
607 1632 749 1676 Christ„
760 1642 847 1670 tem-

166 1695 252 1730 pore
268 1682 402 1719 Granai
413 1710 423 1729 ,
441 1698 483 1719 ex
494 1684 578 1720 Asia
590 1686 735 1722 venitin
747 1687 848 1724 Grae-

166 1737 275 1782 ciam,
293 1745 330 1774 et
345 1738 492 1785 subjecit
506 1739 571 1775 sibi
588 1739 784 1788 Lycoream
802 1741 847 1777 ad

167 1790 396 1827 Parnassum:
409 1792 490 1828 vide
501 1792 663 1827 Marmor
675 1793 847 1829 Arundel.

168 1842 186 1877 Ι
198 1869 207 1884 ,
225 1839 300 1878 init.
319 1843 437 1890 Hujus
454 1851 555 1880 aetate
571 1844 668 1880 fluvii
689 1845 847 1881 Thessa-

166 1893 221 1930 liae
235 1921 246 1940 ‚
271 1895 416 1942 copiosis
431 1895 600 1932 imbribus
617 1897 731 1940 aucti,
757 1897 848 1943 ripas

167 1947 295 1992 egressi
310 1955 414 1993 sunt,
438 1961 676 1995 magnamque
694 1949 846 1985 Thessa-

166 1996 222 2034 liae
237 2006 274 2034 et
287 1999 472 2036 vicinitatis
490 2008 627 2047 partem
647 2008 848 2037 vastarunt:

169 2050 332 2096 Apollod.
347 2052 381 2088 d.
394 2053 416 2087 l.
426 2079 436 2097 ,
447 2060 483 2088 et
493 2053 636 2088 Aristot.
650 2054 803 2088 Meteor.
817 2054 847 2096 I,

174 2105 224 2147 ¹4·
246 2102 442 2139 Deucalion
466 2118 552 2139 vero
565 2131 575 2148 ,
598 2106 657 2151 qui
677 2106 848 2151 effugerat

168 2155 265 2191 illam
273 2156 408 2192 cladem
421 2184 430 2202 ,
448 2165 484 2193 et
495 2159 638 2193 sortasse
651 2158 687 2192 in
700 2159 849 2194 Parnas-

169 2221 251 2243 sum
259 2222 295 2244 se
310 2217 510 2255 receperat,
526 2223 608 2245 mox
620 2210 775 2246 Athenas
787 2224 850 2245 ve-

103 2275 110 2287 ι
169 2261 225 2296 nit
245 2261 289 2296 ad
309 2261 514 2306 Cranaum,
540 2263 691 2308 Jovique
715 2263 849 2311 Phyxio

109 2348 113 2352 .
169 2313 216 2349 ob
231 2314 378 2350 salutem
394 2316 583 2362 prestitam
602 2316 772 2362 templum
789 2330 851 2352 ex-

170 2367 289 2404 citavit
303 2381 312 2403 t
327 2367 408 2404 vide
422 2369 595 2404 Marmor.
611 2368 749 2404 Arund.
765 2369 801 2414 I,
820 2383 849 2416 7.

171 2419 355 2456 Diluvium
371 2435 456 2468 ergo
473 2421 558 2457 illud
570 2421 850 2457 Deucalioneum

171 2472 216 2508 ad
222 2480 359 2519 partem
368 2481 505 2510 tantum
513 2474 656 2511 Graeciae
667 2474 849 2520 pertinuit;

171 2525 235 2561 sed
252 2538 363 2572 quum
380 2525 494 2562 Graeci
510 2540 573 2573 per
588 2527 730 2562 colonos
743 2526 852 2562 Phoe-

172 2578 282 2614 uicies
297 2577 425 2624 aliquid
443 2579 650 2624 accepissent
660 2578 703 2614 de
720 2578 851 2614 diluvio

173 2630 350 2667 Noachico
374 2630 580 2674 universali,
600 2630 852 2666 accommoda-

173 2689 260 2718 runt
283 2683 316 2718 ei
343 2682 633 2718 Deucalioneum.
669 2682 791 2728 Itaque
817 2688 854 2716 et

175 2734 331 2770 Romani
344 2741 555 2781 putaverunt
568 2761 578 2779 ‚
597 2734 692 2769 illam
706 2733 854 2768 inunda-

907 684 1045 719 tionem
1071 683 1116 719 atl
1144 683 1282 720 Italiam
1308 697 1449 730 quoque
1475 685 1592 731 perti-

907 737 1023 772 nuisse
1039 750 1047 772 ς
1069 736 1161 771 Plin.
1180 737 1227 771 H.
1244 737 1290 772 N.
1308 736 1384 781 III,
1407 739 1457 782 14.
1481 737 1591 773 Deu-

908 789 1021 824 calion
1046 801 1131 824 vero
1147 788 1341 824 habebatur
1362 789 1499 835 generis
1515 789 1591 824 hu-

907 843 1006 877 mani
1030 849 1262 887 restaurator,
1280 843 1408 888 partim
1426 843 1506 888 quia
1528 842 1591 877 di-

907 906 1043 940 spersos
1055 893 1217 928 homines
1231 894 1369 941 collegit
1380 893 1422 940 (J
1425 894 1526 929 ustin.
1540 894 1590 937 ΙΙ,

910 958 950 982 vr
962 973 971 991 ,
988 961 1001 981 ι
1012 947 1064 991 1),
1082 947 1212 993 partim
1225 947 1305 992 quia
1317 947 1591 993 copiosissimam

909 1000 1046 1046 prolem
1064 999 1205 1045 reliquit
1223 1009 1232 1031 ε
1248 998 1326 1034 vide
1344 999 1492 1034 omnino
1509 998 1593 1034 Go-

910 1060 1004 1099 guet.
1028 1055 1111 1088 12ber
1135 1054 1200 1087 den
1234 1053 1407 1097 Ursprung
1434 1054 1494 1087 der
1523 1055 1591 1088 Ge-

909 1110 1017 1146 sene,
1038 1113 1103 1141 etc.
1114 1132 1123 1147 ,
1145 1112 1230 1140 tom.
1249 1105 1286 1139 II
1299 1131 1308 1148 ,
1323 1118 1357 1150 p.
1374 1105 1416 1139 23
1431 1118 1505 1151 sqq.

955 1159 1030 1202 254.
1047 1158 1152 1192 Sacer
1165 1164 1230 1192 etc.
1248 1157 1343 1202 Quia
1356 1157 1480 1192 caelum
1493 1157 1592 1193 sedes

910 1209 1084 1244 Deorum.
1104 1209 1222 1244 Etiam
1235 1209 1366 1245 Graecis
1375 1209 1502 1245 dicitur
1521 1215 1596 1258 ἱερὸς

911 1264 1009 1312 αἰθήρ·
1031 1260 1111 1296 vide
1129 1261 1277 1296 Valken.
1295 1261 1444 1297 Diatrib.
1471 1262 1595 1309 Eurip.

910 1326 943 1358 p.
954 1315 997 1361 49
1016 1332 1061 1339 -
1072 1314 1220 1357 Longus,
1240 1320 1293 1357 ut,
1316 1314 1389 1359 123,
1400 1317 1496 1359 longi
1507 1318 1597 1350 sulct

911 1372 947 1400 et
958 1391 968 1409 ,
991 1365 1052 1399 136
1065 1391 1074 1408 ,
1092 1368 1214 1409 longus
1228 1368 1335 1400 limes.

957 1418 1032 1452 255.
1050 1418 1250 1463 Longusque
1263 1430 1327 1463 pro
1338 1422 1490 1463 totusque
1501 1414 1595 1457 recte

912 1483 954 1504 ex
968 1470 1172 1506 melioribus
1187 1471 1319 1517 recepit
1334 1471 1457 1507 Heins.

955 1523 1032 1557 256.
1053 1524 1143 1558 Esse
1157 1536 1283 1568 quoquc·
1298 1527 1335 1558 in
1344 1523 1448 1568 fatis.
1468 1523 1597 1560 Defla*

913 1577 1108 1623 grationem
1127 1576 1254 1611 mundi
1275 1577 1431 1611 suturam
1447 1604 1456 1619 ,
1481 1578 1598 1624 inquit

912 1629 1112 1664 Lactantius
1132 1656 1141 1674 ,
1169 1629 1226 1664 lib.
1251 1629 1295 1664 de
1315 1630 1372 1664 Ira
1399 1629 1492 1675 Dei,
1522 1645 1598 1678 cap.

913 1692 1009 1716 xxnl
1021 1708 1030 1725 ,
1055 1681 1240 1717 vaticinata
1259 1688 1310 1717 est
1336 1682 1487 1730 Sibylla3
1506 1684 1597 1718 sub-

911 1735 1055 1780 jicitque
1078 1734 1211 1770 ibidem
1234 1742 1305 1770 tres
1323 1735 1426 1771 hosce
1447 1735 1598 1773 Ovidius

912 1801 1042 1823 versus.
1072 1788 1181 1834 Quod
1200 1795 1235 1822 et
1261 1788 1385 1823 Senec.
1402 1789 1570 1834 praeseivit
1586 1816 1596 1833 ‚

915 1839 1095 1876 Consolat.
1120 1840 1164 1875 ad
1195 1840 1369 1875 Marciam
1387 1866 1396 1883 ,
1430 1841 1494 1875 sub
1524 1840 1598 1887 ipsa

913 1892 1004 1926 calce
1020 1892 1120 1927 libri:
1140 1906 1157 1922 «
1179 1891 1306 1936 Quum
1329 1898 1468 1937 tempus
1483 1891 1598 1927 adve—

912 1945 1027 1989 nerit,
1047 1957 1117 1990 quo
1131 1957 1167 1980 se
1186 1944 1342 1979 mundus
1365 1951 1597 1980 renovaturus

912 1998 1093 2044 extinguat
1108 2025 1118 2042 ,
1136 2005 1221 2042 etc.,
1248 2005 1284 2033 et
1305 1998 1404 2033 omni
1426 1997 1597 2045 flagrante

914 2051 1060 2085 materia
1080 2063 1152 2085 uno
1172 2050 1272 2096 igne,
1308 2050 1473 2096 quicquid
1500 2064 1597 2086 nunc

914 2116 955 2137 ex
971 2102 1137 2148 disposito
1153 2102 1244 2137 lucet
1257 2128 1266 2146 ,
1286 2102 1431 2138 ardebit.
1446 2117 1464 2133 »
1494 2102 1596 2138 Idem

916 2155 1040 2191 Natur.
1061 2154 1310 2200 Quaestionum
1322 2181 1332 2199 ‚
1350 2155 1406 2189 lib.
1426 2155 1482 2190 III
1496 2181 1505 2199 ‚
1523 2169 1596 2202 cap.

913 2219 1051 2243 xxvnl:
1064 2223 1080 2238 «
1096 2208 1180 2254 Qua
1190 2209 1324 2244 ratione
1338 2235 1346 2252 ‚
1365 2208 1507 2254 inquis?
1525 2209 1597 2243 Ea·—

914 2259 997 2294 dem
1010 2286 1019 2304 ,
1046 2272 1115 2305 qua
1131 2258 1358 2305 conflagratio
1382 2260 1500 2293 sutura
1518 2266 1568 2294 est
1587 2273 1595 2293 :

913 2319 1105 2358 utrumque
1116 2312 1160 2347 sit
1170 2339 1179 2356 ,
1196 2324 1306 2357 quum
1318 2311 1398 2345 Deo
1413 2312 1526 2346 visum
1537 2324 1596 2345 or-

914 2365 981 2399 diri
1006 2364 1153 2400 meliora
1172 2391 1181 2408 ,
1208 2371 1326 2398 vetera
1354 2363 1468 2397 finire.
1492 2364 1598 2409 Aqua

915 2424 951 2452 et
962 2418 1052 2463 ignis
1066 2417 1215 2452 terrenis
1226 2416 1466 2450 dominantur.
1480 2415 1532 2449 Ex
1544 2415 1598 2450 his

915 2477 1026 2514 ortus,
1037 2476 1071 2503 et
1083 2482 1124 2503 ex
1133 2467 1185 2503 his
1194 2468 1356 2502 interitus
1366 2473 1430 2511 est,
1441 2469 1597 2502 etc-»Ed

960 2524 1036 2567 257.
1062 2521 1201 2566 Dogma
1226 2520 1428 2554 Stoicorum
1446 2546 1456 2564 ,
1482 2519 1597 2555 sidera

915 2575 1045 2611 nutriri
1061 2573 1287 2617 humoribus,
1307 2573 1430 2619 quibus
1447 2573 1595 2608 absum—

917 2629 960 2663 tis
972 2635 1087 2663 totum
1098 2639 1259 2662 arsurum
1269 2627 1446 2662 mundum
1461 2641 1469 2662 ε
1483 2626 1597 2662 Cicer.

917 2681 962 2716 N.
973 2680 1018 2715 D.
1035 2679 1084 2723 ΙΙ,
1098 2680 1140 2724 46
1150 2694 1158 2721 ;
1170 2679 1294 2715 Senec.
1308 2679 1414 2715 Cons.
1426 2679 1468 2714 ad
1484 2679 1596 2714 Marc.

918 2734 961 2768 26
973 2749 981 2777 ;
995 2734 1039 2770 N.
1053 2733 1186 2778 Q.111,
1203 2744 1291 2778 Χῑιι,
1307 2734 1364 2777 285
1376 2733 1511 2768 Minue.
1523 2731 1596 2768 Fet.
