1832 3100
317 248 406 293 DE
441 246 673 292 OPERE
709 243 1424 290 METAMORPHOSEON.
1542 247 1598 289 25

163 342 328 411 quisque
336 342 534 408 malofuit
544 342 687 391 ususin
698 341 771 390 illo
785 361 801 397 ,·
822 353 900 389 aut
911 341 1123 389 minutias
1139 359 1290 388 curare
1306 360 1367 388 vs.
1393 357 1419 387 2
1430 357 1447 387 1
1463 357 1480 386 1
1497 359 1595 407 sqq.

145 429 336 496 fissaque
368 427 541 494 (tellus)
567 428 653 495 agit
681 427 828 483 ninas,
869 437 911 475 et
939 426 1066 474 succis
1093 436 1182 474 aret
1213 425 1394 473 ademtis.
1433 422 1602 474 Pabula

164 507 378 562 canescunt
388 532 405 569 ;
426 531 538 562 vers.
567 511 660 559 252
680 530 778 578 sqq.
793 548 805 569 ‚
824 528 918 578 quoe
933 510 1144 559 Moeonias
1159 510 1410 558 celebrarant
1429 510 1602 558 carmine

166 599 296 666 ripas,
324 599 379 647 F
373 598 559 647 lumineoe
576 597 764 646 volucres
782 596 913 645 medio
942 596 1099 644 caluere
1129 594 1314 667 Caystro.
1343 596 1460 661 Quis
1485 596 1602 645 enim

165 681 213 730 in
244 693 331 731 tam
359 681 479 745 gravi
504 680 749 730 calamitate
775 699 1018 748 cygnorum
1043 678 1232 729 calorem
1257 682 1416 729 curet?
1448 681 1535 729 Sed
1559 692 1604 729 et

165 767 278 816 vers.
303 765 399 814 265
422 785 521 833 sqq.
546 764 763 833 delphinas
783 764 916 813 nobis
938 763 1136 813 ostendit
1165 763 1402 813 latitantes.
1442 766 1534 813 Nec
1557 764 1604 812 in

163 850 304 918 pestis
323 849 618 916 descriptione
633 887 645 906 ‚
665 850 778 906 Vll,
805 847 898 895 538
918 867 1016 914 sqq.
1035 884 1046 905 ‚
1068 847 1252 896 modum
1267 848 1466 897 servavit.
1488 849 1605 897 Rec-

164 934 255 983 tius
278 936 395 983 certe
419 933 628 982 abessent
647 931 725 981 illa
739 971 750 990 ‚
827 944 830 947 '

271 1038 367 1077 Non
385 1050 476 1090 aper
494 1035 602 1076 irasci
622 1035 818 1083 meminit3
844 1049 916 1075 nec
934 1034 1051 1074 fidere
1071 1049 1186 1074 cursu

275 1103 399 1145 Cerva
412 1133 424 1154 ‚
446 1118 516 1143 nec
538 1103 718 1144 armentis
741 1103 936 1142 incurrere
958 1101 1122 1142 fortibus
1146 1101 1239 1141 ursi.

229 1193 407 1258 Inepte,
427 1192 493 1248 II,
516 1189 610 1238 206
629 1209 726 1257 sqq.
745 1227 756 1247 ‚
775 1188 822 1237 in
841 1189 1001 1238 aethere
1019 1188 1173 1237 decliva
1190 1188 1361 1255 viasque
1373 1190 1606 1257 praecipites
1669 1194 1674 1198 ’

167 1274 320 1339 fingit,
351 1292 431 1322 nec
458 1273 523 1320 ibi
552 1271 641 1320 133
656 1311 668 1331 ,
704 1272 916 1338 manffesta
938 1283 1037 1321 rota·
1059 1272 1231 1338 vestigia
1254 1291 1348 1320 esse
1371 1284 1603 1338 poterant,

170 1358 247 1408 sed
263 1357 530 1413 luxuriantis
547 1357 714 1421 ingenii
736 1356 813 1405 illa
836 1369 953 1405 sunt.
986 1357 1179 1405 Tristem
1200 1356 1334 1404 nobis
1357 1368 1401 1404 et
1423 1357 1607 1405 commi-

170 1438 387 1491 seratione
412 1440 717 1504 dignissimam
734 1440 957 1488 Actaeonis
975 1451 1126 1488 narrat
1143 1450 1307 1487 sortem
1323 1477 1334 1498 ‚
1367 1439 1443 1488 sed
1467 1451 1512 1488 et
1532 1440 1605 1488 hic

167 1525 304 1584 ludit,
319 1527 409 1583 Ill,
432 1543 520 1592 199
530 1562 542 1582 ‚
546 1525 721 1592 fugitA
724 1524 930 1574 utonoeius
938 1523 1076 1581 heros,
1093 1524 1159 1572 Et
1167 1543 1210 1572 se
1219 1534 1302 1572 tam
1310 1525 1473 1573 celerem
1487 1544 1606 1573 cursu

166 1606 339 1660 miratur
355 1611 397 1660 in
417 1612 518 1679 apso.
541 1610 723 1674 Frigida
747 1622 852 1659 sunt
874 1609 949 1658 illa
968 1610 1183 1658 acumina.
1210 1638 1261 1646 —
1282 1611 1350 1658 III
1365 1648 1376 1668 ‚
1405 1609 1498 1671 425
1512 1648 1523 1668 ‚
1551 1610 1605 1659 de

165 1689 371 1746 Narcisso
415 1714 461 1745 se
500 1695 647 1763 ipsum
680 1706 851 1743 amante
868 1732 880 1753 ,
921 1704 962 1743 et
995 1694 1067 1762 qui
1089 1694 1243 1760 probat
1273 1694 1343 1742 ille
1365 1695 1570 1761 probatur
1588 1734 1599 1751 ,

165 1772 367 1850 Dumque
375 1782 500 1850 petit,
518 1782 697 1849 petitur,
715 1782 948 1849 pariterque
966 1777 1143 1829 incendit
1156 1791 1196 1829 et
1212 1781 1340 1829 ardet.
1364 1782 1580 1851 Eumdem
1591 1820 1603 1840 ‚

165 1866 247 1915 ubi
270 1885 461 1915 errorem
481 1885 610 1916 suum
631 1866 836 1930 agnovit,
870 1866 931 1915 sic
956 1865 1210 1933 loquentem
1235 1886 1344 1915 vers.
1379 1865 1473 1927 464
1489 1905 1500 1924 ,
1534 1866 1607 1914 in-

169 1949 317 1999 ducit:
333 1950 554 1999 Flammas
569 1950 970 2018 moveoqueseroque.
1002 1950 1124 2017 Quid
1120 1949 1281 2016 faciam
1298 1953 1325 1997 P
1342 1969 1475 2017 roger,
1503 1969 1608 1998 anne

170 2052 302 2099 rogem
317 2037 346 2082 ,Ρ
366 2035 468 2103 quid
484 2035 630 2084 deinde
649 2036 834 2102 rogabo?
872 2031 1005 2101 Quod
1022 2035 1140 2102 cupio
1162 2054 1316 2084 mecum
1339 2046 1420 2092 est,
1449 2035 1606 2103 inopem

170 2137 233 2165 me
268 2119 387 2184 copia
403 2118 512 2185 jecit
538 2140 553 2166 .·
583 2119 644 2167 ita
680 2139 771 2167 non
803 2118 917 2168 solet
950 2119 1198 2186 desperatio
1231 2118 1443 2168 lascivire.
1483 2120 1607 2170 Idem

170 2221 281 2250 vers.
297 2201 391 2250 505
411 2223 421 2251 :
439 2203 549 2251 Tum
565 2223 719 2271 qaoque
735 2223 777 2252 se
789 2244 799 2260 ,
820 2213 1037 2271 postquam
1048 2214 1109 2251 est
1121 2203 1276 2270 inferna
1290 2203 1384 2252 sede
1402 2215 1602 2272 receptus,
1635 2205 1657 2221 '⁹

170 2284 229 2334 In
252 2283 396 2356 Stygria
411 2287 620 2354 spectabat
632 2306 740 2354 aqua
757 2308 772 2335 .·
794 2288 840 2336 in
864 2288 1021 2337 limosa
1043 2287 1118 2336 illa
1142 2287 1303 2355 palude
1326 2308 1417 2337 non
1435 2301 1611 2355 poterat

172 2370 407 2438 quisquam
429 2390 475 2420 se
494 2384 706 2438 spectare.
726 2372 897 2421 Thisbe
917 2373 962 2420 in
981 2391 1150 2421 summa
1170 2372 1499 2439 desperatione,
1520 2374 1607 2430 IV,

178 2453 292 2512 152,
325 2455 445 2520 justo
469 2455 669 2519 argutius
693 2456 825 2515 dicit,
862 2457 1008 2525 quique
1039 2475 1066 2503 a
1100 2475 1162 2504 me
1192 2466 1318 2504 morte
1347 2457 1484 2505 revelli
1509 2456 1611 2505 Ileu

170 2539 261 2588 sola
276 2549 462 2606 poteras,
491 2542 646 2608 polenis
672 2560 744 2590 nec
775 2552 902 2591 morte
926 2541 1071 2591 revelli.
1103 2542 1266 2589 Parum
1296 2540 1463 2608 placet,
1489 2543 1579 2589 VH
1597 2579 1609 2599 ‚

173 2621 290 2690 339,
321 2623 485 2690 duplex
503 2623 616 2673 illud
640 2645 882 2692 oxymoron
899 2663 910 2683 ‚
941 2636 986 2673 ut
1003 2643 1171 2693 quaeque
1180 2624 1257 2692 pia
1275 2635 1357 2682 est,
1386 2624 1611 2673 hortatibus

172 2708 299 2774 impia
309 2709 448 2774 prima
462 2719 522 2757 est
541 2729 555 2755 .·
577 2709 664 2766 Et,
692 2729 742 2757 ne
760 2710 815 2757 sit
829 2710 1023 2758 scelerata
1035 2749 1045 2766 ,
1050 2709 1164 2776 facit
1178 2710 1319 2758 scelus'.
1354 2711 1449 2777 Ipsi
1467 2691 1613 2759 autem

174 2805 298 2843 tanto
320 2794 461 2858 magis
482 2793 772 2862 placuerunt3
798 2794 987 2862 repetita
1004 2794 1121 2844 enim
1144 2795 1200 2844 ab
1226 2814 1278 2844 eo
1304 2807 1409 2844 sunt
1428 2807 1583 2862 quater
1603 2815 1613 2844 :
