1832 3100
296 226 387 272 DE
425 224 655 269 OPERE
696 219 1421 267 METAMORPHOSEON.
1519 234 1576 280 27

143 322 239 379 hic,
273 339 388 387 quos
413 331 538 368 tutos
560 337 655 367 esse
680 316 825 366 vellet.
872 318 927 365 In
957 315 1162 382 utrisque
1198 313 1413 363 codicillis
1444 312 1580 361 iidem

145 424 299 455 versus
323 416 450 455 erant
463 442 477 462 ,
499 404 548 453 in
571 403 736 470 quibus
754 401 1084 467 Semibovemque
1098 399 1256 455 varum,
1281 399 1584 464 semivirumque

143 488 280 541 bovem
294 529 307 547 ,
333 493 399 548 et,
425 487 650 555 Egelae'dum
672 488 843 536 Borean
860 525 872 542 ,
911 484 1216 552 Egelidumque
1238 468 1414 532 Notaui.
1456 483 1585 531 Non-

146 577 271 628 nulla
291 598 385 627 non
408 575 716 644 amplificavit,
741 574 819 624 sed
837 572 1148 641 prodigialiter
1164 572 1300 621 auxit.
1325 573 1381 619 In
1401 590 1491 637 quo
1511 589 1586 634 ge-

146 687 251 718 nere
274 679 381 716 sunt
407 684 597 734 serpens
623 664 780 714 Cadmi
804 675 850 713 et
872 662 1206 712 Erisichthonis
1227 661 1379 710 fames.
1423 659 1587 708 Prodi—

148 753 272 816 gium
295 752 524 809 enimest,
548 749 735 818 quodque
753 749 919 798 urbibus
933 764 1016 797 esse
1036 787 1048 804 ,
1095 746 1300 813 Quodque
1319 746 1418 794 satis
1430 745 1589 812 populo

140 847 306 905 poterat
319 877 331 894 ,
368 855 450 885 non
471 835 628 903 sufficit
650 835 733 883 uni.

212 924 268 971 In
291 921 544 971 orathnibus
558 908 788 988 spectatur
808 919 894 967 hoc
910 956 922 977 ,
944 929 998 966 ut
1019 936 1114 966 non
1137 916 1284 965 solum
1309 914 1498 964 consilio
1524 913 1591 962 di-

149 1005 314 1064 centis,
341 1005 420 1054 sed
451 1017 497 1054 et
528 1023 731 1073 personae
765 1002 1107 1053 accommodatae
1131 1001 1222 1050 siut
1244 1021 1254 1049 :
1283 1019 1381 1067 quae
1403 1011 1592 1065 utraque

149 1089 247 1140 laus
265 1090 548 1139 emtionibus
564 1091 656 1139 fere
675 1089 910 1147 omnibus,
937 1107 1047 1155 quas
1067 1088 1154 1135 hoc
1178 1105 1355 1135 carmen
1377 1084 1593 1152 plurimas

150 1173 314 1233 habet,
339 1174 542 1223 debetur.
579 1172 883 1232 Nobilissimae
908 1183 1035 1230 sunt,
1062 1172 1201 1229 XIII,
1229 1168 1398 1236 1-378,
1426 1168 1594 1234 quibus

153 1257 267 1323 Ajax
290 1270 335 1306 et
358 1258 543 1326 Ulysses
570 1258 624 1307 de
649 1257 842 1307 Achillis
864 1256 996 1305 armis
1020 1267 1216 1312 certant,
1245 1272 1434 1320 quarum
1457 1251 1595 1300 altera

154 1340 505 1405 indignationem
523 1380 535 1402 ‚
568 1342 705 1392 altera
733 1341 1019 1391 calliditatem
1058 1340 1221 1407 spirat,
1245 1338 1324 1387 illa
1357 1337 1595 1386 vehemens

154 1437 236 1483 est,
255 1426 349 1475 haec
363 1427 612 1494 composita
630 1438 674 1475 et
688 1425 929 1484 moderata,
945 1437 1135 1492 utraque
1155 1435 1303 1473 autem
1322 1421 1597 1486 argumentis

151 1509 409 1560 fortissimis
430 1524 617 1580 pugnat.
659 1511 946 1561 Dissuasoria
965 1510 1130 1560 Phoebi
1155 1508 1212 1558 ad
1240 1508 1593 1564 Phaethontem,

154 1597 223 1654 ΙΙ,
250 1594 436 1646 50-102
450 1635 463 1656 ,
481 1616 578 1645 non
595 1595 733 1645 modo
753 1606 1118 1660 argumentorum
1135 1593 1335 1661 pondere
1361 1604 1405 1640 et
1427 1591 1599 1640 delectu

160 1678 288 1739 valet,
307 1681 387 1730 sed
403 1693 448 1730 et
464 1682 661 1731 animum
677 1694 915 1750 paternum
927 1679 1259 1746 sollicitumque
1276 1677 1443 1746 prodit
1464 1676 1602 1726 Plena

158 1765 414 1815 acerbitatis
433 1778 502 1816 est
524 1767 691 1826 oratio,
720 1786 809 1834 qua
832 1764 979 1833 Scylla
996 1764 1158 1814 Minoa
1173 1763 1441 1827 fugientem,
1462 1762 1597 1819 VIII,

165 1849 403 1913 108-142,
429 1851 688 1901 insectatur.
717 1851 1048 1900 Convenienter
1062 1849 1280 1915 majestati
1299 1866 1389 1896 suae
1406 1845 1599 1913 Jupiter,

158 1934 204 1992 I,
239 1932 350 1981 182—
352 1932 472 1996 243,
497 1935 620 1983 Deos
644 1946 916 1984 convocatos
940 1934 1210 2001 alloquitur,
1237 1932 1490 1999 sceleraque
1513 1933 1602 1981 ho-

159 2018 334 2067 minum
355 2019 504 2069 verbis
530 2019 801 2083 gravissimis
823 2029 965 2067 notat.
1001 2018 1214 2067 Fidenter
1243 2030 1287 2067 et
1316 2017 1372 2066 ad
1403 2036 1603 2066 commo-

161 2102 353 2151 vendum
372 2115 474 2170 apte
487 2103 643 2152 Tellus
659 2122 784 2151 suam
800 2102 1048 2170 mundique
1063 2100 1239 2152 causam
1258 2103 1371 2166 agit,
1391 2104 1458 2161 II,
1481 2119 1601 2169 279-

162 2182 271 2232 300.
304 2186 479 2235 Metam
503 2185 769 2253 zelotypiam
797 2198 842 2236 et
866 2187 977 2236 iram
999 2207 1052 2237 ex
1077 2188 1147 2237 sui
1176 2200 1404 2238 contemtu
1438 2187 1604 2236 evomit

157 2271 283 2320 Juno
294 2308 306 2329 ‚
326 2272 372 2319 II
384 2309 397 2330 ,
416 2270 444 2318 5
455 2289 472 2318 1
488 2289 504 2318 1
515 2270 618 2329 -30,
636 2271 757 2338 apud
770 2272 894 2320 Deos
907 2272 1120 2320 marinos.
1134 2272 1348 2321 Praeclare
1360 2272 1602 2330 Pentheus,

160 2355 253 2413 ΙΙΙ,
276 2353 462 2402 531-63
478 2393 490 2414 ,
507 2375 532 2404 a
548 2355 654 2403 novi
669 2355 754 2404 Dei
771 2354 960 2404 mollitie
973 2393 985 2414 ,
1006 2375 1031 2404 a
1046 2373 1272 2404 sacrorum
1292 2356 1386 2421 ejus
1412 2356 1604 2423 strepitu

160 2449 207 2487 et
241 2457 265 2486 a
301 2438 624 2488 Thebanorum
664 2439 839 2503 origine
877 2439 1129 2489 deterrendi
1160 2451 1425 2502 argumenta
1450 2441 1602 2489 sumit.

161 2521 312 2570 Niobe
333 2559 345 2579 ,
370 2523 524 2586 regina
554 2523 839 2573 celeberrima
857 2562 870 2583 ,
909 2523 1226 2590 superbissime
1264 2541 1405 2586 genus
1436 2542 1567 2572 suum
1589 2562 1603 2583 ,

164 2625 287 2673 opes,
301 2607 799 2675 numerosissimamque
819 2601 993 2675 prolem
1007 2609 1162 2672 jactat,
1187 2618 1320 2674 atque
1343 2609 1604 2657 contemtim

164 2709 255 2757 prae
278 2709 324 2739 se
349 2692 566 2740 Latonam
589 2692 784 2758 spernit,
810 2693 874 2740 Vl
890 2728 902 2749 ,
946 2709 1171 2759 170-202.
1209 2693 1431 2741 Convenit
1461 2673 1604 2741 furori

163 2774 337 2840 juvenis
358 2775 532 2824 incitati
551 2788 596 2825 et
611 2775 786 2843 perdite
803 2776 990 2824 amantis
1006 2776 1150 2825 oratio
1166 2815 1177 2837 ‚
1206 2796 1294 2844 qua
1313 2777 1534 2838 Phoebus,
1558 2779 1602 2837 Ι,
