1832 3100
336 232 1046 280 METAMORPHOSEON
1084 235 1217 281 LIB.
1258 237 1331 281 11.

1475 253 1563 298 219

136 326 421 396 Impedienda
441 326 570 376 novis
589 346 600 374 :
618 345 722 376 ausa
747 338 816 376 est
839 346 1018 394 quoque
1040 329 1161 391 regia
1183 328 1328 392 virgo,

136 403 295 454 Nescia
315 422 446 471 quem
467 416 710 470 premeret,
735 415 861 467 tergo
887 404 1116 453 considere
1139 406 1267 453 tauri.

135 483 253 531 Tum
275 481 398 530 Deus
421 501 446 530 a
468 493 604 540 terra,
633 482 841 549 siccoque
865 502 889 531 a
909 481 1064 540 litore,
1089 482 1251 531 sensim

1495 497 1562 543 870

62 585 66 589 >
134 559 261 609 Falsa
283 559 449 627 pedum
472 559 629 627 primis
652 560 838 623 vestigia
859 559 989 627 ponit
1011 559 1058 607 in
1082 559 1244 617 undis3

133 637 243 687 Inde
266 637 361 685 abit
382 635 571 686 ulterius
584 675 596 696 ‚
619 637 841 704 mediique
866 657 948 704 per
967 655 1145 704 aequora
1163 635 1294 703 ponti

134 717 242 764 Fert
258 713 451 782 praedam
474 735 484 763 :
510 727 642 782 pavet
662 715 778 773 haec;
804 714 999 782 litusque
1023 714 1170 764 ablata
1189 711 1393 762 relictum

126 792 360 860 Respicit3
380 804 426 841 et
449 791 600 841 dextra
625 812 811 841 cornum
834 804 954 842 tenet
968 831 980 853 ,
1006 792 1141 841 altera
1165 792 1297 841 dorso

103 918 106 922 ,
131 871 350 939 Imposita
369 883 438 921 est
450 886 468 919 'z
489 870 685 920 tremulae
706 871 942 921 sinuantur
961 872 1136 921 flamine
1160 883 1316 920 vestes.

131 1029 367 1070 preterquam
388 1022 484 1070 quod
503 1023 697 1059 accuratior
712 1024 814 1059 nobis

131 1077 203 1113 visa
212 1083 283 1121 est,
292 1076 522 1112 habetnescio
535 1075 618 1121 quid
633 1075 766 1112 dulcius
779 1083 814 1111 et

135 1129 267 1165 amanti
275 1129 551 1164 convenientius.
562 1130 629 1163 Ed.
636 1147 680 1156 —
689 1130 795 1164 Novis
801 1156 810 1170 ‚

131 1197 152 1219 e
168 1183 635 1222 novisflorihusae-Pmnere
643 1190 679 1218 et
696 1187 813 1220 θλίὲειν

133 1249 199 1283 pro
209 1263 219 1281 ,
235 1236 399 1272 insidere.

177 1291 253 1336 871.
274 1290 392 1324 Falsa.
412 1288 570 1324 Fallacia.
587 1289 722 1324 Fallere
738 1289 813 1324 vult

131 1340 316 1387 virginem.
326 1342 509 1377 —Primtln
519 1341 638 1376 Nostri
651 1340 810 1382 Codices,

125 1398 246 1438 primo.
256 1414 302 1421 —-
312 1397 571 1441 AEquoraponll’,
590 1391 627 1431 ut
639 1395 716 1430 alibi
716 1396 813 1440 freta

125 1452 230 1492 ponti
236 1475 245 1489 ,
261 1449 396 1495 poetica
410 1449 618 1495 periphrasis
628 1450 738 1496 ponti.
752 1449 813 1484 In-

131 1499 302 1546 telligitur
317 1508 433 1536 autern
453 1501 520 1538 hoc
535 1502 611 1538 loco
627 1515 725 1536 mare
740 1514 811 1536 me-

132 1551 394 1598 diterraneum,
424 1566 488 1600 per
511 1553 606 1599 quod
629 1553 811 1599 Europam

131 1605 310 1642 transtulit
322 1605 359 1642 in
375 1606 526 1642 insulam
543 1605 701 1642 Cretam.

1494 882 1560 939 875

922 1025 998 1072 874.
1017 1025 1169 1060 Cornum.
1179 1023 1299 1060 Nostri
1310 1022 1424 1069 Regii,
1435 1035 1537 1058 cornu
1548 1034 1561 1066 ;

878 1090 1013 1111 comum
1040 1077 1180 1112 videtur
1205 1075 1407 1111 emendatio
1428 1087 1561 1109 recen—

879 1130 958 1164 tior.
981 1132 1047 1166 Ed.
1076 1149 1121 1157 -
1145 1132 1288 1166 Cornum
1309 1142 1371 1175 per
1396 1128 1563 1163 Archais-

879 1194 980 1216 mum
993 1195 1000 1217 ε
1012 1182 1081 1217 vid.
1095 1182 1261 1218 Priscian.
1270 1182 1328 1216 lib.
1339 1183 1393 1217 Vl
1405 1208 1414 1225 ‚
1437 1194 1469 1227 p.
1484 1181 1561 1216 685.

878 1254 922 1262 —
931 1238 1093 1280 Imposita
1104 1241 1158 1271 es!
1167 1264 1175 1277 ‚
1194 1236 1367 1271 innititur.
1380 1254 1426 1262 —
1434 1234 1561 1269 Verbis

877 1291 1023 1323 tremula·
1034 1295 1069 1322 et
1080 1291 1259 1323 sinuantur
1266 1287 1403 1334 egregie
1412 1286 1561 1333 pingun-

879 1347 938 1375 tur
953 1340 1037 1374 varii
1055 1347 1171 1376 motus
1187 1347 1222 1375 et
1237 1340 1333 1376 sinus
1344 1366 1354 1383 ,
1373 1351 1460 1385 quos
1474 1338 1559 1373 effi-

878 1394 990 1429 ciebat
1008 1401 1154 1437 ventus;
1179 1395 1222 1430 cs.
1242 1406 1361 1429 versus
1378 1393 1453 1428 528.
1470 1392 1559 1427 Haec

878 1455 1054 1494 postrema
1075 1448 1176 1484 latius
1201 1448 1382 1492 tractavit,
1405 1447 1441 1481 V
1466 1445 1558 1480 Fast.

877 1502 942 1548 667
967 1515 1041 1548 sqq.
1059 1514 1067 1537 ι
1090 1503 1161 1537 Illa
1164 1502 1288 1547 jubam
1312 1503 1449 1542 dextra,
1473 1502 1557 1535 leva

876 1556 1040 1589 retinebat
1047 1558 1202 1590 amz'clus.
1215 1555 1313 1590 Aura
1321 1556 1416 1589 sinus
1426 1555 1542 1599 1‘mplel
1545 1578 1555 1594 ,

866 1609 981 1652 flavos
996 1611 1104 1642 movet
1114 1620 1201 1643 aura
1214 1609 1358 1653 capillos
1374 1612 1438 1642 etc.
