1832 3100
276 248 362 291 228

643 249 694 292 P.
739 249 972 296 OVIDII
1010 251 1317 301 NASONIS

271 338 397 387 Illius
422 338 615 406 impulsu
648 360 784 408 quum
809 344 1007 393 turribus
1030 344 1165 394 ardua
1189 346 1315 396 celsis

272 417 440 465 Moenia
463 428 584 466 mota
606 417 782 477 forent;
807 439 985 486 serpens
1009 422 1102 470 sine
1125 422 1302 472 vulnere
1324 428 1483 476 mansit
1495 441 1530 487 ,“’

269 494 524 561 Loricaeque
548 494 686 543 modo
712 497 907 562 squamis
930 497 1159 557 defensus,
1185 512 1228 548 et
1249 513 1352 551 atrae

270 571 446 620 Duritia
467 570 594 637 pellis
611 609 622 630 ,
647 571 815 621 validos
840 585 938 622 cute
960 575 1156 641 reppulit
1178 576 1306 626 ictus.

270 648 332 696 At
354 667 446 696 non
470 648 633 698 duritia
654 648 850 714 jaculum
872 670 1049 717 quoque
1071 652 1207 701 vincit
1230 655 1403 716 eadem,

1639 672 1702 716 65«

271 723 411 787 Quod
431 724 580 773 medio
606 725 734 774 lentae
757 725 892 774 fixum
916 729 1162 778 curvamine
1186 730 1322 796 spinae

272 800 511 858 Constitit3
536 813 580 850 et
605 813 702 850 toto
727 802 953 852 descendit
972 805 1019 852 in
1042 803 1116 853 ilia
1137 806 1267 855 ferro.

269 877 349 942 Ille
364 916 376 936 ,
400 878 553 927 dolore
577 878 724 938 ferox,
747 892 879 947 caput
901 881 949 929 in
973 901 1051 931 sua
1071 894 1192 947 terga
1213 887 1393 934 retorsit
1406 900 1421 945 ,’

271 955 554 1021 Vulneraque
578 955 797 1022 adspexit,
823 957 1045 1025 fixumque
1069 959 1224 1010 hastile
1248 963 1516 1014 momordit:

270 1031 410 1097 quue
424 1068 436 1089 ‚
461 1032 541 1079 ubi
562 1031 606 1079 vi
630 1031 769 1081 multa
795 1046 964 1099 partem
987 1034 1189 1084 labefecit
1209 1038 1256 1085 in
1279 1057 1453 1088 omnem
1467 1078 1480 1098 ‚
1642 1068 1684 1103 7⁰

271 1108 359 1155 Vix
381 1119 506 1171 tergo
530 1108 719 1175 eripuit;
745 1108 910 1158 sermm
934 1122 1078 1159 tamen
1101 1111 1277 1162 ossibus
1300 1114 1446 1165 haeret.

272 1186 389 1233 Tum
413 1203 514 1233 vero
531 1222 542 1243 ‚
564 1197 802 1251 postquam
827 1185 979 1235 solitas
1001 1189 1182 1236 accessit
1204 1190 1258 1237 ad
1281 1190 1367 1240 iras

272 1262 409 1325 Plaga
429 1281 600 1322 recens,
624 1262 768 1329 plenis
794 1274 1050 1312 tumuerunt
1071 1267 1413 1338 guttura-veni&

269 1394 379 1425 victor
391 1392 489 1430 vicli,
507 1389 598 1433 XII,
617 1390 682 1424 235
692 1415 701 1433 ,
720 1394 851 1424 vastum
864 1401 948 1425 vas-

270 1444 355 1482 lt'or;
373 1440 495 1485 Virgil.
509 1440 650 1475 AEneid.
663 1440 696 1472 V
708 1466 717 1484 ,
737 1442 798 1486 447
812 1451 820 1472 z
835 1444 947 1485 gravis

267 1495 413 1537 graviler
426 1494 591 1534 concidit,·
609 1492 758 1527 Homer.
776 1495 870 1536 μέγας
889 1508 948 1536 με-

270 1549 415 1589 γαλωστί.
431 1543 614 1578 Demosth.
635 1543 678 1578 de
702 1543 784 1578 Cor.
806 1557 838 1588 p.
858 1545 921 1578 288
938 1556 947 1578 :

272 1598 303 1630 ἓν
318 1599 404 1634 κακός
420 1602 518 1634 κακῶς
534 1597 701 1642 ἔπὲτριψας.
726 1595 822 1629 Male
840 1594 947 1639 igitur

270 1647 304 1682 h.
326 1648 347 1682 l.
368 1647 555 1692 Schepper.
582 1659 650 1681 cor.
679 1649 775 1690 inque
802 1659 946 1689 anguem

273 1713 403 1745 magno.
424 1699 476 1733 Ex
496 1698 737 1744 magnitudine
758 1705 874 1732 autem
894 1698 946 1732 la-

272 1752 360 1798 pidis
369 1751 461 1785 missi
473 1776 483 1794 ,
498 1750 602 1795 ipsius
614 1749 741 1784 Cadmi
750 1757 879 1784 statura
888 1750 946 1784 in-

273 1803 449 1849 telligitur.
473 1802 625 1846 Quintil.
651 1802 736 1836 Inst.
754 1802 863 1846 VIII,
881 1813 921 1837 lv
933 1828 943 1846 ,

274 1857 325 1899 24.
344 1854 496 1889 Heroica
512 1859 611 1887 aetate
627 1852 789 1887 homines
807 1853 946 1888 arbores

273 1906 478 1954 proceritate
502 1917 679 1951 superasse
702 1905 944 1951 fingebantur:

272 1960 350 1994 vide
367 1959 410 1993 ad
427 1958 499 1994 XII
512 1984 521 2002 ,
546 1958 620 1992 352.
647 1958 740 1993 Talis
760 1965 945 2003 tantusque

272 2011 378 2047 etiam
404 2010 559 2045 Cadmus
575 2010 613 2043 in
629 2009 694 2044 hac
711 2022 827 2056 pugna
851 2010 947 2056 cogi—

273 2064 399 2100 tandus
421 2071 482 2098 est.
513 2063 603 2098 Saxo
636 2063 739 2097 misso
768 2063 948 2097 succubuit

273 2116 379 2150 draeo
408 2114 601 2150 secundum
627 2114 796 2150 Hellanic.
826 2114 947 2160 Eurip.

275 2167 406 2215 Hygin.
425 2166 550 2201 Gladio
573 2178 655 2200 eum
680 2179 750 2201 esse
776 2166 947 2201 intersec—

274 2227 351 2254 tum
366 2217 557 2253 tradiderat
573 2217 791 2252 pherecides.
807 2219 850 2253 In
867 2231 948 2253 nos-

273 2277 327 2313 tra
342 2269 478 2315 copiosa
494 2269 723 2313 descriptione
739 2269 838 2314 plura
851 2282 947 2304 arma

276 2321 432 2356 Cadmus
447 2320 633 2366 experitur.

317 2374 371 2408 61.
385 2375 484 2407 Illius
499 2374 650 2417 impulsu.
662 2372 748 2406 Haec
757 2371 946 2406 similitudo

274 2426 364 2460 bene
385 2424 515 2459 delecta
539 2431 615 2465 est}
639 2436 680 2458 ea
697 2424 791 2458 enim
815 2431 946 2458 certam

274 2477 459 2521 accipimus
470 2476 651 2510 notionem
662 2482 697 2510 et
707 2476 838 2510 roboris
850 2501 860 2519 ‚
877 2488 946 2520 quo

277 2527 434 2563 Cadmus
444 2528 580 2573 vigebat
589 2553 599 2570 ‚
613 2534 648 2561 et
657 2527 757 2562 molis
769 2527 947 2572 serpentis.

275 2596 318 2606 ·—
338 2581 457 2614 Turres
468 2587 585 2614 autem
597 2592 669 2614 non
684 2587 766 2614 sunt
776 2605 786 2622 ‚
800 2586 839 2613 ut
856 2581 948 2614 Len:

275 2631 416 2676 putabat
428 2658 437 2674 ‚
455 2644 568 2675 arces,
592 2631 736 2676 palatia3
759 2631 817 2665 sed
836 2638 947 2666 turres

275 2682 312 2717 in
335 2683 444 2717 muris
467 2683 611 2717 munitae
633 2683 748 2726 urbis,
766 2696 841 2727 quae
862 2683 947 2718 saxis

274 2746 294 2769 e
325 2734 492 2770 machinis
514 2735 642 2770 bellicis
665 2734 775 2769 missis
802 2738 941 2779 moueri,

1011 1391 1173 1436 concuti,
1192 1391 1358 1428 solebant.
1372 1411 1416 1419 --
1431 1394 1559 1430 Larice
1574 1399 1682 1442 ge'nus

1011 1442 1153 1489 intellig.
1171 1444 1207 1478 in
1230 1457 1455 1489 squamarum
1473 1448 1624 1493 speciem
1640 1461 1682 1483 ex

1012 1506 1078 1529 aere
1090 1495 1300 1530 consectum.
1323 1497 1446 1543 Virgil.
1456 1499 1595 1535 AEneid.
1608 1500 1661 1535 IX
1670 1527 1680 1544 ,

1013 1559 1075 1592 7⁰7
1087 1573 1096 1590 ,
1115 1550 1246 1592 duplici
1253 1561 1392 1594 squama
1400 1553 1507 1585 lorica
1508 1553 1630 1594 fidelek.
1639 1572 1684 1581 -·

1011 1598 1123 1638 Atre,
1143 1612 1208 1643 pro
1223 1613 1292 1644 quo
1306 1601 1395 1635 male
1413 1602 1535 1637 Heius.
1551 1604 1684 1639 suade—

1010 1649 1070 1683 bat
1085 1651 1198 1692 ln‘rtae,
1225 1651 1444 1696 improbante
1461 1654 1567 1689 etiam
1582 1655 1683 1690 Bur-

1011 1712 1155 1736 manno.

1054 1751 1107 1785 65.
1129 1754 1252 1788 Viaca.
1267 1753 1386 1789 Nostri
1398 1753 1561 1799 Codices,
1578 1759 1682 1798 vica,

1011 1803 1105 1848 quod
1137 1805 1247 1849 probo
1265 1831 1274 1848 ,
1309 1812 1451 1851 propter
1478 1810 1619 1852 reppulit
1645 1809 1683 1843 iu

1010 1867 1111 1889 versu
1125 1856 1335 1901 praecedenti
1353 1865 1388 1892 et
1401 1858 1438 1892 in
1453 1871 1554 1894 versu
1569 1859 1612 1895 68
1629 1874 1684 1894 m—

1011 1911 1117 1942 torsit.
1145 1909 1279 1948 Vincit,
1306 1909 1460 1954 repellit;
1486 1917 1571 1946 tunc
1585 1912 1683 1947 enirn

1009 1959 1121 2005 jacula
1136 1959 1227 1995 vinci
1242 1960 1407 1996 dicuntur
1417 1988 1428 2007 ,
1443 1975 1554 2008 quum
1571 1964 1684 2010 repel-

1010 2010 1142 2046 luntur.
1162 2014 1228 2046 Ed.
1478 2022 1479 2026 ’

1054 2064 1108 2098 66.
1137 2066 1238 2108 Quod
1252 2067 1358 2100 medio
1376 2069 1472 2102 lenta·
1490 2074 1555 2102 etc.
1575 2067 1682 2102 Mul-

1012 2121 1088 2149 tum
1104 2115 1289 2161 phantasiae
1304 2117 1339 2151 in
1354 2130 1426 2163 sqq.
1443 2118 1565 2153 elucet.
1579 2120 1684 2163 Spina

1012 2175 1215 2213 serpentum
1233 2169 1425 2204 admodum
1439 2172 1529 2204 lenta
1540 2197 1548 2210 ,
1583 2171 1681 2206 scili·—

1012 2225 1066 2254 cet
1081 2218 1236 2254 flexibilis
1252 2227 1323 2264 est,
1338 2228 1374 2255 et
1387 2221 1424 2255 in
1440 2221 1568 2257 multos
1581 2222 1681 2258 orbes

1012 2271 1146 2305 curvari
1163 2278 1284 2316 potest.
1307 2290 1352 2299 --
1368 2275 1574 2316 consistere,
1601 2273 1682 2308 hae—

1011 2334 1100 2356 rere.
1125 2339 1169 2349 ·—-
1192 2325 1400 2358 Descendere
1418 2323 1454 2357 in
1473 2334 1596 2368 corpus
1617 2324 1679 2358 'di-

1012 2381 1141 2409 cuntur
1155 2375 1221 2409 tela
1232 2402 1240 2415 ‚
1265 2376 1426 2419 vulnera,
1443 2375 1574 2421 ipsique
1593 2376 1681 2411 adeo

1012 2425 1138 2461 milites
1150 2453 1159 2469 ,
1188 2426 1247 2471 qui
1268 2427 1453 2462 vulnerant
1475 2427 1560 2463 telis.
1576 2446 1620 2456 ·—
1634 2430 1686 2463 Et

1011 2482 1110 2511 tolo...
1121 2476 1219 2516 ἦνιν.
1234 2477 1335 2523 Regii
1349 2478 1456 2513 nostri
1470 2504 1479 2522 ,
1499 2484 1534 2513 et
1545 2484 1679 2514 tolum...

1001 2528 1140 2572 ferrum.
1164 2546 1208 2555 -—
1223 2530 1403 2564 Mamordil
1421 2533 1559 2571 hastile,
1582 2543 1679 2565 more

1010 2580 1163 2614 serarum
1175 2607 1184 2624 ,
1203 2581 1326 2626 quibus
1340 2582 1478 2627 aliquod
1493 2583 1602 2618 telum
1615 2583 1680 2617 in-

1010 2631 1129 2666 baeret.
1144 2651 1188 2658 —
1207 2633 1314 2675 Ossa,
1335 2634 1432 2678 spina
1448 2634 1590 2679 ejusque
1605 2646 1680 2669 ver-

1010 2684 1126 2719 tebrae.
1136 2702 1179 2711 —-·
1191 2686 1311 2719 Haerel.
1322 2685 1438 2720 Nostri
1451 2685 1562 2730 Regii,
1575 2687 1680 2719 haesit.

1011 2753 1055 2762 —-
1066 2738 1175 2781 Plaga
1190 2736 1287 2772 dedit
1302 2737 1496 2772 Burmann.
1511 2749 1530 2772 e
1546 2736 1681 2775 duobus
