1832 3100
551 253 1267 302 METAMORPHOSEON.
1572 250 1630 314 37

199 354 332 406 thusoe
347 355 395 404 in
410 354 567 411 htices,
588 354 728 426 Iffnci
745 353 936 420 denique
952 353 1071 416 regis
1087 353 1132 401 in
1148 352 1269 423 lynca
1284 347 1610 398 mutationibus
1622 384 1634 404 ‚

199 447 334 503 atque
356 434 603 502 Triptolemi
620 433 889 496 agricultura
915 433 1033 480 inter
1063 451 1109 480 se
1133 440 1416 479 certaverant.

265 525 377 573 LIB.
394 524 473 571 Vl.
501 523 606 586 Quo
630 521 833 589 exemplo
854 532 975 569 mota
1001 519 1147 568 Pallas
1171 518 1226 567 de
1251 516 1472 567 Arachnes
1501 514 1636 564 exitio

202 602 426 666 cogitavit.
453 601 636 668 Itaque
624 601 738 649 mito
753 619 852 648 cum
867 619 915 649 ea
930 598 1108 649 texendi
1124 596 1384 654 certamine,
1400 606 1640 661 postquam

201 681 437 753 utriusque
463 679 549 730 tela
570 680 711 728 varias
735 677 1104 746 tranffonnatlbnes
1125 673 1476 743 repraesentavit,
1497 672 1642 738 ipsam

203 759 251 807 in
274 776 465 821 araneam
497 757 698 807 mutavit.
733 758 889 823 Neque
915 768 1062 804 tamen
1080 753 1222 803 Niobe
1247 750 1480 820 popularis
1510 749 1647 815 hujus

203 854 336 904 poena
355 835 584 884 admonita
607 846 694 893 est,
722 854 813 901 quo
836 834 985 882 minus
1009 853 1054 882 se
1079 834 1263 897 Latonae
1286 829 1543 898 praeserret3
1584 828 1645 875 ob

206 934 340 983 quam
361 914 597 972 ferociam,
623 913 868 962 interfectis
892 913 948 961 ab
982 910 1195 979 Apolline
1237 920 1282 958 et
1307 908 1452 956 Diana
1491 905 1648 954 liberis

206 994 302 1060 ejus
328 992 565 1050 omnibus,
591 991 639 1039 in
658 1011 806 1040 saxum
833 990 1064 1039 obduruit.
1101 990 1208 1054 Quo
1234 987 1415 1054 quidem
1439 985 1648 1048 cognito,

207 1090 325 1122 unus
343 1090 366 1120 e
386 1070 522 1134 vulgo
543 1070 695 1141 Lycios
714 1070 880 1119 rusticos
897 1070 944 1117 in
964 1087 1086 1118 ranas
1107 1088 1133 1116 a
1151 1069 1325 1115 Latona
1342 1084 1514 1123 versos,
1540 1063 1650 1112 alter

206 1149 423 1221 Marsyam
442 1150 499 1198 ab
521 1148 735 1216 Apolline
760 1148 1034 1197 excoriatum
1057 1146 1105 1194 in
1130 1145 1390 1194 memoriam
1409 1141 1644 1191 revocavit.

206 1229 388 1279 Nioben
424 1228 551 1292 luget
583 1228 741 1294 Pelops
756 1267 768 1284 ,
805 1227 876 1275 cui
899 1226 1112 1274 humerus
1135 1225 1360 1272 eburneus
1383 1221 1513 1270 datus
1537 1232 1644 1269 erat.

210 1307 300 1357 Sed
322 1307 378 1356 ad
398 1306 696 1367 consolandos
716 1306 960 1354 Thebanos
983 1303 1165 1352 urbium
1196 1302 1485 1350 finitimarum
1515 1299 1650 1362 legati

213 1397 530 1435 convenerunt.
550 1383 646 1433 Soli
661 1384 841 1432 deerant
856 1382 1167 1439 Athenienses,
1186 1379 1398 1447 quoniam
1412 1378 1650 1428 abarharis

211 1464 467 1528 agminibus
490 1463 839 1520 infestabantur,
868 1480 982 1529 quos
1010 1461 1057 1509 T
1054 1479 1166 1509 erens
1182 1459 1318 1517 fudit,
1345 1459 1418 1507 cui
1442 1458 1647 1507 Pandion

212 1544 402 1594 Procnen
423 1543 472 1592 in
494 1542 829 1592 matrimonium
858 1540 993 1590 dedit.
1023 1541 1068 1588 Is
1098 1538 1185 1587 alio
1211 1550 1411 1605 tempore
1448 1537 1650 1586 Athenas

211 1641 439 1681 reversus,
466 1641 604 1689 quum
627 1620 903 1669 Philomelam
921 1659 933 1676 ,
960 1618 1115 1667 uxoris
1138 1636 1338 1666 sororem
1356 1654 1368 1675 ‚
1397 1635 1546 1665 secum
1569 1616 1648 1665 ab-

213 1700 434 1759 duxisset,
460 1719 511 1749 ea
535 1694 770 1766 stuprata',
795 1698 982 1765 aliisque
1002 1696 1282 1746 facinoribus
1297 1694 1586 1763 perpetratis,
1605 1694 1653 1742 in

212 1799 392 1848 upupam
421 1791 490 1829 est
511 1778 853 1828 transformatus
871 1815 883 1835 ‚
921 1775 1297 1844 quemadmodum
1330 1773 1566 1822 Philomela
1604 1774 1651 1822 in

212 1858 422 1908 luscaeniezm
437 1898 450 1915 ,
489 1857 651 1906 Procne
672 1857 721 1905 in
737 1855 1007 1905 hirundinem.
1035 1856 1150 1920 Quae
1173 1874 1243 1903 res
1265 1854 1490 1902 Pandioni
1519 1853 1650 1903 intel-

215 1935 328 1986 lecta
350 1947 541 1985 mortem
565 1934 729 1984 attulit.
755 1935 875 1983 Huic
898 1934 946 1982 in
969 1953 1109 1996 regno
1128 1932 1341 1981 successit
1361 1931 1621 1982 Erechtheus
1636 1973 1646 1990 ,

217 2015 344 2081 cujus
374 2013 512 2063 filiam
539 2013 772 2084 Orithyiam
795 2014 964 2061 Boreas
988 2011 1161 2079 rapuit,
1187 2022 1318 2078 atque
1344 2030 1397 2059 ex
1418 2022 1542 2078 rapta
1568 2011 1654 2060 Ca-

218 2092 303 2141 lain
322 2092 574 2160 procreavit
596 2103 641 2140 et
661 2090 847 2147 Zethen,
890 2090 968 2156 qui
1004 2090 1051 2138 in
1073 2090 1440 2153 Argonautarum
1466 2109 1654 2138 numero

222 2169 430 2230 fuerunt,
457 2189 598 2237 quum

284 2262 389 2309 LIB.
413 2261 523 2318 VII,
543 2259 702 2315 Jason,
732 2258 860 2309 victis
877 2258 1047 2307 Medeoe
1064 2257 1231 2307 auxilio
1253 2258 1392 2307 tauris
1411 2258 1558 2321 ignem
1576 2278 1655 2306 vo—

219 2338 470 2396 mentibus,
497 2338 724 2387 seminatis
747 2338 966 2405 serpentis
987 2336 1172 2386 dentibus
1191 2375 1204 2394 ,
1243 2355 1266 2385 e
1290 2336 1457 2403 quibus
1479 2335 1657 2384 homines

218 2416 370 2464 armati
380 2416 659 2483 prodierunt,
680 2428 726 2466 et
748 2416 939 2466 dracone
961 2415 1127 2484 sopito,
1147 2415 1283 2464 vellus
1302 2402 1468 2463 aureum
1487 2412 1653 2462 retulit.

220 2494 407 2554 Medea,
439 2496 469 2543 J
473 2514 655 2544 asonem
678 2494 727 2542 in
767 2494 981 2544 Graeciam
1005 2494 1239 2551 comitata,
1277 2491 1452 2541 AEsoni
1469 2491 1660 2540 medica-

221 2584 476 2621 mentorum
514 2591 600 2640 ope
629 2572 907 2638 juventutem
939 2570 1136 2621 reddidit
1150 2609 1162 2629 ,
1200 2569 1485 2636 eamdemque
1525 2569 1660 2618 Pelia:

223 2649 425 2718 pollicita
440 2687 452 2709 ,
477 2651 706 2717 praemisso
733 2651 869 2699 alienis·
890 2650 937 2698 in
958 2668 1108 2716 agnum
1136 2647 1361 2697 reformati
1391 2648 1629 2715 specimine
1646 2685 1660 2705 ,

226 2728 334 2777 dolo
360 2747 462 2778 eum
486 2728 662 2777 occidit.
690 2728 802 2776 Inde
820 2748 901 2795 per
916 2728 1034 2776 varia
1052 2726 1150 2776 loca
1166 2726 1303 2776 multis
1321 2727 1514 2790 insignia
1532 2728 1664 2775 tr'ans-

212 2807 533 2874 formationibus
551 2806 716 2869 delata,
738 2818 846 2875 post
866 2807 1035 2858 occisos
1054 2805 1222 2869 liberos
1234 2805 1389 2874 AEgeo
1407 2806 1564 2875 nupsit
1580 2806 1665 2855 sub
