1832 3100
370 179 1072 231 METAMORPHOSEON
1112 189 1246 234 LIB.
1284 190 1323 234 Ι.
1502 190 1554 234 61

127 273 348 341 Flavaque
373 273 428 324 de
449 274 580 324 viridi
601 275 832 326 stillabant
850 277 949 327 ilice
969 278 1112 328 mella.

193 353 463 420 Postquam,
485 353 680 403 Saturno
703 355 937 406 tenebrosa
958 355 1006 403 in
1028 357 1215 405 Tartara
1234 359 1370 408 misso
1385 397 1396 419 ‚

126 428 223 478 Sub
244 430 355 479 Jove
373 430 573 480 mundus
594 444 708 492 erat;
736 431 876 482 subiit
897 446 1149 484 ARGENTEA
1173 436 1323 503 proles
1337 475 1349 496 ‚

122 508 251 558 Auro
275 508 486 569 deterior,
508 509 632 559 fulvo
657 511 898 578 pretiosior
918 531 1015 564 aere..

1494 531 1556 565 115

123 585 303 654 Jupiter
324 587 496 655 antiqui
517 590 739 639 contraxit
762 601 963 657 tempora
982 590 1095 639 veris
1114 610 1125 649 ;

122 737 206 760 rum
226 725 339 760 ubera
353 725 504 761 distenta
519 751 530 771 ,
558 731 705 772 uvaeqte
725 740 806 773 gra—

122 777 211 813 vidae
227 784 339 813 erant.
356 776 486 813 Omnis
499 777 596 812 enim
610 778 709 824 copia
723 791 807 814 cum

110 832 253 876 flumine
273 830 471 877 comparari
491 831 590 866 solet.
612 832 712 878 Virg.
731 832 806 867 Ecl.

70 908 73 910 -
122 885 191 928 IV,
207 897 238 920 v.
251 898 291 920 ιιι
312 886 421 928 :Ipse
427 887 517 919 lacte
524 886 657 920 domum
665 886 808 930 referent

119 931 269 971 distenta
284 938 423 981 capella
449 935 575 971 Ubera.
602 936 696 972 Add.
715 950 805 974 vers.

122 1000 175 1036 29,
187 995 224 1024 et
233 988 349 1024 Tibul.
362 989 398 1033 1,
415 999 461 1024 111
469 1014 479 1033 ,
491 991 545 1033 45.
556 990 611 1025 Ire
622 990 671 1025 sic
681 990 806 1036 etiam,

122 1039 178 1085 II,
195 1041 285 1085 45&

166 1104 182 1126 ι
191 1105 241 1128 12.
254 1092 368 1128 Hella
379 1094 565 1128 stillabant
578 1095 621 1128 de
633 1097 713 1128 ilice
721 1121 730 1134 ‚
748 1094 804 1128 vel

120 1142 203 1188 quia
222 1155 302 1190 apes
321 1144 360 1179 in
378 1144 456 1180 ilice
471 1145 567 1179 savos
579 1145 801 1190 condebant,

119 1196 175 1231 vel
197 1197 280 1243 quia
304 1197 388 1232 solia
410 1197 540 1244 ilignea
564 1198 638 1233 mel
661 1199 803 1244 eliqua-

118 1249 205 1286 bant
216 1275 227 1294 ,
254 1249 364 1296 idque
381 1257 455 1286 tam
470 1251 652 1297 copiosum
667 1277 678 1296 ,
706 1259 747 1287 ut
765 1252 802 1287 in

120 1308 253 1337 terram
275 1301 460 1339 deflueret.
478 1303 563 1339 vid.
579 1305 743 1352 Heynius
758 1304 804 1340 ad

119 1354 220 1401 Vir-g.
231 1354 304 1391 Ecl.
315 1365 374 1400 lv,
393 1357 438 1392 30
449 1382 460 1400 ‚
475 1363 512 1391 et
527 1356 633 1392 Fabri
646 1356 804 1392 Historia

118 1406 267 1445 Manna
289 1407 386 1444 inter
402 1408 596 1454 Hebraeos,
622 1422 657 1455 p.
680 1410 802 1445 12-18.

118 1460 238 1497 Etiam
271 1461 378 1498 hodie
410 1463 447 1497 in
475 1461 558 1499 loeis
591 1462 801 1509 quibusdam

116 1511 210 1548 Asin
231 1513 324 1548 rivos
349 1513 610 1560 propemodum
634 1514 747 1550 mellis
762 1515 800 1550 in

115 1562 208 1599 silvi·
227 1565 414 1611 reperiunt
434 1568 700 1613 peregrinantes
716 1594 726 1612 ,
759 1575 800 1603 ut

114 1616 245 1654 dooent
264 1619 461 1655 Itineraria.
493 1623 621 1656 Viridis
642 1621 799 1667 epitheto

114 1682 226 1716 genus
239 1684 437 1717 quercuum
451 1672 570 1708 hieme
585 1686 726 1719 quoque
744 1675 800 1708 so-

112 1724 159 1759 na
173 1726 333 1762 retinens
351 1725 501 1763 Ovidius
517 1726 685 1763 indicasse
701 1727 800 1763 Len·-

114 1776 168 1812 zio
182 1777 334 1814 videtur.
350 1779 473 1815 Potius
487 1780 630 1825 iustam
645 1788 682 1815 et
695 1783 804 1815 viridi

112 1830 230 1877 imago
239 1857 251 1876 ,
269 1831 341 1867 sive
355 1830 450 1868 lusus
463 1833 555 1868 inest
565 1845 690 1879 parum
703 1846 796 1879 pro-

112 1882 260 1919 bandus.
625 1896 630 1902 ¹

161 1949 175 1971 ι
184 1937 234 1972 13.
249 1939 432 1984 Postquam
445 1939 598 1974 Saturno.
611 1940 774 1976 Saturnus
783 1967 793 1982 ,

112 1989 373 2035 antiquissimus
389 2003 450 2025 rex
465 1990 579 2034 Latii,
595 1999 746 2037 agrestes
759 1998 796 2026 et

112 2040 187 2075 sine
215 2041 349 2087 legibus
371 2042 529 2079 viventes
558 2042 722 2078 homines
751 2042 795 2077 ad

112 2092 297 2128 meliorem
326 2095 458 2130 victum
491 2102 527 2130 et
555 2095 690 2130 cultum
718 2102 793 2129 tra-

112 2143 259 2180 duxerat
271 2158 281 2181 :
292 2146 391 2192 Virg.
407 2146 492 2181 AEn.
503 2146 610 2190 VIII,
625 2147 795 2196 314-329.

113 2195 215 2232 Idem
238 2196 331 2244 apud
348 2196 489 2233 Graecos
512 2198 643 2233 fecerat
658 2201 769 2248 Κρόνος
780 2226 790 2244 ,

110 2250 174 2286 sub
187 2250 288 2296 cujus
303 2250 454 2296 imperio
469 2264 616 2286 aureum
635 2252 791 2286 seculum

109 2303 214 2338 suine
233 2302 426 2339 dicebatur.
450 2303 574 2349 ltaque
592 2303 705 2338 Latini
728 2304 791 2338 bos

110 2355 182 2392 duo
213 2369 279 2403 pro
308 2369 380 2392 una
404 2370 553 2404 persona
580 2356 792 2395 babuerunt.

109 2407 204 2444 Vide
222 2409 357 2456 Heynii
379 2409 521 2445 Excurs.
547 2409 589 2444 ad
613 2410 647 2444 d.
663 2410 685 2445 l.
707 2412 791 2446 Cro-

108 2473 174 2496 nus
185 2473 270 2496 cum
284 2461 426 2508 reliquis
445 2462 630 2498 Titanibus
644 2462 682 2498 in
697 2463 791 2497 Tar-

107 2520 182 2548 tara
209 2512 568 2560 detrususzApollod.
586 2516 624 2560 1,
645 2529 676 2550 α.
703 2516 790 2552 Haec

108 2572 160 2601 est
190 2565 457 2602 Titanomachia
470 2593 481 2611 ,
521 2568 788 2614 antiquissimo-

107 2631 190 2655 rum
205 2626 390 2665 poetarum
405 2619 618 2655 carminibus
633 2621 789 2655 celebra-

107 2677 141 2705 ¹2
151 2697 161 2715 ,
178 2671 274 2707 unde
288 2672 399 2707 multa
411 2672 447 2706 in
460 2671 788 2719 Gigantomaehiam

873 732 974 762 aetate
990 726 1079 762 nihil
1102 725 1232 762 Noster
1247 740 1266 762 a
1282 724 1424 774 reliquis
1447 733 1558 776 poetis

871 785 1054 815 mutuatus
1077 786 1148 822 est,
1167 779 1234 815 sed
1245 793 1349 815 suum
1372 781 1558 828 ingenium

872 838 1022 866 secutus.

919 885 991 928 114.
1009 885 1077 919 Sub
1088 886 1195 920 Jove:
1212 889 1266 921 ὑπὸ
1283 888 1354 926 Διὲς
1366 913 1376 932 ,
1390 886 1455 922 sub
1480 887 1558 922 im—

870 937 969 983 perio
980 937 1004 972 J
1006 938 1089 974 ovis.
1101 956 1146 965 —
1159 939 1286 980 Subiit,
1305 940 1466 975 successit
1477 967 1487 985 ‚
1503 954 1558 976 se-

868 996 949 1024 cuta
958 997 1019 1025 est.
1031 989 1191 1036 Quidam
1197 992 1373 1037 subiitque
1384 998 1554 1037 argentea,

869 1041 961 1076 male
974 1056 982 1085 ;
994 1045 1100 1079 subiit
1108 1055 1191 1079 cum
1205 1043 1481 1089 castigatioribus
1492 1057 1559 1078 rem

869 1094 1091 1129 stituendum
1107 1121 1117 1139 ,
1151 1097 1199 1131 ita
1214 1110 1320 1131 sensu
1347 1097 1559 1143 postulante.

869 1148 968 1194 Virg.
985 1148 1070 1183 AEn.
1088 1149 1182 1184 VIII
1195 1176 1205 1194 ,
1222 1150 1286 1184 362
1302 1161 1312 1183 t

867 1203 976 1228 Alcides
989 1205 1072 1230 subiit
1083 1217 1091 1230 .·
1108 1204 1162 1230 δυο
1175 1205 1252 1230 illum
1265 1205 1336 1239 regin
1345 1206 1423 1240 cepit.

869 1252 921 1287 Id.
934 1252 1018 1288 AEn.
1032 1254 1066 1288 X
1079 1280 1088 1298 ,
1110 1254 1153 1300 67
1169 1281 1178 1298 ‚
1197 1268 1239 1290 ex
1249 1255 1447 1291 veterrimis
1459 1256 1557 1292 cod.:

868 1307 972 1333 Italiam
986 1308 1048 1333 sutis
1056 1309 1142 1343 petiit
1151 1310 1347 1337 alawihum...

874 1356 965 1391 Hor.
982 1356 1039 1395 lib.
1056 1357 1094 1402 1,
1114 1357 1187 1393 Sat.
1203 1369 1260 1402 rx,
1281 1372 1342 1394 21:

901 1411 991 1444 Quum
1006 1412 1112 1445 gravius
1125 1412 1204 1439 dorso
1217 1413 1299 1438 subiit
1310 1423 1386 1439 onus.

869 1460 988 1496 Etiam
1001 1461 1038 1496 in
1049 1463 1158 1503 adiit,
1179 1464 1298 1504 rediit,
1310 1467 1430 1508 periit,
1447 1467 1554 1507 abiit,

865 1521 902 1549 et
918 1514 1088 1550 similibus
1104 1541 1114 1560 ,
1141 1516 1178 1550 in
1201 1517 1323 1562 primis
1345 1518 1383 1552 in
1400 1531 1529 1554 caesura
1544 1546 1555 1562 ,

867 1575 1047 1614 postrema
1071 1567 1200 1617 syllaba
1228 1570 1436 1616 producitur
1449 1599 1460 1615 ,
1493 1586 1557 1608 se—

868 1628 1000 1667 quente
1017 1622 1136 1656 vocali.
1153 1623 1220 1656 Ed.

911 1687 925 1707 1
934 1677 984 1709 15.
1001 1675 1096 1709 Auro
1109 1676 1253 1708 deterior
1260 1688 1302 1709 ex
1315 1675 1462 1710 Hesiod.
1478 1671 1553 1727 fift-

866 1739 927 1771 127
948 1739 956 1760 :
974 1731 1048 1762 πολὺ
1064 1730 1233 1777 >cupiri-pov
1252 1730 1382 1775 χρυσέῳ.
1397 1730 1555 1764 Deterior

861 1791 906 1812 ac
938 1781 1076 1814 decolor
1098 1785 1181 1814 aetas
1210 1780 1284 1816 haec
1307 1788 1477 1827 'argentea
1502 1796 1553 1816 vr.

861 1831 946 1867 AEn.
960 1832 1052 1866 VIII
1067 1858 1076 1875 ,
1094 1833 1168 1867 326.
1182 1833 1332 1867 —Auro
1348 1841 1383 1868 et
1392 1848 1470 1874 oere,
1486 1848 1551 1880 pro

862 1897 967 1919 aurea
980 1893 1016 1920 et
1032 1884 1177 1919 ahenea.
1189 1904 1233 1911 —-
1244 1888 1436 1928 pretiosior,
1450 1887 1551 1923 inno-

860 1939 1019 1982 centior,
1041 1951 1123 1973 cum
1149 1946 1311 1984 respectu
1331 1939 1374 1974 ad
1398 1941 1549 1976 metalla.

862 1989 1048 2025 Claudian.
1062 1990 1185 2034 XXII,
1197 1993 1282 2035 454:
1295 1995 1442 2034 meliori’s
1455 1997 1550 2028 secta

858 2045 999 2078 metalli.
1013 2044 1193 2089 Argentea
1202 2046 1366 2086 candent,
1386 2052 1423 2080 et
1434 2047 1547 2082 aureis

855 2100 956 2131 rutili
967 2101 1056 2131 anni
1066 2104 1159 2132 sunt.

905 2151 976 2186 116.
1000 2151 1149 2195 Antiqui
1161 2154 1260 2185 veris.
1282 2153 1418 2186 AElerm‘
1436 2157 1543 2191 veris,

857 2201 951 2247 quod
969 2202 1093 2238 Heius.
1112 2202 1284 2248 placebat,
1306 2203 1381 2238 sine
1399 2203 1506 2238 dubio
1523 2218 1545 2240 e

854 2268 943 2291 vers.
966 2268 1025 2302 ¹⁰7
1044 2256 1207 2301 migravit
1228 2256 1266 2291 in
1290 2255 1406 2292 Codd.
1429 2271 1542 2303 quos-

855 2306 947 2342 dam.
960 2307 1066 2343 Nunc
1076 2308 1189 2353 aptius
1199 2311 1340 2352 antiqui.
1354 2326 1398 2334 -—·-
1408 2310 1545 2353 Jupiter

853 2362 1041 2399 contraxit,
1070 2366 1109 2393 ut
1125 2359 1218 2404 apud
1240 2360 1338 2405 Virg.
1355 2359 1485 2405 Georg.
1500 2360 1538 2403 I,

857 2411 915 2446 131
931 2424 939 2446 :
954 2413 1091 2456 Jupiter
1097 2415 1199 2446 mella
1211 2407 1474 2456 decussttsoliik,
1491 2418 1541 2447 πὶ-

852 2468 903 2499 vis
930 2469 1098 2499 currentia
1123 2468 1207 2499 vina
1228 2468 1387 2508 repressit
1402 2472 1467 2500 etc.
1494 2483 1539 2492 ·—-

852 2517 1012 2561 Antiqui,
1038 2517 1194 2562 pristini,
1213 2517 1390 2562 praeteriti.
1412 2518 1536 2563 virgil.

852 2568 997 2604 AEneid.
1015 2568 1030 2602 Ι
1036 2568 1052 2602 1
1064 2594 1074 2611 ,
1096 2568 1153 2614 ¹37
1171 2595 1179 2609 ‚
1202 2573 1344 2614 antiqua
1358 2573 1475 2613 patria
1492 2569 1536 2604 de

852 2622 977 2656 exsule.
999 2621 1129 2655 Noster
1144 2621 1236 2655 infra
1252 2635 1338 2657 vers.
1358 2623 1423 2666 423
1436 2649 1446 2665 ,
1463 2636 1540 2667 art—3

850 2677 961 2718 tiquus
978 2675 1093 2708 alueus
1104 2699 1114 2717 ‚
1141 2680 1178 2708 et
1194 2673 1243 2709 sic
1258 2674 1398 2710 centies.
1432 2676 1537 2709 Vetus

108 2724 281 2762 translata.
301 2725 473 2763 Ceterum
489 2725 527 2760 in
545 2725 609 2762 hac
620 2734 788 2772 argentea
845 2730 962 2770 patria
978 2726 1060 2762 dixit
1070 2754 1082 2774 ,
1101 2727 1173 2765 Liv,
1195 2728 1209 2762 1
1224 2754 1233 2772 ‚
1253 2728 1303 2762 33.
