1832 3100
346 230 1046 278 METAMORPHOSEON
1075 234 1206 278 LIB.
1242 235 1343 279 111.

1460 236 1551 292 *241

139 349 165 374 n
188 327 238 378 Si
256 327 426 395 poteris
445 345 643 384 narrare,
665 326 781 376 licet.
805 348 829 370 »
851 327 943 375 Nec
966 326 1098 393 plura
1119 327 1284 376 minata
1298 367 1310 387 ,

137 407 229 456 Dat
249 424 405 473 sparso
430 405 566 473 capiti
589 404 752 454 vivacis
775 424 942 454 cornua
961 405 1076 453 cervi
1099 424 1110 462 ;

138 485 230 533 Dat
251 483 445 550 spa-tium
468 481 610 541 collo;
632 482 1185 550 summasquefcacuminat
1209 501 1335 531 aures
1355 503 1365 540 ;

1503 500 1564 545 1953

139 562 253 612 Cum
276 560 555 629 pedidusque
578 580 758 619 manus,
785 581 886 610 cum
909 560 1058 624 longis
1083 560 1264 610 brachia
1283 574 1426 611 mutat

141 639 386 697 Cruribus3
409 650 454 688 et
476 638 591 688 velat
612 638 838 688 maculoso
863 638 1021 688 vellere
1046 657 1222 706 corpus.

102 726 107 731 ’
139 717 335 767 Additus
361 728 406 766 et
427 736 566 783 pavor
589 729 657 766 est
679 737 689 765 :
715 717 832 780 fugit
857 717 1139 765 Autonoeius
1163 717 1295 767 heros
1318 738 1327 776 3

140 797 202 844 Et
225 814 271 844 se
295 807 384 844 tam
405 795 592 844 celerem
618 814 750 844 cursu
771 795 958 844 miratur
979 796 1026 842 in
1051 795 1166 862 ipso.

142 874 208 920 Ut
229 891 332 921 vero
358 871 504 921 solitis
526 892 606 922 sua
630 892 797 921 cornua
821 872 932 920 vidit
955 873 1004 920 in
1027 872 1160 920 undis
1177 911 1188 930 ‚

1508 901 1572 924 200

143 951 222 1000 Me
243 951 477 1000 miserum!
505 950 704 1000 dicturus
726 962 819 999 erat
839 971 848 998 ε
869 970 954 999 vox
977 950 1100 998 nulla
1121 963 1309 1017 sequuta
1329 964 1408 1001 est.

144 1028 398 1092 Ingemuit3
422 1048 509 1077 vox
532 1028 609 1077 illa
632 1029 747 1085 suit;
771 1028 1047 1094 lacrimaeque
1071 1048 1152 1095 per
1175 1047 1253 1076 ora

144 1108 252 1156 Non
273 1126 352 1156 sua
372 1107 596 1156 fluxerunt
614 1127 623 1154 :
643 1125 767 1155 mens
793 1118 967 1155 tantum
988 1106 1176 1172 pristina
1202 1107 1376 1155 mansit.

150 1186 276 1251 Quid
297 1185 460 1234 faciat?
483 1196 710 1251 repetatne
735 1184 939 1242 domum,
964 1195 1009 1232 et
1024 1182 1188 1246 regalia
1213 1186 1361 1232 tecta?

149 1305 369 1342 Stesichorus
386 1303 531 1349 dixerat,
546 1304 702 1338 Dianam
718 1304 750 1338 ei
767 1305 834 1339 ἐλά-

151 1373 205 1405 φου
212 1358 396 1408 “precinctu
406 1359 511 1408 δὶρμα.
522 1356 741 1404 Polygnotus
748 1368 831 1390 eum

150 1417 187 1446 et
207 1417 359 1446 matrem
382 1410 541 1456 pinxerat
559 1422 670 1444 cervae
692 1409 832 1443 hinnu—

151 1463 248 1498 leum
277 1462 439 1498 manibus
469 1468 630 1497 tenentes
640 1488 649 1506 ,
679 1462 831 1508 pellique

153 1515 306 1550 cervinae
327 1514 519 1549 insidentes
535 1541 545 1558 ,
573 1513 730 1549 adstante
746 1526 833 1549 cane

151 1567 320 1602 venatico.
337 1567 486 1601 Pausan.
502 1567 535 1601 X
548 1592 557 1610 ‚
576 1579 608 1612 p.
618 1566 745 1612 872.—
760 1566 834 1600 Ac·-

153 1619 277 1655 taeonis
307 1618 530 1654 transmutati
561 1631 661 1653 causa
676 1646 684 1659 ‚
718 1619 835 1664 inquit

152 1670 331 1707 Diodorus
344 1697 355 1716 ,
382 1671 441 1706 lib.
459 1672 493 1706 V
503 1697 513 1714 ‚
532 1662 683 1706 traditur
698 1685 717 1706 a
732 1684 833 1705 non-

152 1724 277 1769 nullis,
307 1723 404 1771 quod
425 1723 552 1759 Dianae
576 1725 803 1760 concubitum
822 1751 832 1769 ,

153 1789 265 1823 quum
285 1783 475 1812 venaretur
497 1776 534 1811 in
551 1777 730 1812 montibus
743 1803 752 1820 ‚
772 1776 837 1811 ad-

153 1828 311 1874 petierit;
326 1828 513 1875 Euripides
526 1855 536 1874 ‚
552 1828 645 1874 quod
658 1842 693 1864 se
703 1829 752 1864 illi
765 1828 836 1864 Ac-

154 1888 248 1918 taeon
258 1881 451 1928 pretulerit
461 1881 614 1917 venandi
626 1888 710 1916 arte.
723 1882 747 1916 J
749 1894 821 1916 uno
829 1907 839 1925 ‚

157 1933 250 1980 apud
284 1934 481 1970 Lucianum
492 1960 502 1978 ‚
535 1932 661 1969 Dianae
689 1934 839 1980 scoptiee

158 1987 344 2033 exprobrat
354 1987 634 2029 deformitatem;
652 1987 760 2022 visam
776 1986 841 2022 sci-

158 2037 240 2076 licet
257 2041 300 2075 ab
321 2040 487 2076 Actaeone
502 2067 512 2085 ‚
532 2041 683 2075 veritam
698 2053 743 2075 ne
761 2039 840 2074 ado-

158 2092 293 2128 lescens
302 2092 408 2139 ipsius
421 2092 678 2138 turpitudinem
687 2119 696 2137 ,
713 2098 840 2137 αἶσχος,

162 2145 343 2191 evulgaret
352 2171 362 2188 ‚
380 2145 562 2181 immisisse
573 2145 621 2179 illi
632 2157 744 2180 canes.
754 2144 844 2179 Dia-

160 2197 229 2244 log.
242 2197 396 2232 ,Iunonis
410 2205 447 2232 et
463 2197 616 2232 Latonae.
632 2198 698 2231 Ed.

208 2250 281 2298 193.
297 2251 477 2294 Necplura
485 2253 626 2284 minata.
643 2249 747 2284 Unus
759 2250 844 2284 Mo·-

162 2301 229 2337 reti
237 2308 273 2337 et
284 2301 464 2337 Leidensis
475 2327 485 2346 ,
495 2307 628 2337 morata
637 2328 645 2342 ,
668 2302 763 2347 quod
775 2315 844 2337 ve-

161 2359 309 2388 nustum
326 2354 475 2388 Heinsio
490 2353 639 2388 videtur.
650 2372 695 2379 —
709 2355 846 2389 Minuta

161 2405 274 2441 nostri
290 2405 392 2452 Regii
405 2405 547 2441 habent.
564 2424 609 2432 —·
630 2408 763 2450 Vivat-3
779 2407 845 2441 sre—

163 2471 275 2504 quens
303 2470 490 2493 cervorum
521 2458 706 2505 epitheton
727 2486 736 2503 ,
764 2459 846 2505 quia

164 2510 251 2545 olim
267 2510 502 2545 credebantur
517 2523 625 2556 quam
645 2511 845 2558 longissime

163 2564 292 2599 vivere.
309 2563 443 2599 Auson.
455 2576 464 2600 τ
476 2566 551 2599 Has
561 2563 758 2611 (homines)
776 2580 845 2601 no·-

166 2619 236 2651 vies
248 2621 386 2661 superat
400 2619 539 2651 vivendo
551 2620 690 2661 garrula
703 2622 822 2653 cornix
831 2646 840 2660 ,

166 2671 217 2705 Et
236 2674 354 2715 quater
372 2671 539 2714 egreditur
562 2674 708 2705 cornicis
724 2674 849 2706 secula

166 2733 280 2755 cerrus
287 2747 295 2762 ,
320 2733 398 2767 quae
406 2733 491 2756 vero
501 2721 754 2757 recentioribus
763 2729 849 2757 tem-

169 2773 311 2818 poribus
322 2781 461 2820 reperta
474 2781 557 2810 sunt
566 2774 760 2820 salsissima5
772 2787 851 2811 cer-

324 2836 427 2880 III.

899 1318 962 1339 vus
979 1305 1075 1340 enim
1087 1305 1141 1339 vix
1153 1304 1459 1351 quadragesimum
1473 1308 1581 1343 aetatis

899 1369 1036 1391 annum
1059 1356 1207 1403 attingit.
1232 1374 1278 1382 ·-·
1298 1358 1467 1402 SpatIum,
1493 1359 1581 1393 lon——

899 1408 1106 1455 gitudinem.
1131 1426 1176 1434 -
1198 1409 1437 1450 Cacuminare,
1466 1419 1582 1446 acutas

899 1459 1061 1503 reddere,
1079 1460 1229 1494 verbum
1241 1458 1371 1494 Ovidio
1387 1462 1581 1507 proprium.

948 1513 1020 1558 198.
1038 1513 1181 1546 Pavon‘s
1188 1511 1388 1559 symbolum
1401 1513 1492 1558 apud
1508 1513 1585 1548 Ve-

899 1571 990 1599 teres
1002 1571 1077 1599 erat
1087 1577 1219 1600 cervus.
1235 1565 1383 1600 Homer.
1403 1566 1442 1600 11.
1453 1571 1491 1610 A,
1506 1570 1583 1602 225.

899 1635 944 1643 -—
958 1619 1083 1659 Hems,
1104 1618 1184 1663 quia
1201 1625 1314 1653 mater
1330 1619 1406 1663 ejus
1421 1632 1461 1654 ex
1479 1620 1583 1654 Har-

899 1670 1020 1705 monia
1046 1670 1172 1705 Martis
1203 1678 1238 1706 et
1269 1670 1419 1706 Veneris
1443 1672 1560 1717 neptis
1574 1700 1584 1715 ,

901 1729 1001 1769 pater
1017 1722 1189 1768 Apollinis
1205 1723 1307 1772 filius.
1333 1724 1385 1768 Is,
1405 1724 1464 1769 qui
1476 1724 1585 1758 modo

900 1777 998 1810 heros
1014 1776 1130 1810 suerat
1142 1802 1151 1820 ,
1174 1789 1271 1811 nunc
1281 1776 1402 1821 fugit5
1421 1776 1515 1822 quod
1532 1777 1585 1811 in-

902 1826 1061 1873 dignum.
1080 1846 1126 1854 -
1145 1829 1195 1862 Et
1211 1841 1249 1862 se
1265 1833 1335 1862 tam
1361 1831 1496 1863 celerem
1522 1836 1588 1863 etc.

903 1879 1127 1914 Luxuriantis
1144 1879 1277 1925 ingenii
1292 1886 1354 1915 est.
1404 1874 1410 1879 .

949 1945 1024 1967 200.
1051 1934 1099 1966 Ut
1113 1945 1190 1967 vero
1204 1934 1316 1966 solt'lclr
1329 1940 1394 1967 etc.
1424 1933 1477 1968 Ita
1493 1932 1588 1969 hunc

905 1998 1046 2020 versum
1056 1998 1098 2020 ex
1109 1984 1273 2020 Leidensi
1282 1984 1392 2020 edidit
1409 1986 1587 2023 Heinsius.

909 2038 1038 2074 Caeteri
1050 2064 1060 2082 ,
1076 2043 1117 2072 ut
1131 2051 1209 2074 vero
1223 2041 1338 2073 vultus
1349 2044 1384 2074 et
1395 2053 1530 2075 cornua.
1545 2060 1591 2068 —-

906 2090 1028 2126 Nostri
1058 2090 1159 2136 Regii
1186 2090 1362 2137 vulgatam
1385 2091 1527 2127 habent.
1546 2111 1590 2121 —·

907 2144 1034 2178 Saluis.
1051 2142 1199 2178 Veteres
1214 2144 1311 2178 enim
1324 2143 1420 2190 aquis
1435 2157 1499 2190 pro
1515 2158 1589 2191 spe-

908 2195 988 2230 culo
1001 2194 1201 2230 utebantur.
1214 2194 1270 2230 Cs.
1282 2209 1370 2231 vers.
1388 2198 1462 2244 498.
1478 2197 1590 2232 Hein-

908 2248 978 2283 sius
999 2247 1095 2283 hunc
1110 2261 1251 2283 versum
1264 2275 1273 2293 ,
1296 2257 1337 2284 ut
1358 2250 1529 2285 insulsum
1555 2258 1592 2285 et

907 2299 1075 2347 frigidum
1097 2300 1175 2345 ejici
1192 2301 1339 2336 volebat.
1368 2302 1453 2337 Sine
1480 2315 1592 2338 causa.

912 2352 968 2389 Cf.
985 2354 1109 2389 similia
1122 2381 1132 2399 ‚
1151 2355 1168 2389 Ι
1182 2381 1192 2397 ,
1211 2355 1277 2399 640
1291 2368 1363 2402 sqq.
1379 2382 1388 2400 ‚
1403 2356 1482 2402 647,
1503 2357 1566 2401 657
1581 2382 1590 2399 ,

911 2414 946 2442 et
961 2420 1044 2442 cum
1060 2420 1133 2453 sqq.
1150 2421 1315 2453 compara
1328 2435 1337 2453 ,
1363 2409 1399 2443 II
1413 2434 1421 2451 ,
1440 2410 1504 2453 485
1518 2421 1592 2454 sqq.

910 2481 954 2489 —-
966 2462 1064 2496 Bene
1076 2475 1143 2496 non
1154 2474 1218 2496 sua
1228 2488 1237 2505 ,
1256 2473 1329 2496 non
1342 2461 1373 2494 ei
1391 2460 1472 2496 data
1488 2474 1506 2495 a
1522 2474 1594 2496 na-

911 2522 1001 2549 tura.
1026 2513 1131 2549 Trist.
1150 2515 1206 2549 III
1222 2540 1231 2557 ,
1250 2515 1292 2557 4,
1325 2514 1367 2548 de
1391 2512 1537 2568 Daedalo
1560 2522 1596 2549 et

913 2569 1025 2611 Icaro,
1030 2580 1162 2611 pennas
1170 2570 1269 2601 ambo
1278 2580 1344 2601 non
1354 2569 1496 2602 habuere
1501 2581 1593 2603 suas.

914 2619 1038 2665 Virgil.
1057 2618 1186 2666 Georg.
1210 2620 1267 2660 11,
1287 2620 1328 2654 82
1355 2631 1363 2654 :
1388 2620 1597 2667 M'raturque

913 2684 1018 2705 not-as
1024 2670 1171 2716 frondes
1180 2698 1188 2712 ‚
1213 2675 1249 2705 et
1261 2683 1329 2706 non
1343 2684 1407 2706 sua
1416 2684 1528 2716 poma.

972 2726 1048 2771 ,2⁰4·
1085 2725 1272 2768 Repe-tatae
1298 2725 1441 2758 domum.
1475 2722 1598 2759 Codex

916 2775 1046 2821 Regius
1062 2776 1093 2811 B
1110 2775 1213 2813 habet
1235 2781 1404 2821 repetatne
1428 2778 1543 2812 domos
1567 2782 1602 2810 et

1368 2838 1418 2880 16
