1832 3100
277 258 333 299 30
789 259 823 301 Ρ
835 258 871 301 R
885 259 936 302 AE
950 258 1035 301 FA
1046 260 1086 302 T
1102 261 1121 303 I
1139 260 1179 303 Ο

274 350 385 407 lion,
411 351 453 407 I,
480 348 662 398 351462
677 388 689 409 ,
713 363 757 400 et
774 351 915 400 multo
930 352 1087 401 melius
1105 351 1327 419 Cephalus
1342 390 1354 411 ‚
1376 354 1484 412 VII,
1509 353 1604 421 690
1620 354 1696 404 fin.

273 519 315 564 V
316 520 337 566 Ι
354 556 365 576 ‚
391 518 484 580 455
507 539 602 586 sqq.
620 558 631 578 ,
656 521 814 569 summi
830 520 992 570 furoris
1011 520 1204 579 Procne,
1236 540 1345 569 vers.
1369 520 1464 570 610
1483 541 1581 590 sqq.
1606 523 1698 571 Sed

272 599 317 648 in
338 600 493 667 primis
511 602 739 650 memorari
763 615 985 651 merentur
1011 602 1107 651 loca
1122 641 1133 661 ‚
1164 603 1209 651 in
1233 603 1395 670 quibus
1422 604 1698 670 perturbatio

271 683 432 745 mentis
454 703 554 732 cum
576 683 658 732 alia
690 685 1023 751 perturbatione
1055 698 1132 734 aut
1157 704 1258 734 cum
1287 704 1391 734 sana
1420 685 1590 734 ratione
1621 685 1697 734 diu

270 778 464 832 pugnat,
486 766 600 815 utin
619 766 764 815 animo
778 769 946 817 Medeae
962 806 974 826 ‚
998 771 1084 818 VII
1099 807 1110 827 ,
1138 787 1194 817 10
1211 788 1308 836 sqq.
1324 806 1336 827 ‚
1360 768 1534 835 Scyllae,
1557 770 1696 828 VIII,

272 848 437 909 44-80,
453 848 649 907 Althaeae,
669 849 820 910 [462-5
831 868 848 897 1
863 869 900 908 1,
916 851 1138 917 Byblidis‚
1153 853 1238 909 IX,
1254 850 1347 917 473
1362 870 1476 918 sqq.‚·
1488 851 1695 917 Myrrha,

268 933 313 979 X
330 969 342 989 ‚
381 931 476 980 320
499 951 596 998 sqq.
623 934 728 981 Haec
751 933 855 982 satis
876 935 1069 1000 probant
1083 973 1096 993 ‚
1132 935 1349 998 egregiam
1377 934 1541 983 ovidio
1564 934 1699 984 fuisse

266 1013 399 1062 animi
434 1015 616 1064 humani
646 1017 883 1066 scientiam.
925 1019 1085 1066 Parum
1126 1031 1278 1067 contra
1294 1056 1306 1076 ‚
1342 1020 1386 1066 II
1404 1055 1416 1076 ‚
1457 1017 1666 1080 381-400
1682 1057 1694 1077 ,

266 1101 464 1148 Phoebus
485 1100 629 1167 placet
645 1139 657 1159 ‚
698 1101 841 1168 quiin
863 1102 986 1150 luctu
1015 1114 1059 1150 et
1086 1102 1151 1151 ira
1182 1101 1342 1151 stultos
1370 1103 1571 1152 homines
1599 1104 1700 1152 imi-

266 1183 400 1232 taturss
430 1185 650 1234 Perversis
679 1186 954 1235 acuminibus
975 1199 1210 1253 corruptas
1226 1205 1319 1235 esse
1341 1187 1576 1237 nonnullas
1604 1189 1696 1254 ejus

266 1266 436 1328 generis
456 1267 729 1325 notationes,
760 1279 837 1325 ut,
862 1270 958 1326 ΙΙΙ,
990 1268 1228 1335 463-692,
1260 1269 1348 1334 jam
1370 1287 1500 1335 supra
1531 1281 1599 1323 est
1616 1271 1697 1319 ad-

264 1350 494 1397 monitum.

329 1437 622 1486 &inz'litudz'nes
636 1478 647 1494 ,
689 1439 852 1504 quibus
874 1457 944 1486 res
966 1439 1105 1486 varias
1128 1438 1197 1485 vel
1220 1437 1440 1486 illustrare
1468 1438 1607 1487 voluit
1628 1439 1695 1487 vel

265 1538 472 1569 exornare
488 1558 499 1579 ‚
537 1521 686 1569 multae
716 1533 820 1570 sunt
839 1521 1078 1588 probandae
1094 1558 1106 1578 ‚
1141 1538 1223 1568 nee
1250 1520 1425 1583 ingenio
1447 1539 1606 1584 magno
1627 1521 1698 1580 in-

264 1601 417 1665 dignae.
438 1632 490 1638 —
512 1605 579 1651 III
594 1641 605 1660 ‚
629 1621 647 1649 1
663 1622 680 1649 1
695 1622 713 1649 1
737 1620 746 1648 t
763 1603 835 1651 Sic
847 1603 1246 1669 ubitollunturjestzk
1258 1605 1395 1652 aulaea
1405 1603 1592 1661 theatris,
1613 1618 1691 1654 etc.

262 1685 388 1732 Vers.
417 1684 510 1731 568
530 1706 539 1732 :
564 1684 635 1732 Sic
650 1704 722 1751 ego
738 1696 975 1741 torrentem,
1004 1698 1084 1734 etc.
1109 1685 1272 1752 quibus
1293 1685 1541 1734 illustratur
1561 1687 1692 1735 vehe-

260 1768 423 1816 mentia
437 1767 511 1816 irae
527 1767 739 1816 inhibitae.
761 1797 812 1804 —
831 1770 895 1816 IV
909 1806 921 1826 ‚
938 1767 1053 1830 354,
1070 1768 1471 1836 Hermaphroditus
1484 1768 1632 1817 nudus
1648 1768 1695 1817 in

261 1868 376 1915 aqua
390 1887 401 1907 ‚
440 1849 703 1907 translucet,
729 1860 774 1897 ut
799 1850 974 1898 eburnea
997 1851 1037 1898 si
1050 1851 1138 1917 quis
1166 1849 1297 1916 Signa
1317 1861 1424 1916 tegat
1446 1850 1557 1898 claro
1573 1889 1585 1907 ,
1626 1851 1702 1899 vel

260 1932 438 1980 candida
461 1933 550 1981 lilia
567 1973 578 1989 ,
615 1933 735 1982 vitro.
757 1932 964 1982 Daedalus
987 1931 1239 1981 antevolans
1266 1944 1373 1980 nato
1399 1931 1523 1980 timet
1537 1969 1548 1990 ‚
1580 1934 1697 1981 velut

258 2017 364 2072 ales,
387 2017 441 2064 ab
455 2017 540 2064 alto
564 2016 676 2082 Quoe
689 2017 864 2065 teneram
882 2016 1040 2082 prolem
1058 2015 1262 2082 produxe?
1278 2016 1319 2062 ιἰι
1339 2033 1436 2062 aem
1452 2014 1560 2063 nido.
1583 2015 1695 2064 Sua-

260 2097 437 2147 vissima
456 2110 546 2156 est,
567 2095 610 2161 X
623 2137 634 2157 ,
664 2117 753 2165 190
767 2137 778 2158 ,
797 2117 928 2165 quam
940 2110 1090 2154 ,tamen
1106 2095 1458 2160 Virgiliovdebet.
1479 2096 1550 2144 Ibi
1570 2098 1694 2163 Hya-

259 2181 436 2229 cinthus
454 2182 568 2247 jacet
584 2169 601 2239 ,β
639 2181 703 2230 Ut
723 2182 764 2229 si
786 2182 874 2247 quis
895 2182 1052 2237 violas,
1090 2182 1248 2247 rdguooe
1263 2198 1449 2247 papaver
1474 2181 1516 2228 in
1545 2179 1686 2237 hor-103

257 2263 448 2330 Liliaque
477 2263 691 2329 insn'ngat,
721 2275 800 2317 ete.
830 2263 1096 2312 Laudandus
1121 2274 1164 2311 et
1194 2261 1346 2320 loc'uS5
1372 2263 1460 2320 XI,
1486 2260 1688 2318 508-365

259 2365 348 2411 quo
380 2346 503 2394 navis
536 2345 745 2394 fluctibus
772 2346 930 2411 jactata
962 2364 1061 2392 cum
1090 2345 1199 2393 urbe
1227 2355 1483 2411 oppugnata
1512 2361 1692 2409 compa-

257 2439 392 2475 ratur.
431 2427 517 2476 Sed
540 2447 652 2495 saepe
679 2429 725 2476 in
751 2429 837 2477 hoe
861 2444 1016 2492 genere
1050 2416 1407 2477 ornamentorum
1429 2425 1689 2473 inveniendo

258 2522 301 2558 et
317 2510 567 2560 adhibendo
582 2512 667 2561 fuit
681 2511 844 2560 infelix.
866 2514 1072 2578 Ineptum
1089 2522 1154 2559 est
1170 2509 1302 2568 illud,
1320 2510 1410 2567 III,
1428 2509 1490 2570 44
1508 2525 1517 2553 t
1536 2508 1689 2557 Cadmi

255 2613 434 2660 serpens
453 2608 575 2644 tanto
595 2609 661 2645 est
674 2613 860 2662 corpore
873 2632 885 2654 ‚
904 2605 1076 2662 quanto,
1100 2594 1154 2642 Si
1166 2604 1290 2642 totum
1308 2603 1482 2659 spectes,
1503 2592 1688 2658 geminas

255 2678 327 2744 qui
336 2689 499 2743 separat
510 2680 679 2728 Arctos.
700 2678 820 2727 Male
831 2716 842 2737 ‚
859 2680 904 2726 II
916 2716 928 2736 ‚
946 2677 1054 2736 825,
1071 2677 1256 2726 mutatio
1267 2676 1462 2724 mulieris
1475 2675 1520 2723 in
1535 2695 1685 2724 saxum

256 2780 354 2809 cum
382 2780 546 2817 cancro,
586 2762 762 2826 corporis
786 2762 895 2809 malo
918 2762 998 2809 lale
1017 2771 1196 2826 serpente
1211 2800 1222 2815 ,
1267 2771 1571 2824 comparatum
1603 2776 1682 2806 nec
