<?xml version="1.0" encoding="UTF-8"?>
<!DOCTYPE html PUBLIC "-//W3C//DTD XHTML 1.0 Transitional//EN"
    "http://www.w3.org/TR/xhtml1/DTD/xhtml1-transitional.dtd">
<html xmlns="http://www.w3.org/1999/xhtml" xml:lang="en" lang="en">
 <head>
  <title>
</title>
<meta http-equiv="Content-Type" content="text/html;charset=utf-8" />
  <meta name='ocr-system' content='tesseract 3.04.00' />
  <meta name='ocr-capabilities' content='ocr_page ocr_carea ocr_par ocr_line ocrx_word'/>
</head>
<body>
  <div class='ocr_page' id='page_1' title='image "./quaeextantomniao03oviduoft_0123.png"; bbox 0 0 1832 3100; ppageno 0'>
   <div class='ocr_carea' id='block_1_1' title="bbox 355 229 1297 280">
    <p class='ocr_par' dir='ltr' id='par_1_1' title="bbox 355 229 1297 280">
     <span class='ocr_line' id='line_1_1' title="bbox 355 229 1297 280; baseline -0.002 -3"><span class='ocrx_word' id='word_1_1' title='bbox 355 229 1046 280; x_wconf 86' lang='lat' dir='ltr'><strong>METAMORPHOSEON</strong></span> <span class='ocrx_word' id='word_1_2' title='bbox 1086 231 1215 275; x_wconf 91' lang='lat' dir='ltr'>LIB.</span> <span class='ocrx_word' id='word_1_3' title='bbox 1258 231 1297 275; x_wconf 93' lang='lat' dir='ltr'>I.</span> 
     </span>
    </p>
   </div>
   <div class='ocr_carea' id='block_1_2' title="bbox 1484 245 1538 290">
    <p class='ocr_par' dir='ltr' id='par_1_2' title="bbox 1484 245 1538 290">
     <span class='ocr_line' id='line_1_2' title="bbox 1484 245 1538 290; baseline 0 -17"><span class='ocrx_word' id='word_1_4' title='bbox 1484 245 1538 290; x_wconf 86' lang='lat'>91</span> 
     </span>
    </p>
   </div>
   <div class='ocr_carea' id='block_1_3' title="bbox 126 322 1426 389">
    <p class='ocr_par' dir='ltr' id='par_1_3' title="bbox 126 322 1426 389">
     <span class='ocr_line' id='line_1_3' title="bbox 126 322 1426 389; baseline -0.001 -18"><span class='ocrx_word' id='word_1_5' title='bbox 126 349 149 371; x_wconf 75' lang='lat' dir='ltr'>n</span> <span class='ocrx_word' id='word_1_6' title='bbox 175 327 304 375; x_wconf 85' lang='lat' dir='ltr'>Nunc</span> <span class='ocrx_word' id='word_1_7' title='bbox 329 324 488 382; x_wconf 88' lang='lat' dir='ltr'>animi,</span> <span class='ocrx_word' id='word_1_8' title='bbox 514 322 760 373; x_wconf 85' lang='lat' dir='ltr'>miseranda</span> <span class='ocrx_word' id='word_1_9' title='bbox 777 361 789 381; x_wconf 89' lang='lat'>‚</span> <span class='ocrx_word' id='word_1_10' title='bbox 814 322 967 372; x_wconf 86' lang='lat' dir='ltr'>soret?</span> <span class='ocrx_word' id='word_1_11' title='bbox 990 341 1081 389; x_wconf 91' lang='lat' dir='ltr'>quo</span> <span class='ocrx_word' id='word_1_12' title='bbox 1107 322 1202 371; x_wconf 86' lang='lat' dir='ltr'>sola</span> <span class='ocrx_word' id='word_1_13' title='bbox 1226 324 1426 372; x_wconf 87' lang='lat' dir='ltr'>timorem</span> 
     </span>
    </p>
   </div>
   <div class='ocr_carea' id='block_1_4' title="bbox 126 400 1302 469">
    <p class='ocr_par' dir='ltr' id='par_1_4' title="bbox 126 400 1302 469">
     <span class='ocr_line' id='line_1_4' title="bbox 126 400 1302 469; baseline -0.003 -16"><span class='ocrx_word' id='word_1_14' title='bbox 126 427 150 448; x_wconf 90' lang='lat'>»</span> <span class='ocrx_word' id='word_1_15' title='bbox 177 405 306 453; x_wconf 85' lang='lat' dir='ltr'>Ferre</span> <span class='ocrx_word' id='word_1_16' title='bbox 326 403 459 452; x_wconf 89' lang='lat' dir='ltr'>modo</span> <span class='ocrx_word' id='word_1_17' title='bbox 484 404 674 469; x_wconf 84' lang='lat' dir='ltr'>posses?</span> <span class='ocrx_word' id='word_1_18' title='bbox 697 421 787 468; x_wconf 92' lang='lat' dir='ltr'>quo</span> <span class='ocrx_word' id='word_1_19' title='bbox 813 400 1069 450; x_wconf 79' lang='lat' dir='ltr'><strong>consolante</strong></span> <span class='ocrx_word' id='word_1_20' title='bbox 1094 400 1302 450; x_wconf 85' lang='lat' dir='ltr'>doleres?</span> 
     </span>
    </p>
   </div>
   <div class='ocr_carea' id='block_1_5' title="bbox 1482 417 1547 451">
    <p class='ocr_par' dir='ltr' id='par_1_5' title="bbox 1482 417 1547 451">
     <span class='ocr_line' id='line_1_5' title="bbox 1482 417 1547 451; baseline 0 0"><span class='ocrx_word' id='word_1_21' title='bbox 1482 417 1547 451; x_wconf 82' lang='lat'>360</span> 
     </span>
    </p>
   </div>
   <div class='ocr_carea' id='block_1_6' title="bbox 128 478 1525 783">
    <p class='ocr_par' dir='ltr' id='par_1_6' title="bbox 128 478 1525 704">
     <span class='ocr_line' id='line_1_6' title="bbox 128 478 1525 547; baseline -0.002 -17"><span class='ocrx_word' id='word_1_22' title='bbox 128 503 151 525; x_wconf 85' lang='lat'>»</span> <span class='ocrx_word' id='word_1_23' title='bbox 177 482 378 547; x_wconf 81' lang='lat' dir='ltr'>Namque</span> <span class='ocrx_word' id='word_1_24' title='bbox 401 499 507 543; x_wconf 81' lang='lat' dir='ltr'>ego,</span> <span class='ocrx_word' id='word_1_25' title='bbox 534 480 660 528; x_wconf 87' lang='lat' dir='ltr'>crede</span> <span class='ocrx_word' id='word_1_26' title='bbox 684 479 815 537; x_wconf 82' lang='lat' dir='ltr'>mihi,</span> <span class='ocrx_word' id='word_1_27' title='bbox 839 480 876 531; x_wconf 81' lang='lat' dir='ltr'>si</span> <span class='ocrx_word' id='word_1_28' title='bbox 901 491 942 529; x_wconf 84' lang='lat' dir='ltr'>te</span> <span class='ocrx_word' id='word_1_29' title='bbox 965 479 1102 528; x_wconf 88' lang='lat' dir='ltr'>modo</span> <span class='ocrx_word' id='word_1_30' title='bbox 1125 490 1293 546; x_wconf 87' lang='lat' dir='ltr'>pontus</span> <span class='ocrx_word' id='word_1_31' title='bbox 1315 478 1525 538; x_wconf 88' lang='lat' dir='ltr'>haberet,</span> 
     </span>
     <span class='ocr_line' id='line_1_7' title="bbox 129 556 1480 625; baseline -0.001 -18"><span class='ocrx_word' id='word_1_32' title='bbox 129 580 152 601; x_wconf 88' lang='lat'>»</span> <span class='ocrx_word' id='word_1_33' title='bbox 180 560 245 607; x_wconf 90' lang='lat' dir='ltr'>Te</span> <span class='ocrx_word' id='word_1_34' title='bbox 269 577 497 625; x_wconf 79' lang='lat' dir='ltr'>sequerer,</span> <span class='ocrx_word' id='word_1_35' title='bbox 523 558 683 624; x_wconf 85' lang='lat' dir='ltr'>conjux</span> <span class='ocrx_word' id='word_1_36' title='bbox 705 577 715 606; x_wconf 76' lang='grc' dir='ltr'>ε</span> <span class='ocrx_word' id='word_1_37' title='bbox 735 570 782 606; x_wconf 87' lang='lat' dir='ltr'>et</span> <span class='ocrx_word' id='word_1_38' title='bbox 804 577 873 606; x_wconf 89' lang='lat' dir='ltr'>me</span> <span class='ocrx_word' id='word_1_39' title='bbox 898 575 1076 624; x_wconf 84' lang='lat' dir='ltr'>quoque</span> <span class='ocrx_word' id='word_1_40' title='bbox 1097 568 1264 623; x_wconf 83' lang='lat' dir='ltr'>pontus</span> <span class='ocrx_word' id='word_1_41' title='bbox 1286 556 1480 606; x_wconf 83' lang='lat' dir='ltr'>haberet.</span> 
     </span>
     <span class='ocr_line' id='line_1_8' title="bbox 131 635 1270 704; baseline -0.004 -17"><span class='ocrx_word' id='word_1_42' title='bbox 131 661 153 682; x_wconf 60' lang='grc' dir='ltr'>»ν</span> <span class='ocrx_word' id='word_1_43' title='bbox 182 639 226 687; x_wconf 90' lang='grc' dir='ltr'><strong>Ο</strong></span> <span class='ocrx_word' id='word_1_44' title='bbox 249 637 418 686; x_wconf 89' lang='lat' dir='ltr'>utinam</span> <span class='ocrx_word' id='word_1_45' title='bbox 440 636 610 704; x_wconf 86' lang='lat' dir='ltr'>possim</span> <span class='ocrx_word' id='word_1_46' title='bbox 633 635 830 703; x_wconf 88' lang='lat' dir='ltr'>populos</span> <span class='ocrx_word' id='word_1_47' title='bbox 851 654 1051 703; x_wconf 86' lang='lat' dir='ltr'>reparare</span> <span class='ocrx_word' id='word_1_48' title='bbox 1075 635 1270 701; x_wconf 85' lang='lat' dir='ltr'>paternis</span> 
     </span>
    </p>

    <p class='ocr_par' dir='ltr' id='par_1_7' title="bbox 130 713 1393 783">
     <span class='ocr_line' id='line_1_9' title="bbox 130 713 1393 783; baseline 0 -23"><span class='ocrx_word' id='word_1_49' title='bbox 130 738 154 760; x_wconf 89' lang='lat'>»</span> <span class='ocrx_word' id='word_1_50' title='bbox 181 715 369 764; x_wconf 78' lang='lat' dir='ltr'><strong>Artibus</strong></span> <span class='ocrx_word' id='word_1_51' title='bbox 384 752 396 773; x_wconf 88' lang='lat'><em>‚</em></span> <span class='ocrx_word' id='word_1_52' title='bbox 420 726 553 783; x_wconf 81' lang='lat' dir='ltr'>atque</span> <span class='ocrx_word' id='word_1_53' title='bbox 577 714 742 763; x_wconf 89' lang='lat' dir='ltr'>animas</span> <span class='ocrx_word' id='word_1_54' title='bbox 769 714 966 763; x_wconf 82' lang='lat' dir='ltr'>sormatae</span> <span class='ocrx_word' id='word_1_55' title='bbox 987 713 1218 762; x_wconf 85' lang='lat' dir='ltr'><strong>infundere</strong></span> <span class='ocrx_word' id='word_1_56' title='bbox 1243 714 1393 761; x_wconf 79' lang='lat' dir='ltr'>terrae!</span> 
     </span>
    </p>
   </div>
   <div class='ocr_carea' id='block_1_7' title="bbox 130 790 1290 858">
    <p class='ocr_par' dir='ltr' id='par_1_8' title="bbox 130 790 1290 858">
     <span class='ocr_line' id='line_1_10' title="bbox 130 790 1290 858; baseline -0.003 -15"><span class='ocrx_word' id='word_1_57' title='bbox 130 816 155 838; x_wconf 68' lang='grc' dir='ltr'>»ι</span> <span class='ocrx_word' id='word_1_58' title='bbox 180 791 311 845; x_wconf 73' lang='lat' dir='ltr'>Nunc</span> <span class='ocrx_word' id='word_1_59' title='bbox 337 813 476 858; x_wconf 86' lang='lat' dir='ltr'>genus</span> <span class='ocrx_word' id='word_1_60' title='bbox 500 793 544 842; x_wconf 88' lang='lat' dir='ltr'>in</span> <span class='ocrx_word' id='word_1_61' title='bbox 570 792 702 841; x_wconf 87' lang='lat' dir='ltr'>nobis</span> <span class='ocrx_word' id='word_1_62' title='bbox 725 804 862 841; x_wconf 87' lang='lat' dir='ltr'>restat</span> <span class='ocrx_word' id='word_1_63' title='bbox 880 790 1065 841; x_wconf 80' lang='lat' dir='ltr'>mortale</span> <span class='ocrx_word' id='word_1_64' title='bbox 1091 791 1290 849; x_wconf 87' lang='lat' dir='ltr'>duobus,</span> 
     </span>
    </p>
   </div>
   <div class='ocr_carea' id='block_1_8' title="bbox 1488 805 1554 838">
    <p class='ocr_par' dir='ltr' id='par_1_9' title="bbox 1488 805 1554 838">
     <span class='ocr_line' id='line_1_11' title="bbox 1488 805 1554 838; baseline 0 0"><span class='ocrx_word' id='word_1_65' title='bbox 1488 805 1554 838; x_wconf 77' lang='lat'>365</span> 
     </span>
    </p>
   </div>
   <div class='ocr_carea' id='block_1_9' title="bbox 130 869 1520 938">
    <p class='ocr_par' dir='ltr' id='par_1_10' title="bbox 130 869 1520 938">
     <span class='ocr_line' id='line_1_12' title="bbox 130 869 1520 938; baseline -0.004 -18"><span class='ocrx_word' id='word_1_66' title='bbox 130 893 153 916; x_wconf 88' lang='lat'>»</span> <span class='ocrx_word' id='word_1_67' title='bbox 180 871 255 920; x_wconf 86' lang='lat' dir='ltr'>Sic</span> <span class='ocrx_word' id='word_1_68' title='bbox 277 871 420 921; x_wconf 84' lang='lat' dir='ltr'>visum</span> <span class='ocrx_word' id='word_1_69' title='bbox 443 871 648 938; x_wconf 87' lang='lat' dir='ltr'>Superis,</span> <span class='ocrx_word' id='word_1_70' title='bbox 674 870 995 938; x_wconf 85' lang='lat' dir='ltr'><strong>hominumque</strong></span> <span class='ocrx_word' id='word_1_71' title='bbox 1015 869 1215 937; x_wconf 85' lang='lat' dir='ltr'>exempla</span> <span class='ocrx_word' id='word_1_72' title='bbox 1234 887 1475 919; x_wconf 87' lang='lat' dir='ltr'>manemus.</span> <span class='ocrx_word' id='word_1_73' title='bbox 1496 890 1520 911; x_wconf 89' lang='lat'>»</span> 
     </span>
    </p>
   </div>
   <div class='ocr_carea' id='block_1_10' title="bbox 126 947 1192 1015">
    <p class='ocr_par' dir='ltr' id='par_1_11' title="bbox 126 947 1192 1015">
     <span class='ocr_line' id='line_1_13' title="bbox 126 947 1192 1015; baseline -0.004 -16"><span class='ocrx_word' id='word_1_74' title='bbox 126 949 335 1009; x_wconf 76' lang='lat' dir='ltr'>Dixerat,</span> <span class='ocrx_word' id='word_1_75' title='bbox 357 961 403 999; x_wconf 87' lang='lat' dir='ltr'>et</span> <span class='ocrx_word' id='word_1_76' title='bbox 424 948 591 999; x_wconf 87' lang='lat' dir='ltr'>flebant</span> <span class='ocrx_word' id='word_1_77' title='bbox 609 968 618 996; x_wconf 91' lang='lat'>:</span> <span class='ocrx_word' id='word_1_78' title='bbox 636 947 804 1015; x_wconf 78' lang='lat' dir='ltr'>placuit</span> <span class='ocrx_word' id='word_1_79' title='bbox 827 947 996 998; x_wconf 86' lang='lat' dir='ltr'>caeleste</span> <span class='ocrx_word' id='word_1_80' title='bbox 1021 947 1192 1014; x_wconf 85' lang='lat' dir='ltr'>precari</span> 
     </span>
    </p>
   </div>
   <div class='ocr_carea' id='block_1_11' title="bbox 1372 987 1394 1009">
    <p class='ocr_par' dir='ltr' id='par_1_12' title="bbox 1372 987 1394 1009">
     <span class='ocr_line' id='line_1_14' title="bbox 1372 987 1394 1009; baseline 0 0"><span class='ocrx_word' id='word_1_81' title='bbox 1372 987 1374 990; x_wconf 81' lang='grc'><strong>’</strong></span> <span class='ocrx_word' id='word_1_82' title='bbox 1384 989 1394 1009; x_wconf 88' lang='lat' dir='ltr'>l</span> 
     </span>
    </p>
   </div>
   <div class='ocr_carea' id='block_1_12' title="bbox 123 1030 1376 1179">
    <p class='ocr_par' dir='ltr' id='par_1_13' title="bbox 123 1030 1376 1179">
     <span class='ocr_line' id='line_1_15' title="bbox 127 1030 1297 1098; baseline -0.002 -18"><span class='ocrx_word' id='word_1_83' title='bbox 127 1034 302 1081; x_wconf 84' lang='lat' dir='ltr'>Numen</span> <span class='ocrx_word' id='word_1_84' title='bbox 318 1069 331 1090; x_wconf 89' lang='lat'>‚</span> <span class='ocrx_word' id='word_1_85' title='bbox 355 1042 400 1080; x_wconf 90' lang='lat' dir='ltr'>et</span> <span class='ocrx_word' id='word_1_86' title='bbox 423 1030 635 1080; x_wconf 85' lang='lat' dir='ltr'>auxilium</span> <span class='ocrx_word' id='word_1_87' title='bbox 655 1050 735 1097; x_wconf 86' lang='lat' dir='ltr'>per</span> <span class='ocrx_word' id='word_1_88' title='bbox 756 1050 900 1080; x_wconf 87' lang='lat' dir='ltr'>sacras</span> <span class='ocrx_word' id='word_1_89' title='bbox 925 1049 1117 1098; x_wconf 86' lang='lat' dir='ltr'>quaerere</span> <span class='ocrx_word' id='word_1_90' title='bbox 1143 1042 1297 1078; x_wconf 85' lang='lat' dir='ltr'>sortes.</span> 
     </span>
     <span class='ocr_line' id='line_1_16' title="bbox 123 1111 1376 1179; baseline -0.002 -16"><span class='ocrx_word' id='word_1_91' title='bbox 123 1112 263 1164; x_wconf 76' lang='lat' dir='ltr'>Nulla</span> <span class='ocrx_word' id='word_1_92' title='bbox 284 1133 410 1163; x_wconf 88' lang='lat' dir='ltr'>mora</span> <span class='ocrx_word' id='word_1_93' title='bbox 431 1125 519 1171; x_wconf 88' lang='lat' dir='ltr'>est;</span> <span class='ocrx_word' id='word_1_94' title='bbox 546 1113 711 1162; x_wconf 85' lang='lat' dir='ltr'>adeunt</span> <span class='ocrx_word' id='word_1_95' title='bbox 730 1112 897 1179; x_wconf 86' lang='lat' dir='ltr'>pariter</span> <span class='ocrx_word' id='word_1_96' title='bbox 925 1112 1188 1179; x_wconf 83' lang='lat' dir='ltr'>Cephisidas</span> <span class='ocrx_word' id='word_1_97' title='bbox 1212 1111 1376 1169; x_wconf 86' lang='lat' dir='ltr'>undas,</span> 
     </span>
    </p>
   </div>
   <div class='ocr_carea' id='block_1_13' title="bbox 132 1192 1353 1263">
    <p class='ocr_par' dir='ltr' id='par_1_14' title="bbox 132 1192 1353 1263">
     <span class='ocr_line' id='line_1_17' title="bbox 132 1192 1353 1263; baseline -0.002 -19"><span class='ocrx_word' id='word_1_98' title='bbox 132 1198 198 1245; x_wconf 91' lang='lat' dir='ltr'>Ut</span> <span class='ocrx_word' id='word_1_99' title='bbox 218 1196 422 1246; x_wconf 88' lang='lat' dir='ltr'>nondum</span> <span class='ocrx_word' id='word_1_100' title='bbox 443 1192 638 1263; x_wconf 84' lang='lat' dir='ltr'>liquidas</span> <span class='ocrx_word' id='word_1_101' title='bbox 652 1232 664 1253; x_wconf 88' lang='lat'>‚</span> <span class='ocrx_word' id='word_1_102' title='bbox 689 1195 752 1244; x_wconf 92' lang='lat' dir='ltr'>sic</span> <span class='ocrx_word' id='word_1_103' title='bbox 773 1195 859 1260; x_wconf 82' lang='lat' dir='ltr'>jam</span> <span class='ocrx_word' id='word_1_104' title='bbox 884 1195 995 1244; x_wconf 83' lang='lat' dir='ltr'>vada</span> <span class='ocrx_word' id='word_1_105' title='bbox 1016 1206 1121 1244; x_wconf 86' lang='lat' dir='ltr'>nota</span> <span class='ocrx_word' id='word_1_106' title='bbox 1144 1206 1353 1244; x_wconf 83' lang='lat' dir='ltr'>secantes.</span> 
     </span>
    </p>
   </div>
   <div class='ocr_carea' id='block_1_14' title="bbox 122 1345 827 2815">
    <p class='ocr_par' dir='ltr' id='par_1_15' title="bbox 122 1345 827 2815">
     <span class='ocr_line' id='line_1_18' title="bbox 124 1345 814 1395; baseline -0.003 -12"><span class='ocrx_word' id='word_1_107' title='bbox 124 1380 127 1383; x_wconf 94' lang='lat'>.</span> <span class='ocrx_word' id='word_1_108' title='bbox 177 1346 254 1395; x_wconf 75' lang='lat'>359.</span> <span class='ocrx_word' id='word_1_109' title='bbox 277 1346 410 1381; x_wconf 77' lang='lat' dir='ltr'>Animi.</span> <span class='ocrx_word' id='word_1_110' title='bbox 435 1345 525 1382; x_wconf 84' lang='lat' dir='ltr'>cod.</span> <span class='ocrx_word' id='word_1_111' title='bbox 549 1347 635 1393; x_wconf 88' lang='lat' dir='ltr'>Reg.</span> <span class='ocrx_word' id='word_1_112' title='bbox 662 1347 751 1382; x_wconf 89' lang='lat'>8000</span> <span class='ocrx_word' id='word_1_113' title='bbox 779 1354 814 1382; x_wconf 78' lang='lat' dir='ltr'>et</span> 
     </span>
     <span class='ocr_line' id='line_1_19' title="bbox 135 1397 816 1443; baseline -0.001 -9"><span class='ocrx_word' id='word_1_114' title='bbox 135 1399 219 1434; x_wconf 85' lang='grc' dir='ltr'>80οι</span> <span class='ocrx_word' id='word_1_115' title='bbox 227 1424 237 1443; x_wconf 83' lang='lat'>,</span> <span class='ocrx_word' id='word_1_116' title='bbox 245 1397 392 1435; x_wconf 71' lang='lat' dir='ltr'>Oboecti</span> <span class='ocrx_word' id='word_1_117' title='bbox 400 1398 525 1443; x_wconf 80' lang='lat' dir='ltr'>dictus,</span> <span class='ocrx_word' id='word_1_118' title='bbox 533 1399 664 1434; x_wconf 86' lang='lat' dir='ltr'>habent</span> <span class='ocrx_word' id='word_1_119' title='bbox 673 1403 816 1434; x_wconf 80' lang='lat' dir='ltr'>animus.</span> 
     </span>
     <span class='ocr_line' id='line_1_20' title="bbox 177 1452 816 1497; baseline -0.003 -9"><span class='ocrx_word' id='word_1_120' title='bbox 177 1453 252 1488; x_wconf 80' lang='grc'>360.</span> <span class='ocrx_word' id='word_1_121' title='bbox 273 1453 349 1497; x_wconf 78' lang='lat' dir='ltr'>Quo</span> <span class='ocrx_word' id='word_1_122' title='bbox 361 1454 558 1487; x_wconf 73' lang='lat' dir='ltr'>consolante</span> <span class='ocrx_word' id='word_1_123' title='bbox 568 1454 696 1487; x_wconf 80' lang='lat' dir='ltr'>doleres</span> <span class='ocrx_word' id='word_1_124' title='bbox 705 1455 725 1488; x_wconf 72' lang='grc' dir='ltr'><em>Ρ</em></span> <span class='ocrx_word' id='word_1_125' title='bbox 740 1452 816 1497; x_wconf 89' lang='lat' dir='ltr'>quis</span> 
     </span>
     <span class='ocr_line' id='line_1_21' title="bbox 133 1505 815 1552; baseline -0.003 -10"><span class='ocrx_word' id='word_1_126' title='bbox 133 1514 169 1542; x_wconf 73' lang='lat' dir='ltr'>te</span> <span class='ocrx_word' id='word_1_127' title='bbox 185 1506 366 1542; x_wconf 73' lang='lat' dir='ltr'>dolentem</span> <span class='ocrx_word' id='word_1_128' title='bbox 384 1505 621 1541; x_wconf 77' lang='lat' dir='ltr'>consolatione</span> <span class='ocrx_word' id='word_1_129' title='bbox 637 1506 815 1552; x_wconf 82' lang='lat' dir='ltr'>erigeret?</span> 
     </span>
     <span class='ocr_line' id='line_1_22' title="bbox 177 1556 817 1604; baseline 0 -11"><span class='ocrx_word' id='word_1_130' title='bbox 177 1558 254 1594; x_wconf 66' lang='grc' dir='ltr'>ὅθι.</span> <span class='ocrx_word' id='word_1_131' title='bbox 275 1559 392 1594; x_wconf 58' lang='lat' dir='ltr'>mlo.</span> <span class='ocrx_word' id='word_1_132' title='bbox 412 1556 527 1593; x_wconf 84' lang='lat' dir='ltr'>codd.</span> <span class='ocrx_word' id='word_1_133' title='bbox 551 1558 638 1604; x_wconf 80' lang='lat' dir='ltr'>Reg.</span> <span class='ocrx_word' id='word_1_134' title='bbox 663 1559 753 1593; x_wconf 87' lang='lat'>8000</span> <span class='ocrx_word' id='word_1_135' title='bbox 781 1565 817 1593; x_wconf 86' lang='lat' dir='ltr'>et</span> 
     </span>
     <span class='ocr_line' id='line_1_23' title="bbox 133 1609 817 1656; baseline 0 -12"><span class='ocrx_word' id='word_1_136' title='bbox 133 1612 216 1648; x_wconf 78' lang='lat'>8001</span> <span class='ocrx_word' id='word_1_137' title='bbox 231 1636 240 1654; x_wconf 88' lang='lat'><strong>‚</strong></span> <span class='ocrx_word' id='word_1_138' title='bbox 257 1622 402 1656; x_wconf 69' lang='lat' dir='ltr'>quoque.</span> <span class='ocrx_word' id='word_1_139' title='bbox 416 1609 510 1655; x_wconf 86' lang='lat' dir='ltr'>quod</span> <span class='ocrx_word' id='word_1_140' title='bbox 526 1609 740 1655; x_wconf 81' lang='lat' dir='ltr'>praetulerim</span> <span class='ocrx_word' id='word_1_141' title='bbox 753 1610 817 1644; x_wconf 85' lang='lat' dir='ltr'>etsi</span> 
     </span>
     <span class='ocr_line' id='line_1_24' title="bbox 122 1662 817 1715; baseline -0.001 -17"><span class='ocrx_word' id='word_1_142' title='bbox 122 1664 224 1699; x_wconf 25' lang='lat' dir='ltr'>*infra</span> <span class='ocrx_word' id='word_1_143' title='bbox 236 1670 438 1710; x_wconf 58' lang='lat' dir='ltr'>impetatur,-</span> <span class='ocrx_word' id='word_1_144' title='bbox 450 1674 536 1698; x_wconf 85' lang='lat' dir='ltr'>nam</span> <span class='ocrx_word' id='word_1_145' title='bbox 554 1662 616 1698; x_wconf 79' lang='lat' dir='ltr'>has</span> <span class='ocrx_word' id='word_1_146' title='bbox 626 1676 708 1709; x_wconf 87' lang='lat' dir='ltr'>repe</span> <span class='ocrx_word' id='word_1_147' title='bbox 714 1663 817 1715; x_wconf 74' lang='lat' dir='ltr'>titio—</span> 
     </span>
     <span class='ocr_line' id='line_1_25' title="bbox 131 1716 823 1752; baseline -0.004 0"><span class='ocrx_word' id='word_1_148' title='bbox 131 1726 196 1752; x_wconf 62' lang='grc' dir='ltr'>ια</span> <span class='ocrx_word' id='word_1_149' title='bbox 205 1716 395 1752; x_wconf 78' lang='lat' dir='ltr'>verborum</span> <span class='ocrx_word' id='word_1_150' title='bbox 401 1722 497 1751; x_wconf 78' lang='lat' dir='ltr'>amat</span> <span class='ocrx_word' id='word_1_151' title='bbox 504 1716 642 1751; x_wconf 80' lang='lat' dir='ltr'>Noster.</span> <span class='ocrx_word' id='word_1_152' title='bbox 653 1717 720 1750; x_wconf 90' lang='lat' dir='ltr'>Ed.</span> <span class='ocrx_word' id='word_1_153' title='bbox 729 1734 775 1741; x_wconf 89' lang='lat'>—</span> <span class='ocrx_word' id='word_1_154' title='bbox 782 1716 823 1750; x_wconf 83' lang='lat' dir='ltr'>Si</span> 
     </span>
     <span class='ocr_line' id='line_1_26' title="bbox 131 1770 817 1816; baseline -0.001 -10"><span class='ocrx_word' id='word_1_155' title='bbox 131 1775 167 1807; x_wconf 73' lang='lat' dir='ltr'>te</span> <span class='ocrx_word' id='word_1_156' title='bbox 174 1775 299 1816; x_wconf 58' lang='lat' dir='ltr'>ymnus</span> <span class='ocrx_word' id='word_1_157' title='bbox 311 1772 456 1806; x_wconf 66' lang='lat' dir='ltr'>haberet.</span> <span class='ocrx_word' id='word_1_158' title='bbox 471 1771 524 1805; x_wconf 70' lang='lat' dir='ltr'>Ek</span> <span class='ocrx_word' id='word_1_159' title='bbox 534 1770 632 1816; x_wconf 84' lang='lat' dir='ltr'>Virg.</span> <span class='ocrx_word' id='word_1_160' title='bbox 647 1770 731 1804; x_wconf 84' lang='lat' dir='ltr'>AEn.</span> <span class='ocrx_word' id='word_1_161' title='bbox 742 1770 798 1805; x_wconf 86' lang='lat' dir='ltr'>VI</span> <span class='ocrx_word' id='word_1_162' title='bbox 807 1797 817 1814; x_wconf 93' lang='lat'>,</span> 
     </span>
     <span class='ocr_line' id='line_1_27' title="bbox 133 1823 817 1870; baseline -0.003 -11"><span class='ocrx_word' id='word_1_163' title='bbox 133 1824 198 1859; x_wconf 73' lang='lat'>362</span> <span class='ocrx_word' id='word_1_164' title='bbox 209 1851 219 1868; x_wconf 85' lang='lat'>,</span> <span class='ocrx_word' id='word_1_165' title='bbox 237 1836 327 1860; x_wconf 66' lang='lat' dir='ltr'>nnnc</span> <span class='ocrx_word' id='word_1_166' title='bbox 341 1826 530 1870; x_wconf 67' lang='lat' dir='ltr'>mefiuctus</span> <span class='ocrx_word' id='word_1_167' title='bbox 546 1825 655 1858; x_wconf 70' lang='lat' dir='ltr'>habet.</span> <span class='ocrx_word' id='word_1_168' title='bbox 679 1823 817 1870; x_wconf 85' lang='lat' dir='ltr'>Nempe</span> 
     </span>
     <span class='ocr_line' id='line_1_28' title="bbox 129 1875 820 1922; baseline -0.004 -10"><span class='ocrx_word' id='word_1_169' title='bbox 129 1876 230 1912; x_wconf 38' lang='lat' dir='ltr'>‘locus</span> <span class='ocrx_word' id='word_1_170' title='bbox 259 1879 363 1912; x_wconf 73' lang='lat' dir='ltr'>babet</span> <span class='ocrx_word' id='word_1_171' title='bbox 384 1888 467 1911; x_wconf 88' lang='lat' dir='ltr'>eum</span> <span class='ocrx_word' id='word_1_172' title='bbox 491 1875 552 1922; x_wconf 90' lang='lat' dir='ltr'>qui</span> <span class='ocrx_word' id='word_1_173' title='bbox 582 1875 629 1910; x_wconf 91' lang='lat' dir='ltr'>ibi</span> <span class='ocrx_word' id='word_1_174' title='bbox 656 1881 820 1910; x_wconf 79' lang='lat' dir='ltr'>mortuus</span> 
     </span>
     <span class='ocr_line' id='line_1_29' title="bbox 124 1929 819 1977; baseline -0.004 -11"><span class='ocrx_word' id='word_1_175' title='bbox 124 1931 226 1977; x_wconf 70' lang='lat' dir='ltr'>&#39;juret</span> <span class='ocrx_word' id='word_1_176' title='bbox 236 1937 298 1966; x_wconf 71' lang='lat' dir='ltr'>aut</span> <span class='ocrx_word' id='word_1_177' title='bbox 308 1937 415 1966; x_wconf 74' lang='lat' dir='ltr'>natat.</span> <span class='ocrx_word' id='word_1_178' title='bbox 432 1929 616 1965; x_wconf 81' lang='lat' dir='ltr'>Claudian.</span> <span class='ocrx_word' id='word_1_179' title='bbox 631 1930 738 1972; x_wconf 83' lang='lat' dir='ltr'><strong>VIII,</strong></span> <span class='ocrx_word' id='word_1_180' title='bbox 758 1930 819 1977; x_wconf 75' lang='lat'>93:</span> 
     </span>
     <span class='ocr_line' id='line_1_30' title="bbox 137 1982 818 2028; baseline -0.004 -10"><span class='ocrx_word' id='word_1_181' title='bbox 137 1984 241 2018; x_wconf 75' lang='lat' dir='ltr'>Hunc</span> <span class='ocrx_word' id='word_1_182' title='bbox 251 1983 370 2028; x_wconf 82' lang='lat' dir='ltr'>Alpes,</span> <span class='ocrx_word' id='word_1_183' title='bbox 387 1985 476 2018; x_wconf 80' lang='lat' dir='ltr'>hunc</span> <span class='ocrx_word' id='word_1_184' title='bbox 479 1987 605 2027; x_wconf 78' lang='lat' dir='ltr'>pontus</span> <span class='ocrx_word' id='word_1_185' title='bbox 613 1984 725 2016; x_wconf 77' lang='lat' dir='ltr'>habet.</span> <span class='ocrx_word' id='word_1_186' title='bbox 743 1982 818 2016; x_wconf 89' lang='lat' dir='ltr'>Ho-</span> 
     </span>
     <span class='ocr_line' id='line_1_31' title="bbox 138 2033 559 2078; baseline 0 -10"><span class='ocrx_word' id='word_1_187' title='bbox 138 2040 203 2068; x_wconf 69' lang='lat' dir='ltr'>me.</span> <span class='ocrx_word' id='word_1_188' title='bbox 219 2034 236 2069; x_wconf 92' lang='lat'>1</span> <span class='ocrx_word' id='word_1_189' title='bbox 249 2060 258 2078; x_wconf 93' lang='lat'>,</span> <span class='ocrx_word' id='word_1_190' title='bbox 276 2033 349 2069; x_wconf 82' lang='lat' dir='ltr'>od.</span> <span class='ocrx_word' id='word_1_191' title='bbox 365 2044 486 2070; x_wconf 74' lang='lat' dir='ltr'>xxvm</span> <span class='ocrx_word' id='word_1_192' title='bbox 499 2061 508 2078; x_wconf 96' lang='lat'><em>,</em></span> <span class='ocrx_word' id='word_1_193' title='bbox 529 2048 559 2069; x_wconf 62' lang='grc' dir='ltr'>η.</span> 
     </span>
     <span class='ocr_line' id='line_1_32' title="bbox 126 2085 821 2132; baseline 0.001 -13"><span class='ocrx_word' id='word_1_194' title='bbox 126 2106 129 2109; x_wconf 93' lang='grc'><strong>-</strong></span> <span class='ocrx_word' id='word_1_195' title='bbox 182 2085 258 2119; x_wconf 79' lang='grc'>363.</span> <span class='ocrx_word' id='word_1_196' title='bbox 286 2087 318 2120; x_wconf 91' lang='lat'>0</span> <span class='ocrx_word' id='word_1_197' title='bbox 340 2089 469 2121; x_wconf 78' lang='lat' dir='ltr'>utinam</span> <span class='ocrx_word' id='word_1_198' title='bbox 485 2093 550 2121; x_wconf 79' lang='lat' dir='ltr'>etc.</span> <span class='ocrx_word' id='word_1_199' title='bbox 577 2087 714 2120; x_wconf 86' lang='lat' dir='ltr'>Votum</span> <span class='ocrx_word' id='word_1_200' title='bbox 732 2098 821 2132; x_wconf 87' lang='lat' dir='ltr'>per—</span> 
     </span>
     <span class='ocr_line' id='line_1_33' title="bbox 141 2137 822 2184; baseline 0.001 -12"><span class='ocrx_word' id='word_1_201' title='bbox 141 2148 247 2182; x_wconf 85' lang='lat' dir='ltr'>quam</span> <span class='ocrx_word' id='word_1_202' title='bbox 263 2144 384 2184; x_wconf 82' lang='lat' dir='ltr'>aptum</span> <span class='ocrx_word' id='word_1_203' title='bbox 404 2137 484 2173; x_wconf 88' lang='lat' dir='ltr'>huic</span> <span class='ocrx_word' id='word_1_204' title='bbox 500 2138 559 2172; x_wconf 80' lang='lat' dir='ltr'>tali</span> <span class='ocrx_word' id='word_1_205' title='bbox 577 2138 727 2184; x_wconf 82' lang='lat' dir='ltr'>tempori</span> <span class='ocrx_word' id='word_1_206' title='bbox 742 2165 751 2182; x_wconf 95' lang='lat'>,</span> <span class='ocrx_word' id='word_1_207' title='bbox 769 2145 822 2173; x_wconf 86' lang='lat' dir='ltr'>at-</span> 
     </span>
     <span class='ocr_line' id='line_1_34' title="bbox 138 2189 823 2236; baseline -0.001 -11"><span class='ocrx_word' id='word_1_208' title='bbox 138 2200 210 2236; x_wconf 70' lang='lat' dir='ltr'>que</span> <span class='ocrx_word' id='word_1_209' title='bbox 234 2189 440 2225; x_wconf 75' lang='lat' dir='ltr'>Promethei</span> <span class='ocrx_word' id='word_1_210' title='bbox 465 2189 537 2224; x_wconf 83' lang='lat' dir='ltr'>filio</span> <span class='ocrx_word' id='word_1_211' title='bbox 564 2190 757 2236; x_wconf 86' lang='lat' dir='ltr'>proprium.</span> <span class='ocrx_word' id='word_1_212' title='bbox 778 2208 823 2216; x_wconf 91' lang='lat'>·—-</span> 
     </span>
     <span class='ocr_line' id='line_1_35' title="bbox 139 2240 822 2286; baseline -0.003 -8"><span class='ocrx_word' id='word_1_213' title='bbox 139 2243 284 2278; x_wconf 70' lang='lat' dir='ltr'>Posmn.</span> <span class='ocrx_word' id='word_1_214' title='bbox 298 2240 414 2276; x_wconf 81' lang='lat' dir='ltr'>codd.</span> <span class='ocrx_word' id='word_1_215' title='bbox 430 2242 540 2277; x_wconf 69' lang='lat' dir='ltr'>nostri</span> <span class='ocrx_word' id='word_1_216' title='bbox 545 2254 692 2286; x_wconf 83' lang='lat' dir='ltr'>possem.</span> <span class='ocrx_word' id='word_1_217' title='bbox 703 2260 746 2268; x_wconf 95' lang='lat'>--</span> <span class='ocrx_word' id='word_1_218' title='bbox 757 2243 822 2276; x_wconf 76' lang='lat' dir='ltr'>Re-</span> 
     </span>
     <span class='ocr_line' id='line_1_36' title="bbox 134 2292 824 2340; baseline 0 -11"><span class='ocrx_word' id='word_1_219' title='bbox 134 2304 268 2340; x_wconf 77' lang='lat' dir='ltr'>parare.</span> <span class='ocrx_word' id='word_1_220' title='bbox 282 2292 522 2337; x_wconf 76' lang='lat' dir='ltr'>Aliiformre‚</span> <span class='ocrx_word' id='word_1_221' title='bbox 545 2304 708 2334; x_wconf 63' lang='lat' dir='ltr'>recreare,</span> <span class='ocrx_word' id='word_1_222' title='bbox 726 2307 824 2329; x_wconf 87' lang='lat' dir='ltr'>reno-</span> 
     </span>
     <span class='ocr_line' id='line_1_37' title="bbox 140 2348 822 2395; baseline -0.004 -9"><span class='ocrx_word' id='word_1_223' title='bbox 140 2360 238 2392; x_wconf 62' lang='lat' dir='ltr'>vata-‚⁹</span> <span class='ocrx_word' id='word_1_224' title='bbox 255 2361 335 2395; x_wconf 73' lang='lat' dir='ltr'>que</span> <span class='ocrx_word' id='word_1_225' title='bbox 350 2349 474 2383; x_wconf 87' lang='lat' dir='ltr'>Burm.</span> <span class='ocrx_word' id='word_1_226' title='bbox 491 2348 610 2382; x_wconf 83' lang='lat' dir='ltr'>omnia</span> <span class='ocrx_word' id='word_1_227' title='bbox 627 2361 646 2382; x_wconf 80' lang='lat' dir='ltr'>a</span> <span class='ocrx_word' id='word_1_228' title='bbox 663 2349 822 2394; x_wconf 84' lang='lat' dir='ltr'>glossato-</span> 
     </span>
     <span class='ocr_line' id='line_1_38' title="bbox 139 2400 823 2445; baseline -0.003 -8"><span class='ocrx_word' id='word_1_229' title='bbox 139 2402 335 2437; x_wconf 69' lang='lat' dir='ltr'>ribusnata</span> <span class='ocrx_word' id='word_1_230' title='bbox 349 2400 531 2436; x_wconf 81' lang='lat' dir='ltr'>existimat.</span> <span class='ocrx_word' id='word_1_231' title='bbox 548 2419 592 2427; x_wconf 91' lang='lat'>—-·</span> <span class='ocrx_word' id='word_1_232' title='bbox 612 2401 710 2435; x_wconf 85' lang='lat' dir='ltr'>Bene</span> <span class='ocrx_word' id='word_1_233' title='bbox 724 2413 823 2445; x_wconf 81' lang='lat' dir='ltr'>repa-</span> 
     </span>
     <span class='ocr_line' id='line_1_39' title="bbox 140 2452 824 2490; baseline -0.001 -1"><span class='ocrx_word' id='word_1_234' title='bbox 140 2468 215 2490; x_wconf 80' lang='lat' dir='ltr'>rare</span> <span class='ocrx_word' id='word_1_235' title='bbox 225 2467 266 2488; x_wconf 77' lang='lat' dir='ltr'>ex</span> <span class='ocrx_word' id='word_1_236' title='bbox 279 2454 415 2489; x_wconf 66' lang='lat' dir='ltr'>Nostris</span> <span class='ocrx_word' id='word_1_237' title='bbox 431 2452 548 2489; x_wconf 83' lang='lat' dir='ltr'>Codd.</span> <span class='ocrx_word' id='word_1_238' title='bbox 560 2453 639 2488; x_wconf 86' lang='lat' dir='ltr'>RR.</span> <span class='ocrx_word' id='word_1_239' title='bbox 650 2455 824 2489; x_wconf 67' lang='lat' dir='ltr'>—Pater-</span> 
     </span>
     <span class='ocr_line' id='line_1_40' title="bbox 140 2504 821 2551; baseline -0.001 -10"><span class='ocrx_word' id='word_1_240' title='bbox 140 2509 205 2541; x_wconf 81' lang='lat' dir='ltr'>m‘s.</span> <span class='ocrx_word' id='word_1_241' title='bbox 216 2504 466 2549; x_wconf 78' lang='lat' dir='ltr'>Prometheus,</span> <span class='ocrx_word' id='word_1_242' title='bbox 475 2505 699 2540; x_wconf 81' lang='lat' dir='ltr'>Deucalionis</span> <span class='ocrx_word' id='word_1_243' title='bbox 705 2512 804 2551; x_wconf 87' lang='lat' dir='ltr'>pater</span> <span class='ocrx_word' id='word_1_244' title='bbox 812 2532 821 2549; x_wconf 94' lang='lat'>,</span> 
     </span>
     <span class='ocr_line' id='line_1_41' title="bbox 142 2558 824 2606; baseline -0.001 -12"><span class='ocrx_word' id='word_1_245' title='bbox 142 2559 270 2594; x_wconf 81' lang='lat' dir='ltr'>dicitur</span> <span class='ocrx_word' id='word_1_246' title='bbox 295 2558 484 2593; x_wconf 77' lang='lat' dir='ltr'>hominum</span> <span class='ocrx_word' id='word_1_247' title='bbox 511 2558 680 2606; x_wconf 79' lang='lat' dir='ltr'>imagines</span> <span class='ocrx_word' id='word_1_248' title='bbox 707 2572 725 2594; x_wconf 90' lang='lat' dir='ltr'>e</span> <span class='ocrx_word' id='word_1_249' title='bbox 750 2559 824 2593; x_wconf 81' lang='lat' dir='ltr'>luto</span> 
     </span>
     <span class='ocr_line' id='line_1_42' title="bbox 142 2610 824 2656; baseline -0.003 -10"><span class='ocrx_word' id='word_1_250' title='bbox 142 2610 280 2646; x_wconf 78' lang='lat' dir='ltr'>finxisse</span> <span class='ocrx_word' id='word_1_251' title='bbox 294 2637 303 2654; x_wconf 93' lang='lat'>,</span> <span class='ocrx_word' id='word_1_252' title='bbox 322 2617 425 2655; x_wconf 84' lang='lat' dir='ltr'>atque</span> <span class='ocrx_word' id='word_1_253' title='bbox 438 2610 498 2644; x_wconf 80' lang='lat' dir='ltr'>has</span> <span class='ocrx_word' id='word_1_254' title='bbox 509 2611 588 2656; x_wconf 81' lang='lat' dir='ltr'>igne</span> <span class='ocrx_word' id='word_1_255' title='bbox 603 2610 733 2645; x_wconf 78' lang='lat' dir='ltr'>caelitus</span> <span class='ocrx_word' id='word_1_256' title='bbox 746 2623 824 2645; x_wconf 85' lang='lat' dir='ltr'>sur-</span> 
     </span>
     <span class='ocr_line' id='line_1_43' title="bbox 143 2661 826 2710; baseline -0.004 -12"><span class='ocrx_word' id='word_1_257' title='bbox 143 2670 245 2710; x_wconf 82' lang='lat' dir='ltr'>repto</span> <span class='ocrx_word' id='word_1_258' title='bbox 264 2663 454 2703; x_wconf 52' lang='lat' dir='ltr'>animatam</span> <span class='ocrx_word' id='word_1_259' title='bbox 470 2662 525 2696; x_wconf 79' lang='lat' dir='ltr'>vel</span> <span class='ocrx_word' id='word_1_260' title='bbox 543 2662 624 2706; x_wconf 83' lang='lat' dir='ltr'>quia</span> <span class='ocrx_word' id='word_1_261' title='bbox 637 2661 742 2696; x_wconf 87' lang='lat' dir='ltr'>rudes</span> <span class='ocrx_word' id='word_1_262' title='bbox 760 2662 826 2696; x_wconf 89' lang='lat' dir='ltr'>ho—</span> 
     </span>
     <span class='ocr_line' id='line_1_44' title="bbox 133 2713 824 2754; baseline -0.007 -3"><span class='ocrx_word' id='word_1_263' title='bbox 133 2716 258 2751; x_wconf 28' lang='lat' dir='ltr'>&#39;mines</span> <span class='ocrx_word' id='word_1_264' title='bbox 284 2714 325 2750; x_wconf 86' lang='lat' dir='ltr'>ad</span> <span class='ocrx_word' id='word_1_265' title='bbox 348 2714 486 2751; x_wconf 85' lang='lat' dir='ltr'>civilem</span> <span class='ocrx_word' id='word_1_266' title='bbox 503 2714 611 2748; x_wconf 81' lang='lat' dir='ltr'>vitam</span> <span class='ocrx_word' id='word_1_267' title='bbox 630 2713 824 2754; x_wconf 85' lang='lat' dir='ltr'>revocarit;</span> 
     </span>
     <span class='ocr_line' id='line_1_45' title="bbox 147 2767 827 2815; baseline -0.004 -11"><span class='ocrx_word' id='word_1_268' title='bbox 147 2782 192 2804; x_wconf 79' lang='lat' dir='ltr'>an</span> <span class='ocrx_word' id='word_1_269' title='bbox 218 2769 313 2815; x_wconf 78' lang='lat' dir='ltr'>quod</span> <span class='ocrx_word' id='word_1_270' title='bbox 344 2768 478 2815; x_wconf 85' lang='lat' dir='ltr'>primus</span> <span class='ocrx_word' id='word_1_271' title='bbox 508 2775 620 2803; x_wconf 81' lang='lat' dir='ltr'>artem</span> <span class='ocrx_word' id='word_1_272' title='bbox 650 2767 827 2804; x_wconf 79' lang='lat' dir='ltr'>invenerit</span> 
     </span>
    </p>
   </div>
   <div class='ocr_carea' id='block_1_15' title="bbox 1495 1208 1561 1253">
    <p class='ocr_par' dir='ltr' id='par_1_16' title="bbox 1495 1208 1561 1253">
     <span class='ocr_line' id='line_1_46' title="bbox 1495 1208 1561 1253; baseline 0 -11"><span class='ocrx_word' id='word_1_273' title='bbox 1495 1208 1561 1253; x_wconf 85' lang='lat'>370</span> 
     </span>
    </p>
   </div>
   <div class='ocr_carea' id='block_1_16' title="bbox 879 1344 1574 2445">
    <p class='ocr_par' dir='ltr' id='par_1_17' title="bbox 880 1344 1562 1391">
     <span class='ocr_line' id='line_1_47' title="bbox 880 1344 1562 1391; baseline -0.004 -9"><span class='ocrx_word' id='word_1_274' title='bbox 880 1353 1008 1382; x_wconf 87' lang='lat' dir='ltr'>statuas</span> <span class='ocrx_word' id='word_1_275' title='bbox 1030 1353 1065 1381; x_wconf 84' lang='lat' dir='ltr'>et</span> <span class='ocrx_word' id='word_1_276' title='bbox 1089 1345 1270 1382; x_wconf 87' lang='lat' dir='ltr'>simulacra</span> <span class='ocrx_word' id='word_1_277' title='bbox 1297 1344 1465 1391; x_wconf 85' lang='lat' dir='ltr'>fingendi.</span> <span class='ocrx_word' id='word_1_278' title='bbox 1496 1345 1562 1379; x_wconf 86' lang='lat' dir='ltr'>Ed.</span> 
     </span>
    </p>

    <p class='ocr_par' dir='ltr' id='par_1_18' title="bbox 885 1396 1563 1497">
     <span class='ocr_line' id='line_1_48' title="bbox 926 1396 1563 1444; baseline -0.003 -11"><span class='ocrx_word' id='word_1_279' title='bbox 926 1399 1001 1443; x_wconf 77' lang='grc'><strong>364.</strong></span> <span class='ocrx_word' id='word_1_280' title='bbox 1021 1397 1209 1442; x_wconf 81' lang='lat' dir='ltr'>Infundere.</span> <span class='ocrx_word' id='word_1_281' title='bbox 1221 1399 1320 1444; x_wconf 84' lang='lat' dir='ltr'>Virg.</span> <span class='ocrx_word' id='word_1_282' title='bbox 1331 1397 1473 1432; x_wconf 84' lang='lat' dir='ltr'>AEneid.</span> <span class='ocrx_word' id='word_1_283' title='bbox 1486 1396 1540 1431; x_wconf 86' lang='lat' dir='ltr'>VI</span> <span class='ocrx_word' id='word_1_284' title='bbox 1553 1423 1563 1439; x_wconf 91' lang='lat'>,</span> 
     </span>
     <span class='ocr_line' id='line_1_49' title="bbox 885 1451 1411 1497; baseline 0 -13"><span class='ocrx_word' id='word_1_285' title='bbox 885 1451 948 1497; x_wconf 81' lang='lat'>276</span> <span class='ocrx_word' id='word_1_286' title='bbox 960 1476 970 1494; x_wconf 89' lang='lat'>,</span> <span class='ocrx_word' id='word_1_287' title='bbox 987 1451 1104 1494; x_wconf 84' lang='lat' dir='ltr'>infusa</span> <span class='ocrx_word' id='word_1_288' title='bbox 1114 1464 1180 1495; x_wconf 81' lang='lat' dir='ltr'>per</span> <span class='ocrx_word' id='word_1_289' title='bbox 1191 1455 1286 1486; x_wconf 83' lang='lat' dir='ltr'>artus</span> <span class='ocrx_word' id='word_1_290' title='bbox 1302 1452 1411 1484; x_wconf 81' lang='lat' dir='ltr'>M&#39;ens.</span> 
     </span>
    </p>

    <p class='ocr_par' dir='ltr' id='par_1_19' title="bbox 882 1502 1565 1656">
     <span class='ocr_line' id='line_1_50' title="bbox 927 1502 1565 1549; baseline 0 -13"><span class='ocrx_word' id='word_1_291' title='bbox 927 1502 1001 1537; x_wconf 82' lang='lat'>366.</span> <span class='ocrx_word' id='word_1_292' title='bbox 1010 1504 1067 1538; x_wconf 85' lang='lat' dir='ltr'>Sic</span> <span class='ocrx_word' id='word_1_293' title='bbox 1074 1507 1180 1538; x_wconf 77' lang='lat' dir='ltr'>visum</span> <span class='ocrx_word' id='word_1_294' title='bbox 1192 1505 1336 1548; x_wconf 80' lang='lat' dir='ltr'>Superis,</span> <span class='ocrx_word' id='word_1_295' title='bbox 1349 1503 1499 1549; x_wconf 78' lang='lat' dir='ltr'>gemitus</span> <span class='ocrx_word' id='word_1_296' title='bbox 1510 1514 1565 1537; x_wconf 87' lang='lat' dir='ltr'>so-</span> 
     </span>
     <span class='ocr_line' id='line_1_51' title="bbox 882 1555 1563 1600; baseline -0.001 -10"><span class='ocrx_word' id='word_1_297' title='bbox 882 1555 1008 1591; x_wconf 81' lang='lat' dir='ltr'>lemnis</span> <span class='ocrx_word' id='word_1_298' title='bbox 1017 1556 1054 1590; x_wconf 89' lang='lat' dir='ltr'>in</span> <span class='ocrx_word' id='word_1_299' title='bbox 1064 1557 1170 1592; x_wconf 88' lang='lat' dir='ltr'>rebus</span> <span class='ocrx_word' id='word_1_300' title='bbox 1179 1556 1563 1600; x_wconf 57' lang='lat' dir='ltr'>adversis—Exempla,</span> 
     </span>
     <span class='ocr_line' id='line_1_52' title="bbox 883 1608 1390 1656; baseline -0.004 -11"><span class='ocrx_word' id='word_1_301' title='bbox 883 1610 990 1656; x_wconf 73' lang='lat' dir='ltr'>copiae</span> <span class='ocrx_word' id='word_1_302' title='bbox 1003 1636 1012 1654; x_wconf 88' lang='lat'>,</span> <span class='ocrx_word' id='word_1_303' title='bbox 1030 1616 1068 1644; x_wconf 81' lang='lat' dir='ltr'>ut</span> <span class='ocrx_word' id='word_1_304' title='bbox 1085 1610 1190 1655; x_wconf 85' lang='lat' dir='ltr'>vulgo</span> <span class='ocrx_word' id='word_1_305' title='bbox 1205 1609 1362 1644; x_wconf 88' lang='lat' dir='ltr'>dicimus.</span> <span class='ocrx_word' id='word_1_306' title='bbox 1387 1608 1390 1613; x_wconf 91' lang='grc'><strong><em>’</em></strong></span> 
     </span>
    </p>

    <p class='ocr_par' dir='ltr' id='par_1_20' title="bbox 880 1661 1569 2022">
     <span class='ocr_line' id='line_1_53' title="bbox 927 1661 1567 1708; baseline 0 -12"><span class='ocrx_word' id='word_1_307' title='bbox 927 1662 1002 1708; x_wconf 85' lang='lat'>367.</span> <span class='ocrx_word' id='word_1_308' title='bbox 1028 1665 1180 1697; x_wconf 61' lang='lat' dir='ltr'>Fra-bant.</span> <span class='ocrx_word' id='word_1_309' title='bbox 1203 1661 1285 1697; x_wconf 88' lang='lat' dir='ltr'>Hoc</span> <span class='ocrx_word' id='word_1_310' title='bbox 1299 1674 1412 1696; x_wconf 88' lang='lat' dir='ltr'>unum</span> <span class='ocrx_word' id='word_1_311' title='bbox 1430 1667 1567 1707; x_wconf 79' lang='lat' dir='ltr'>poterat</span> 
     </span>
     <span class='ocr_line' id='line_1_54' title="bbox 884 1714 1568 1763; baseline -0.004 -13"><span class='ocrx_word' id='word_1_312' title='bbox 884 1714 1023 1763; x_wconf 80' lang='lat' dir='ltr'>Pyrrha</span> <span class='ocrx_word' id='word_1_313' title='bbox 1032 1714 1172 1749; x_wconf 85' lang='lat' dir='ltr'>mulier.</span> <span class='ocrx_word' id='word_1_314' title='bbox 1185 1714 1325 1750; x_wconf 87' lang='lat' dir='ltr'>Miseris</span> <span class='ocrx_word' id='word_1_315' title='bbox 1336 1715 1481 1749; x_wconf 88' lang='lat' dir='ltr'>unicum</span> <span class='ocrx_word' id='word_1_316' title='bbox 1493 1727 1568 1759; x_wconf 87' lang='lat' dir='ltr'>per-</span> 
     </span>
     <span class='ocr_line' id='line_1_55' title="bbox 880 1765 1567 1812; baseline -0.001 -12"><span class='ocrx_word' id='word_1_317' title='bbox 880 1767 1215 1812; x_wconf 80' lang='lat' dir='ltr'>sugium.··—Coelesle</span> <span class='ocrx_word' id='word_1_318' title='bbox 1221 1780 1350 1801; x_wconf 82' lang='lat' dir='ltr'>numen.</span> <span class='ocrx_word' id='word_1_319' title='bbox 1357 1765 1430 1801; x_wconf 88' lang='lat' dir='ltr'>Sed</span> <span class='ocrx_word' id='word_1_320' title='bbox 1440 1765 1513 1800; x_wconf 88' lang='lat' dir='ltr'>haec</span> <span class='ocrx_word' id='word_1_321' title='bbox 1523 1765 1567 1799; x_wconf 89' lang='lat' dir='ltr'>de</span> 
     </span>
     <span class='ocr_line' id='line_1_56' title="bbox 885 1816 1569 1863; baseline -0.003 -11"><span class='ocrx_word' id='word_1_322' title='bbox 885 1817 1070 1853; x_wconf 83' lang='lat' dir='ltr'>Themidis</span> <span class='ocrx_word' id='word_1_323' title='bbox 1087 1818 1229 1853; x_wconf 80' lang='lat' dir='ltr'>oraculo</span> <span class='ocrx_word' id='word_1_324' title='bbox 1246 1818 1406 1853; x_wconf 81' lang='lat' dir='ltr'>consulto</span> <span class='ocrx_word' id='word_1_325' title='bbox 1427 1816 1569 1863; x_wconf 81' lang='lat' dir='ltr'>propria</span> 
     </span>
     <span class='ocr_line' id='line_1_57' title="bbox 884 1869 1567 1916; baseline -0.004 -10"><span class='ocrx_word' id='word_1_326' title='bbox 884 1871 1016 1907; x_wconf 82' lang='lat' dir='ltr'>Nostro</span> <span class='ocrx_word' id='word_1_327' title='bbox 1032 1878 1125 1905; x_wconf 82' lang='lat' dir='ltr'>sunt.</span> <span class='ocrx_word' id='word_1_328' title='bbox 1144 1870 1249 1916; x_wconf 84' lang='lat' dir='ltr'>Apud</span> <span class='ocrx_word' id='word_1_329' title='bbox 1264 1869 1426 1915; x_wconf 87' lang='lat' dir='ltr'>Apollod.</span> <span class='ocrx_word' id='word_1_330' title='bbox 1446 1883 1464 1903; x_wconf 93' lang='lat' dir='ltr'>a</span> <span class='ocrx_word' id='word_1_331' title='bbox 1477 1869 1567 1903; x_wconf 86' lang='lat' dir='ltr'>Jove</span> 
     </span>
     <span class='ocr_line' id='line_1_58' title="bbox 883 1922 1568 1971; baseline -0.003 -12"><span class='ocrx_word' id='word_1_332' title='bbox 883 1923 1040 1971; x_wconf 81' lang='lat' dir='ltr'>Phyxio,</span> <span class='ocrx_word' id='word_1_333' title='bbox 1059 1924 1114 1958; x_wconf 82' lang='lat' dir='ltr'>cui</span> <span class='ocrx_word' id='word_1_334' title='bbox 1131 1936 1226 1958; x_wconf 86' lang='lat' dir='ltr'>sacra</span> <span class='ocrx_word' id='word_1_335' title='bbox 1242 1924 1399 1958; x_wconf 78' lang='lat' dir='ltr'>fecerant</span> <span class='ocrx_word' id='word_1_336' title='bbox 1410 1950 1418 1963; x_wconf 95' lang='lat'><em>,</em></span> <span class='ocrx_word' id='word_1_337' title='bbox 1438 1922 1568 1968; x_wconf 87' lang='lat' dir='ltr'>lapides</span> 
     </span>
     <span class='ocr_line' id='line_1_59' title="bbox 884 1975 1568 2022; baseline -0.003 -11"><span class='ocrx_word' id='word_1_338' title='bbox 884 1977 999 2022; x_wconf 82' lang='lat' dir='ltr'>jacere</span> <span class='ocrx_word' id='word_1_339' title='bbox 1008 1976 1187 2021; x_wconf 80' lang='lat' dir='ltr'>jubentur.</span> <span class='ocrx_word' id='word_1_340' title='bbox 1195 1975 1365 2010; x_wconf 82' lang='lat' dir='ltr'>Similiter</span> <span class='ocrx_word' id='word_1_341' title='bbox 1373 1987 1425 2021; x_wconf 87' lang='lat' dir='ltr'>ap.</span> <span class='ocrx_word' id='word_1_342' title='bbox 1434 1975 1568 2021; x_wconf 85' lang='lat' dir='ltr'>Hygin.</span> 
     </span>
    </p>

    <p class='ocr_par' dir='ltr' id='par_1_21' title="bbox 885 2030 1570 2232">
     <span class='ocr_line' id='line_1_60' title="bbox 930 2030 1569 2075; baseline 0.002 -11"><span class='ocrx_word' id='word_1_343' title='bbox 930 2030 1005 2064; x_wconf 79' lang='lat'>368.</span> <span class='ocrx_word' id='word_1_344' title='bbox 1020 2032 1087 2064; x_wconf 77' lang='lat' dir='ltr'>Per</span> <span class='ocrx_word' id='word_1_345' title='bbox 1095 2043 1215 2064; x_wconf 82' lang='lat' dir='ltr'>sacras</span> <span class='ocrx_word' id='word_1_346' title='bbox 1227 2034 1351 2070; x_wconf 50' lang='lat' dir='ltr'>sor-ten</span> <span class='ocrx_word' id='word_1_347' title='bbox 1370 2040 1434 2075; x_wconf 76' lang='lat' dir='ltr'>per</span> <span class='ocrx_word' id='word_1_348' title='bbox 1450 2041 1569 2065; x_wconf 85' lang='lat' dir='ltr'>oracu-</span> 
     </span>
     <span class='ocr_line' id='line_1_61' title="bbox 885 2081 1567 2128; baseline -0.001 -11"><span class='ocrx_word' id='word_1_349' title='bbox 885 2081 971 2116; x_wconf 90' lang='lat' dir='ltr'>lum.</span> <span class='ocrx_word' id='word_1_350' title='bbox 989 2082 1141 2117; x_wconf 82' lang='lat' dir='ltr'>Oracula</span> <span class='ocrx_word' id='word_1_351' title='bbox 1155 2083 1251 2117; x_wconf 87' lang='lat' dir='ltr'>enim</span> <span class='ocrx_word' id='word_1_352' title='bbox 1267 2082 1352 2117; x_wconf 89' lang='lat' dir='ltr'>olim</span> <span class='ocrx_word' id='word_1_353' title='bbox 1369 2094 1433 2128; x_wconf 89' lang='lat' dir='ltr'>per</span> <span class='ocrx_word' id='word_1_354' title='bbox 1443 2086 1567 2123; x_wconf 82' lang='lat' dir='ltr'>sortes,</span> 
     </span>
     <span class='ocr_line' id='line_1_62' title="bbox 888 2134 1570 2185; baseline -0.004 -15"><span class='ocrx_word' id='word_1_355' title='bbox 888 2138 1025 2182; x_wconf 49' lang='lat' dir='ltr'>pireus-¹,</span> <span class='ocrx_word' id='word_1_356' title='bbox 1045 2137 1125 2185; x_wconf 62' lang='lat' dir='ltr'>opee&#39;rg</span> <span class='ocrx_word' id='word_1_357' title='bbox 1137 2162 1147 2180; x_wconf 87' lang='lat'><strong><em>,</em></strong></span> <span class='ocrx_word' id='word_1_358' title='bbox 1166 2134 1382 2170; x_wconf 82' lang='lat' dir='ltr'>edebantur:</span> <span class='ocrx_word' id='word_1_359' title='bbox 1397 2134 1470 2170; x_wconf 86' lang='lat' dir='ltr'>Cic.</span> <span class='ocrx_word' id='word_1_360' title='bbox 1488 2134 1570 2169; x_wconf 85' lang='lat' dir='ltr'>Div.</span> 
     </span>
     <span class='ocr_line' id='line_1_63' title="bbox 887 2186 1570 2232; baseline -0.001 -10"><span class='ocrx_word' id='word_1_361' title='bbox 887 2187 935 2230; x_wconf 87' lang='lat' dir='ltr'>ll,</span> <span class='ocrx_word' id='word_1_362' title='bbox 948 2187 999 2221; x_wconf 79' lang='grc'>33.</span> <span class='ocrx_word' id='word_1_363' title='bbox 1008 2187 1137 2230; x_wconf 82' lang='lat' dir='ltr'>Schol.;</span> <span class='ocrx_word' id='word_1_364' title='bbox 1151 2186 1337 2222; x_wconf 77' lang='lat' dir='ltr'>Gallim-ad</span> <span class='ocrx_word' id='word_1_365' title='bbox 1347 2186 1382 2222; x_wconf 91' lang='lat' dir='ltr'>h.</span> <span class='ocrx_word' id='word_1_366' title='bbox 1395 2187 1506 2232; x_wconf 82' lang='lat' dir='ltr'><strong>Apoll.</strong></span> <span class='ocrx_word' id='word_1_367' title='bbox 1516 2189 1570 2231; x_wconf 81' lang='grc'>45.</span> 
     </span>
    </p>

    <p class='ocr_par' dir='ltr' id='par_1_22' title="bbox 879 2235 1574 2445">
     <span class='ocr_line' id='line_1_64' title="bbox 931 2235 1570 2288; baseline 0 -13"><span class='ocrx_word' id='word_1_368' title='bbox 931 2235 1005 2288; x_wconf 66' lang='grc' dir='ltr'>3ῧ9.</span> <span class='ocrx_word' id='word_1_369' title='bbox 1023 2241 1231 2285; x_wconf 60' lang='lat' dir='ltr'>Cephisidas.</span> <span class='ocrx_word' id='word_1_370' title='bbox 1245 2239 1365 2276; x_wconf 78' lang='lat' dir='ltr'>Nostri</span> <span class='ocrx_word' id='word_1_371' title='bbox 1383 2238 1498 2274; x_wconf 85' lang='lat' dir='ltr'>Codd.</span> <span class='ocrx_word' id='word_1_372' title='bbox 1512 2241 1570 2275; x_wconf 84' lang='lat' dir='ltr'>Ce-</span> 
     </span>
     <span class='ocr_line' id='line_1_65' title="bbox 879 2290 1574 2338; baseline -0.001 -13"><span class='ocrx_word' id='word_1_373' title='bbox 879 2293 1046 2336; x_wconf 73' lang='lat' dir='ltr'>phist‘dos.</span> <span class='ocrx_word' id='word_1_374' title='bbox 1079 2291 1253 2338; x_wconf 85' lang='lat' dir='ltr'>Cephisus</span> <span class='ocrx_word' id='word_1_375' title='bbox 1270 2291 1374 2326; x_wconf 79' lang='lat' dir='ltr'>Lilaea</span> <span class='ocrx_word' id='word_1_376' title='bbox 1390 2290 1574 2338; x_wconf 77' lang='lat' dir='ltr'>profluens</span> 
     </span>
     <span class='ocr_line' id='line_1_66' title="bbox 889 2344 1571 2390; baseline -0.003 -11"><span class='ocrx_word' id='word_1_377' title='bbox 889 2344 1083 2380; x_wconf 76' lang='lat' dir='ltr'>Phocidem</span> <span class='ocrx_word' id='word_1_378' title='bbox 1097 2352 1132 2380; x_wconf 88' lang='lat' dir='ltr'>et</span> <span class='ocrx_word' id='word_1_379' title='bbox 1145 2346 1318 2380; x_wconf 81' lang='lat' dir='ltr'>Boeotiam</span> <span class='ocrx_word' id='word_1_380' title='bbox 1335 2345 1464 2390; x_wconf 81' lang='lat' dir='ltr'>irrigat.</span> <span class='ocrx_word' id='word_1_381' title='bbox 1482 2345 1571 2380; x_wconf 87' lang='lat' dir='ltr'>Pau-</span> 
     </span>
     <span class='ocr_line' id='line_1_67' title="bbox 887 2395 1571 2445; baseline -0.006 -12"><span class='ocrx_word' id='word_1_382' title='bbox 887 2412 959 2434; x_wconf 87' lang='lat' dir='ltr'>san.</span> <span class='ocrx_word' id='word_1_383' title='bbox 985 2399 1092 2433; x_wconf 82' lang='lat' dir='ltr'>Phoc.</span> <span class='ocrx_word' id='word_1_384' title='bbox 1104 2426 1113 2443; x_wconf 86' lang='lat'>‚</span> <span class='ocrx_word' id='word_1_385' title='bbox 1130 2412 1163 2445; x_wconf 89' lang='lat' dir='ltr'>p.</span> <span class='ocrx_word' id='word_1_386' title='bbox 1182 2399 1257 2433; x_wconf 74' lang='lat'>882.</span> <span class='ocrx_word' id='word_1_387' title='bbox 1284 2398 1339 2432; x_wconf 84' lang='lat' dir='ltr'>Ab</span> <span class='ocrx_word' id='word_1_388' title='bbox 1358 2398 1520 2432; x_wconf 88' lang='lat' dir='ltr'>Homero</span> <span class='ocrx_word' id='word_1_389' title='bbox 1535 2395 1571 2430; x_wconf 83' lang='lat' dir='ltr'>h.</span> 
     </span>
    </p>
   </div>
   <div class='ocr_carea' id='block_1_17' title="bbox 876 2451 1570 2500">
    <p class='ocr_par' dir='ltr' id='par_1_23' title="bbox 876 2451 1570 2500">
     <span class='ocr_line' id='line_1_68' title="bbox 876 2451 1570 2500; baseline -0.004 -13"><span class='ocrx_word' id='word_1_390' title='bbox 876 2451 1003 2498; x_wconf 78' lang='lat' dir='ltr'>&#39;Apoll</span> <span class='ocrx_word' id='word_1_391' title='bbox 1037 2453 1126 2495; x_wconf 62' lang='lat'>240„</span> <span class='ocrx_word' id='word_1_392' title='bbox 1161 2457 1305 2486; x_wconf 80' lang='lat' dir='ltr'>vocatur</span> <span class='ocrx_word' id='word_1_393' title='bbox 1334 2453 1570 2500; x_wconf 66' lang='grc' dir='ltr'>κα).λι[,ἕε3[,ος,</span> 
     </span>
    </p>
   </div>
   <div class='ocr_carea' id='block_1_18' title="bbox 883 2503 1573 2814">
    <p class='ocr_par' dir='ltr' id='par_1_24' title="bbox 889 2503 1284 2550">
     <span class='ocr_line' id='line_1_69' title="bbox 889 2503 1284 2550; baseline -0.008 -12"><span class='ocrx_word' id='word_1_394' title='bbox 889 2505 933 2539; x_wconf 92' lang='lat' dir='ltr'>ob</span> <span class='ocrx_word' id='word_1_395' title='bbox 949 2516 1074 2550; x_wconf 88' lang='lat' dir='ltr'>aquam</span> <span class='ocrx_word' id='word_1_396' title='bbox 1091 2503 1284 2549; x_wconf 76' lang='lat' dir='ltr'>limpidam.</span> 
     </span>
    </p>

    <p class='ocr_par' dir='ltr' id='par_1_25' title="bbox 883 2555 1573 2814">
     <span class='ocr_line' id='line_1_70' title="bbox 934 2555 1571 2602; baseline 0 -11"><span class='ocrx_word' id='word_1_397' title='bbox 934 2557 1009 2602; x_wconf 86' lang='lat'>370.</span> <span class='ocrx_word' id='word_1_398' title='bbox 1037 2558 1086 2590; x_wconf 76' lang='lat' dir='ltr'>Ut</span> <span class='ocrx_word' id='word_1_399' title='bbox 1099 2559 1255 2590; x_wconf 79' lang='lat' dir='ltr'>nondum.</span> <span class='ocrx_word' id='word_1_400' title='bbox 1280 2555 1397 2601; x_wconf 84' lang='lat' dir='ltr'>Vulgo</span> <span class='ocrx_word' id='word_1_401' title='bbox 1414 2557 1465 2590; x_wconf 85' lang='lat' dir='ltr'>Et</span> <span class='ocrx_word' id='word_1_402' title='bbox 1478 2569 1571 2591; x_wconf 85' lang='lat' dir='ltr'>non—</span> 
     </span>
     <span class='ocr_line' id='line_1_71' title="bbox 883 2609 1573 2655; baseline 0 -12"><span class='ocrx_word' id='word_1_403' title='bbox 883 2611 966 2643; x_wconf 83' lang='lat' dir='ltr'>·dum</span> <span class='ocrx_word' id='word_1_404' title='bbox 969 2635 1031 2643; x_wconf 91' lang='grc'><strong><em>......</em></strong></span> <span class='ocrx_word' id='word_1_405' title='bbox 1047 2611 1112 2643; x_wconf 86' lang='lat' dir='ltr'>sed</span> <span class='ocrx_word' id='word_1_406' title='bbox 1111 2609 1201 2653; x_wconf 82' lang='lat' dir='ltr'>jam.</span> <span class='ocrx_word' id='word_1_407' title='bbox 1225 2609 1363 2644; x_wconf 85' lang='lat' dir='ltr'>Verum</span> <span class='ocrx_word' id='word_1_408' title='bbox 1379 2613 1418 2643; x_wconf 80' lang='lat' dir='ltr'>ut</span> <span class='ocrx_word' id='word_1_409' title='bbox 1431 2610 1573 2655; x_wconf 80' lang='lat' dir='ltr'>praesert</span> 
     </span>
     <span class='ocr_line' id='line_1_72' title="bbox 890 2661 1572 2705; baseline 0.003 -10"><span class='ocrx_word' id='word_1_410' title='bbox 890 2661 1043 2705; x_wconf 89' lang='lat' dir='ltr'>Thuan.,</span> <span class='ocrx_word' id='word_1_411' title='bbox 1054 2664 1106 2696; x_wconf 82' lang='lat' dir='ltr'>sic</span> <span class='ocrx_word' id='word_1_412' title='bbox 1119 2673 1211 2696; x_wconf 88' lang='lat' dir='ltr'>unus</span> <span class='ocrx_word' id='word_1_413' title='bbox 1227 2661 1357 2697; x_wconf 89' lang='lat' dir='ltr'>Medic.</span> <span class='ocrx_word' id='word_1_414' title='bbox 1367 2676 1375 2703; x_wconf 91' lang='lat'>;</span> <span class='ocrx_word' id='word_1_415' title='bbox 1387 2675 1434 2696; x_wconf 89' lang='lat' dir='ltr'>un</span> <span class='ocrx_word' id='word_1_416' title='bbox 1440 2661 1482 2696; x_wconf 88' lang='lat' dir='ltr'>de</span> <span class='ocrx_word' id='word_1_417' title='bbox 1493 2661 1572 2697; x_wconf 61' lang='lat' dir='ltr'>lect-</span> 
     </span>
     <span class='ocr_line' id='line_1_73' title="bbox 890 2714 1572 2760; baseline 0.001 -12"><span class='ocrx_word' id='word_1_418' title='bbox 890 2715 1024 2749; x_wconf 74' lang='lat' dir='ltr'>tionem</span> <span class='ocrx_word' id='word_1_419' title='bbox 1046 2720 1204 2749; x_wconf 84' lang='lat' dir='ltr'>nostram</span> <span class='ocrx_word' id='word_1_420' title='bbox 1228 2714 1424 2760; x_wconf 77' lang='lat' dir='ltr'>composuit</span> <span class='ocrx_word' id='word_1_421' title='bbox 1448 2714 1572 2749; x_wconf 90' lang='lat' dir='ltr'>Hein-</span> 
     </span>
     <span class='ocr_line' id='line_1_74' title="bbox 890 2767 1573 2814; baseline 0 -12"><span class='ocrx_word' id='word_1_422' title='bbox 890 2767 959 2802; x_wconf 87' lang='lat' dir='ltr'>sius</span> <span class='ocrx_word' id='word_1_423' title='bbox 971 2794 981 2812; x_wconf 92' lang='lat'>,</span> <span class='ocrx_word' id='word_1_424' title='bbox 1003 2779 1080 2813; x_wconf 82' lang='lat' dir='ltr'>quae</span> <span class='ocrx_word' id='word_1_425' title='bbox 1091 2767 1198 2803; x_wconf 83' lang='lat' dir='ltr'>etiam</span> <span class='ocrx_word' id='word_1_426' title='bbox 1210 2767 1369 2803; x_wconf 83' lang='lat' dir='ltr'>Gronov.</span> <span class='ocrx_word' id='word_1_427' title='bbox 1386 2767 1573 2814; x_wconf 75' lang='lat' dir='ltr'>placuerat.</span> 
     </span>
    </p>
   </div>
  </div>
 </body>
</html>
