1832 3100
342 206 1036 254 METAMORPHOSEON
1075 211 1207 255 LIB.
1248 211 1352 256 III.

1457 211 1541 255 253

117 301 210 352 Nec
230 321 315 370 pro
339 302 518 351 materia
541 301 682 350 fertur
704 300 926 359 doluisse;
949 303 1105 369 suique

118 378 292 428 Judicis
312 390 472 428 aeterna
494 378 719 427 damnavit
742 377 909 427 lumina
932 391 1078 429 nocte.

1478 397 1543 433 335

119 459 183 507 At
203 468 330 525 pater
352 456 661 524 omnipotens,
686 476 831 523 neque
855 456 971 506 enim
997 456 1101 506 licet
1123 457 1247 506 irrita
1269 459 1475 525 cuiquam

118 536 252 584 Facta
277 534 363 584 Dei
384 533 539 583 fecisse
560 534 658 582 Deo
672 572 684 593 ‚
706 553 789 600 pro
814 533 979 583 lumine
998 534 1172 583 ademto

121 611 242 662 Scire
265 611 416 662 futura
438 612 584 671 dedit,
612 631 876 680 poenamque
900 611 1058 661 levavit
1080 613 1263 662 honore.

185 696 241 743 V.
266 694 347 744 Ille
369 715 448 763 per
470 696 662 754 Aonias,
686 696 800 745 fama
821 695 1157 755 celeberrimus,
1182 696 1317 745 urbes

122 777 593 846 Irreprehensa‘dabat
611 778 786 846 populo
809 796 1022 846 responsa
1045 779 1229 845 petenti.

1486 793 1552 840 340

123 861 272 910 Prima
293 860 388 924 fide,
401 861 612 929 vocisque
634 873 738 910 ratae
760 861 1002 910 tentamina
1025 860 1183 909 sumsit

125 942 296 993 Caerula
317 943 499 1011 Liriope
521 964 531 992 :
557 964 688 1011 quam
714 943 940 1011 quondam
965 943 1144 992 flumine
1170 962 1304 992 curvo

124 1026 373 1094 Implicust,
400 1026 646 1094 clausaeque
672 1027 767 1076 suis
791 1026 1010 1093 Cephisos
1034 1026 1082 1073 in
1105 1025 1239 1074 undis

126 1159 272 1207 ripa-ouen:
289 1161 400 1203 νόημα.
422 1177 468 1185 —-
490 1162 558 1195 Pro
572 1164 734 1201 materia,
766 1167 808 1196 ut

126 1209 322 1254 postulabat
333 1212 490 1247 materiae
505 1212 623 1248 levitas
635 1227 644 1248 :
659 1214 694 1248 X
706 1240 715 1258 ,
737 1214 809 1249 133.

129 1263 182 1298 Ita
193 1276 258 1308 pro
269 1276 375 1298 mrum
386 1265 566 1309 majestate
577 1266 680 1301 Lucr.
696 1266 731 1299 V
741 1293 751 1311 ,
778 1282 808 1302 2.

171 1315 249 1350 335.
267 1317 408 1352 AElema
421 1319 596 1354 damnavit
610 1323 708 1355 nocte
723 1333 810 1366 gra-

129 1367 220 1403 viter
228 1369 495 1405 excecationem
505 1371 678 1416 exprimit.
686 1391 730 1397 —
740 1373 811 1407 Ne-

128 1433 193 1465 que
205 1424 292 1456 enim
305 1423 388 1456 licet
398 1429 464 1458 etc.
481 1422 562 1457 Vid.
586 1423 628 1458 ad
646 1423 703 1468 11,
734 1423 810 1470 677.

129 1491 174 1501 ·-
198 1475 291 1510 Scire
310 1476 406 1510 dedi!
422 1487 532 1522 grece
544 1501 554 1520 ,
574 1475 672 1511 dedit
689 1476 811 1511 scien-

128 1526 428 1569 tiam—zenam,
446 1527 717 1564 tolerabiliorem
727 1528 812 1564 red-

129 1577 229 1614 didit.
246 1578 351 1626 Apud
365 1580 587 1625 Homerum,
599 1580 671 1617 Od.
685 1587 731 1625 Θ,
747 1581 811 1627 64,

129 1629 328 1667 Demodoci
343 1632 535 1668 cecitatem
554 1633 658 1669 Musa
671 1633 812 1669 levave-

129 1690 185 1720 rat
206 1690 280 1720 arte
300 1685 434 1721 musica
457 1692 633 1732 cantuque
650 1686 753 1722 dulci.
767 1706 812 1715 —

129 1738 282 1779 Honore,
304 1745 380 1773 arte
395 1737 601 1774 honorifica.

173 1789 343 1837 339—510.
351 1791 417 1825 Ille
420 1803 485 1835 per
490 1791 626 1826 Aonias
637 1798 702 1827 etc.
711 1791 812 1826 Dum

130 1841 331 1888 exemplum
341 1842 442 1889 ponit
452 1843 534 1879 artis
543 1843 701 1887 Tiresiae,
713 1856 814 1879 com-

131 1892 238 1929 mode
254 1907 347 1930 nova
362 1895 531 1931 intexitur
546 1895 679 1940 sabula,
693 1909 734 1931 ex
745 1909 814 1941 qua

131 1959 252 1983 rursus
268 1948 334 1983 alia
349 1955 426 1984 orta
443 1955 505 1984 est.
520 1950 723 1989 Narcissus,
754 1950 816 1994 ju-

134 1999 232 2035 venis
246 2000 519 2046 pulcherrimus,
537 2013 648 2046 quum
663 2008 698 2036 et
713 2001 815 2046 juve-

134 2065 200 2087 nes
222 2059 259 2087 et
283 2052 414 2098 puellas
437 2053 586 2099 superbe
606 2061 812 2099 sperneret,

135 2103 356 2140 Rhamnusia
387 2106 522 2150 effecit,
548 2113 589 2141 ut
616 2119 687 2141 suae
710 2106 816 2152 ipsius

134 2155 321 2203 imaginis,
347 2170 454 2204 quam
480 2158 516 2193 in
541 2158 640 2194 sonte
661 2157 816 2204 quodam

135 2210 336 2256 conspexit,
361 2210 485 2246 insano
511 2223 632 2245 amore
653 2211 816 2256 corripe-

135 2267 236 2297 retur
248 2287 259 2305 ,
274 2269 378 2308 atque
395 2261 604 2297 tabescendo
618 2269 817 2297 mutaretur

135 2312 174 2348 in
188 2312 317 2349 florem
330 2314 383 2350 sui
398 2314 564 2350 nominis.
593 2314 816 2361 Thespiensis

135 2372 212 2400 crat
234 2365 310 2402 haec
333 2367 400 2402 sab.
425 2379 531 2414 quam
558 2366 687 2413 duplici
708 2367 816 2402 modo

135 2418 286 2455 Pausan.
298 2421 372 2464 IX,
389 2431 499 2465 xxxl,
518 2435 550 2467 p.
570 2434 631 2467 772
644 2448 653 2465 ‚
672 2429 814 2466 narrat,

135 2483 288 2516 quorum
303 2473 452 2508 alterum
464 2499 474 2517 ‚
494 2486 601 2519 quem
618 2474 747 2509 Noster
760 2487 818 2509 se-.

136 2530 267 2568 quutus
273 2525 520 2572 est,vulgatum
529 2533 639 2562 vocat.
648 2527 699 2561 Ex
708 2527 817 2562 altero

136 2578 316 2614 Narcissus
340 2591 500 2614 sororem
523 2579 671 2615 habebat
684 2580 748 2615 sibi
762 2581 818 2615 si-

137 2632 336 2675 millimam,
347 2633 447 2678 cujus
458 2634 589 2668 amissae
605 2633 819 2668 desiderium

139 2684 411 2732 contemplanda
427 2686 578 2732 imagine
595 2686 631 2719 in
646 2685 742 2720 sonte
759 2685 818 2720 le-

141 2736 218 2786 nire
247 2737 395 2777 volebat.
426 2737 679 2784 Thespieusem
715 2737 819 2774 fuisse

874 1158 1075 1194 Narcissum
1101 1158 1208 1194 etiam
1234 1171 1275 1193 ex
1299 1157 1441 1193 Lucian.
1468 1157 1554 1192 Ver.

875 1211 969 1246 Hist.
994 1211 1051 1246 lib.
1070 1212 1106 1246 II
1121 1238 1130 1255 ,
1149 1219 1234 1246 tom.
1253 1222 1292 1245 lv
1306 1238 1315 1252 ,
1336 1224 1366 1256 p.
1388 1210 1469 1255 276,
1487 1223 1556 1255 ap-

874 1270 984 1308 paret.
1015 1263 1140 1298 Paucis
1166 1263 1233 1297 sab.
1259 1262 1398 1308 attingit
1422 1261 1557 1309 Hygin.

874 1315 897 1350 s.
913 1317 1112 1360 271.Ecbus
1123 1315 1256 1360 fabula,
1271 1315 1297 1350 si
1314 1315 1464 1358 abesset,
1483 1327 1558 1348 non

875 1366 1161 1409 desideraretur;
1188 1376 1337 1413 eamque
1364 1374 1506 1413 apparet
1539 1379 1558 1401 a

874 1420 1005 1456 Nostro
1021 1421 1191 1456 insertam
1207 1433 1279 1455 esse
1295 1447 1304 1464 ,
1330 1427 1434 1465 atque
1452 1432 1558 1454 com-

875 1473 981 1508 mode
993 1474 1056 1508 sub
1068 1473 1179 1508 finem
1194 1472 1395 1507 adhibitam.
1414 1472 1561 1507 Exstant

876 1525 1026 1560 Ausonii
1054 1525 1125 1559 duo
1151 1525 1402 1571 epigrammata
1419 1552 1428 1569 ‚
1468 1538 1503 1560 11
1523 1531 1562 1559 et

876 1590 943 1626 99,
969 1577 1006 1612 in
1035 1577 1156 1621 Echo,
1183 1577 1424 1623 totidemque,
1454 1591 1495 1625 97
1525 1585 1561 1613 et

875 1630 920 1678 98
931 1656 941 1674 ,
958 1629 996 1664 in
1013 1631 1434 1670 Narcissum.-—Aom'as‚
1454 1630 1562 1664 Boeo-

877 1682 940 1717 tias
959 1695 968 1718 :
987 1682 1066 1718 vide
1084 1682 1128 1717 ad
1152 1696 1240 1718 vers.
1270 1684 1319 1718 13.
1341 1701 1385 1711 —·
1409 1685 1561 1727 Irrepre-

876 1737 984 1770 hensa
998 1762 1007 1777 ,
1026 1743 1141 1780 certa,
1162 1736 1287 1782 quibus
1303 1743 1449 1771 eventus
1467 1749 1562 1771 con-

876 1794 994 1824 staret.
1025 1807 1070 1814 --
1093 1790 1307 1833 Respondete
1338 1789 1478 1834 proprie
1500 1788 1562 1822 di-

878 1848 1009 1875 cuntur
1018 1847 1114 1875 vates
1129 1854 1137 1875 z
1152 1840 1230 1875 vide
1244 1840 1412 1875 Munker.
1424 1840 1466 1875 ad
1481 1841 1563 1876 Lac-

880 1894 1033 1929 tantium
1047 1921 1057 1938 ‚
1080 1895 1227 1940 Argum.
1345 1909 1350 1914 ¹

923 1947 999 1991 341.
1015 1948 1099 1980 Fide
1114 1945 1256 1991 antique
1273 1958 1337 1991 pro
1340 1947 1440 1991 fidei.
1462 1948 1564 1981 Fides

880 2005 1000 2033 autem
1007 2011 1113 2044 Jlunc
1130 1996 1340 2044 capiendum
1357 2024 1366 2039 ,
1392 2005 1432 2033 ut
1448 1998 1484 2033 in
1486 2001 1564 2044 fide

880 2053 1064 2095 dignus.-—
1078 2052 1181 2085 Vocis
1195 2055 1287 2090 mla,
1304 2050 1455 2085 vaticinii
1465 2051 1563 2085 certi.

880 2122 926 2129 —
939 2105 1051 2138 Rata.
1068 2103 1188 2138 Nostri
1207 2101 1356 2138 Codices
1374 2103 1475 2148 Regii
1490 2103 1562 2138 ha·-

880 2157 966 2192 bent
980 2159 1081 2192 data.
1092 2175 1137 2183 —-
1150 2158 1303 2200 Liriopes
1320 2169 1429 2202 genus
1445 2157 1563 2191 incer-

882 2209 1081 2253 tum;.vide
1104 2209 1228 2244 Burm.
1253 2227 1299 2235 -—
1323 2210 1453 2244 Coerula
1471 2209 1564 2244 indi-

881 2271 959 2308 cat,
986 2276 1063 2299 cam
1087 2264 1189 2298 fuisse
1209 2263 1413 2310 Nympham
1437 2264 1562 2297 fonta—

882 2330 966 2351 nam
977 2324 1038 2352 aut
1047 2316 1426 2351 fiuvialem—Curvum
1438 2314 1480 2349 de
1494 2314 1564 2348 ssu-

882 2369 1037 2404 minibus
1048 2367 1306 2403 includentibus
1315 2367 1453 2413 aliquid.
1466 2367 1565 2413 Virg.

883 2421 1014 2467 Georg.
1030 2421 1097 2464 IV,
1121 2421 1182 2455 351
1209 2434 1217 2455 ι
1244 2424 1339 2454 illam
1363 2421 1508 2453 Curvala
1526 2423 1563 2454 1⁸71

883 2477 1006 2509 montis
1036 2475 1178 2517 speciem
1212 2474 1431 2507 circumstetit
1462 2473 1564 2508 unda,

886 2527 1002 2561 Etiam
1036 2524 1125 2570 apud
1165 2524 1350 2571 Hyginum
1384 2526 1566 2559 Narcinus

887 2578 1295 2622 Cephisifluminisfilsus.
1312 2571 1387 2610 Sed'
1398 2576 1566 2621 quoniam

884 2630 921 2665 in
948 2629 1072 2664 vicinia
1098 2627 1279 2662 Heliconis
1301 2634 1424 2672 natus,
1451 2642 1565 2675 prop-

886 2689 980 2716 terea
1007 2680 1202 2715 secundum
1230 2678 1415 2714 Claudian.
1442 2691 1564 2725 xxxv,

889 2738 950 2780 134
962 2763 972 2780 ,
994 2737 1138 2771 Helicon
1155 2748 1237 2771 eum
1252 2739 1408 2780 genuine
1429 2734 1567 2771 dicitur.
