1832 3100
299 171 302 174 ¹
359 202 1056 252 METAMORPHosEON
1093 207 1224 252 Lm.
1263 209 1323 253 v.

1475 208 1560 253 383

132 299 311 365 Surgit,
331 309 376 348 et
397 297 620 356 immissos
640 296 804 347 hedera
825 297 1011 347 collecta
1033 299 1219 367 capillos

133 381 332 449 Calliope
357 379 564 448 querulas
584 391 819 447 praetentat
841 380 1008 448 pollice
1033 381 1250 440 chordas;

133 466 284 532 Atque
304 462 397 531 haec
419 462 644 530 percussis
666 462 903 529 subjungit
925 463 1121 513 carmina
1141 464 1316 514 nervis:
1338 486 1361 508 »

1504 479 1571 526 340

200 567 226 594 «.
249 545 400 595 Prima
424 545 560 595 Ceres
584 565 701 595 unco
724 544 877 610 glebas
902 546 1092 596 dimovit
1113 559 1288 606 aratr03

129 710 265 746 spanos
280 711 344 744 per
367 697 538 734 humeros
560 705 596 734 et
619 697 817 734 defluentes

130 750 307 787 habebant
317 777 327 795 ,
342 750 396 785 Vl
406 777 415 795 ‚
432 750 515 796 1683
535 758 570 786 et
581 751 687 787 Trist.
701 752 738 795 1,
752 762 796 785 111
806 778 816 796 ,

131 803 190 848 43)
209 806 357 848 colligit,
374 815 450 838 non
467 802 564 837 nodo
576 810 636 838 aut
649 803 816 847 reticulo,

130 855 192 892 sed
204 857 345 896 hedera,
368 854 554 890 doctarum
568 856 741 890 frontium
759 868 819 890 or-

129 914 301 945 namento
311 935 320 952 ‚
336 920 407 954 quo
417 915 452 943 et
464 915 577 955 poetae
592 909 754 944 coronari
768 922 820 944 so-

129 959 215 995 lent.
235 958 372 995 Confer
396 959 524 996 Horat.
542 960 578 1004 1,
606 958 678 995 od.
697 971 712 994 1
726 986 736 1004 ,
765 973 818 1008 ²9·

131 1031 176 1040 —
191 1014 338 1048 Hedera.
359 1010 483 1047 Codex
508 1012 641 1059 Regius
660 1012 691 1047 B
715 1011 822 1048 habet

131 1066 280 1108 hederae,·
296 1076 370 1099 non
381 1064 473 1099 male
484 1090 493 1108 ,
512 1064 539 1099 si
552 1077 617 1110 pro
629 1067 798 1099 immissos
806 1092 814 1106 ,

129 1123 325 1165 reponatur
331 1120 513 1151 immixtos.
527 1116 826 1152 Ed.—Proelentat

131 1173 279 1206 chordas
291 1198 300 1211 ‚
316 1176 408 1206 *ante
425 1176 572 1206 cantum
589 1170 660 1205 oris
681 1169 796 1216 pulsat
813 1197 823 1214 ‚

133 1222 297 1270 praeludit
310 1249 320 1267 ,
339 1223 538 1268 ἀνακρούεται
555 1249 565 1267 ,
593 1223 795 1258 &nemin-m
812 1248 822 1266 ,

135 1287 236 1310 more
245 1274 719 1310 citharoedorum-flelenlare
725 1273 825 1308 chor-

135 1329 196 1365 das
207 1355 218 1374 ,
234 1341 340 1375 supra
358 1343 430 1376 ¹¹7·
447 1348 492 1355 —
511 1330 665 1373 Queruloe
681 1334 827 1375 propter

135 1382 281 1418 mollem
296 1395 437 1418 sonum.
455 1383 603 1426 Querula
617 1385 704 1417 libia
717 1409 727 1425 ,
751 1382 826 1416 Ho-

135 1443 201 1472 rat.
218 1436 297 1481 111,
318 1435 389 1472 od.
408 1446 486 1480 vn,
505 1436 559 1470 30.

179 1489 256 1534 341.
273 1491 432 1538 Hymnus
458 1490 569 1524 Musae
593 1490 740 1524 Cererem
761 1501 826 1524 ce-

133 1544 269 1577 lebrans
278 1542 434 1588 pertinet
448 1541 491 1576 ad
505 1554 647 1577 versum
659 1541 722 1576 661
739 1556 748 1583 ;
763 1540 825 1576 sed

18 1603 21 1604 ’
78 1614 81 1617 ’
135 1609 214 1642 pars
226 1595 304 1642 ejus
319 1595 519 1643 gravissima
535 1597 672 1638 Raptus
688 1595 826 1628 Proser-

129 1651 238 1692 pina,
262 1648 320 1683 cui
344 1654 498 1694 quatuor
522 1645 826 1691 metamorphoses

133 1701 276 1736 inserta
293 1725 303 1744 ,
333 1698 377 1734 ad
394 1711 536 1734 versum
567 1702 643 1745 571.
660 1699 824 1740 Plutoni,

137 1751 294 1789 Siciliam
306 1778 316 1794 ‚
336 1751 488 1798 Tiphoei
502 1750 657 1786 motibus
668 1763 826 1786 concus—

136 1817 213 1840 sam
224 1831 235 1849 ,
252 1803 424 1839 ambienti
441 1802 584 1850 Cupido
596 1829 606 1846 ‚
623 1811 737 1838 matre
758 1804 829 1838 im-

136 1858 289 1904 pellente
300 1884 309 1902 ,
320 1870 481 1892 amorem
495 1857 616 1902 injicit.
636 1855 724 1901 Quo
737 1857 827 1895 sacto

135 1909 194 1945 ille
218 1923 238 1944 e
260 1909 406 1955 vestigio
428 1910 665 1951 Proserpinam
682 1935 690 1947 ‚
719 1920 828 1953 prope

139 1961 306 1996 Hennaea
329 1960 461 1995 moenia
486 1957 592 1994 flores
621 1959 799 2005 legentem
818 1985 827 2003 ,

139 2018 246 2060 rapit,
270 2021 306 2049 et
322 2027 386 2060 per
403 2012 546 2062 Cyanes
560 2039 569 2056 ‚
588 2025 624 2047 se
649 2025 828 2058 opponere

139 2065 355 2111 laborantis,
376 2066 514 2101 sontem
540 2065 583 2100 ad
609 2065 741 2100 inferos
765 2065 829 2100 de-

102 2148 105 2149 r
141 2119 248 2156 vehit.
261 2119 358 2155 Tum
371 2132 526 2154 moerens
542 2121 658 2165 Cyane
672 2123 708 2153 in
724 2131 833 2163 aquas

142 2177 352 2208 extenuatur.
364 2171 476 2208 Ceres
485 2199 494 2215 ,
508 2171 660 2207 acrensis
673 2171 708 2205 in
723 2171 832 2206 AEtna

144 2224 261 2270 taedis,
275 2225 335 2260 diu
353 2232 533 2270 noctuque
551 2237 615 2270 per
629 2230 744 2258 totum
764 2231 834 2258 ter-

144 2290 266 2312 rarum
283 2277 408 2314 orbem
425 2277 533 2312 filiam
551 2277 710 2311 amissam
730 2288 833 2321 quae—

146 2329 214 2374 rit,
231 2337 336 2376 atque
354 2330 449 2365 inter
463 2342 603 2364 errores
613 2328 688 2362 illos
695 2341 834 2372 puerum

147 2381 338 2428 quemdam
351 2386 388 2417 iu
403 2385 590 2417 stellionem
607 2386 725 2416 mulal.
754 2381 835 2415 Re-

148 2449 247 2471 versa
255 2436 291 2471 in
303 2436 457 2479 Siciliam
469 2449 487 2470 e
500 2436 722 2481 Proserpinae
733 2447 833 2478 zona,

149 2501 256 2535 quam
285 2489 322 2524 in
352 2487 500 2537 Cyaueo
521 2489 620 2523 sonte
651 2495 836 2524 natantem

147 2540 244 2576 videt
259 2568 269 2586 ,
301 2540 410 2576 filiam
434 2541 480 2575 ibi
514 2541 695 2576 evanuisse
725 2541 836 2576 discit.

151 2595 247 2630 Hinc
262 2594 408 2630 saeviens
433 2602 544 2630 terras
565 2608 690 2630 omnes
706 2621 715 2639 ,
738 2595 837 2629 Sici—

150 2645 233 2681 liam
250 2647 285 2682 in
303 2646 424 2692 primis
442 2673 451 2690 ,
480 2647 661 2682 sterilitate
682 2647 838 2681 damnat.

150 2699 327 2735 Arethusa
342 2713 427 2735 vero
452 2707 487 2735 et
510 2712 574 2746 pro
592 2707 685 2734 terra
707 2699 837 2744 depre-

149 2758 267 2798 catur,
285 2761 320 2788 et
342 2752 461 2799 prodit
483 2752 734 2798 Proserpinam
752 2752 840 2787 Plu-

885 693 979 729 tonis
1005 706 1078 729 esse
1104 693 1306 740 conjugem.
1335 694 1403 730 His
1426 695 1574 742 cognitis

887 746 997 781 Ceres
1023 745 1066 781 ad
1086 746 1218 781 Jovem
1235 746 1394 791 querelas
1408 760 1486 783 suas
1503 747 1574 783 de·-

884 800 952 834 sert
967 824 977 842 ,
995 799 1055 844 qui
1081 811 1160 833 eam
1175 799 1327 842 solatur,
1347 799 1409 834 sed
1425 807 1461 836 et
1482 800 1574 836 red-

886 852 971 888 dere
996 852 1106 887 filiam
1127 852 1232 887 matri
1259 864 1300 887 ea
1321 852 1397 898 lege
1423 853 1523 898 vult,
1547 855 1575 889 si

886 905 1001 940 nullos
1012 903 1126 940 adhuc
1138 917 1200 939 ore
1212 904 1307 940 cibos
1318 906 1495 942 sumserit.
1507 906 1579 942 Co-

887 955 1048 993 mederat
1073 963 1194 991 autem
1216 956 1273 991 illa
1287 964 1424 1004 septem
1442 958 1579 1005 granati

889 1022 1008 1056 grana.
1024 1008 1135 1055 Quod
1147 1022 1259 1054 quum
1271 1010 1494 1056 Ascalaphus
1510 1012 1580 1047 im-

889 1068 1041 1108 portune
1074 1060 1285 1107 prodidisset
1302 1088 1311 1106 ,
1341 1065 1378 1097 iu
1416 1066 1579 1099 bubonem

889 1113 1158 1158 transsormalur.
1191 1113 1294 1159 Quin
1309 1115 1417 1150 etiam
1434 1117 1586 1152 Acheloi

891 1167 971 1203 filiae
982 1194 991 1211 ‚
1006 1180 1084 1213 quae
1094 1167 1317 1214 Proserpinae
1331 1167 1437 1204 flores
1447 1168 1579 1215 legenti

891 1220 1099 1264 adsuerant,
1127 1233 1239 1266 quum
1263 1221 1345 1266 ipsae
1370 1221 1406 1256 id
1431 1229 1581 1269 expete—

891 1280 973 1308 rent
989 1300 999 1318 ,
1028 1277 1064 1308 iu
1093 1286 1213 1308 novam
1250 1275 1399 1309 St‘renum
1427 1274 1580 1320 sormam

891 1330 1075 1361 transeunt.
1101 1326 1245 1372 Jupiter
1269 1326 1415 1362 tandem
1433 1340 1512 1362 rem
1533 1328 1581 1363 ita

891 1377 1074 1424 componit
1096 1404 1106 1422 ,
1134 1385 1174 1413 ut
1200 1378 1414 1425 Proserpina
1436 1380 1580 1426 singulis

891 1431 994 1466 annis
1016 1444 1075 1466 sex
1098 1443 1240 1466 menses
1265 1443 1347 1466 cum
1373 1439 1486 1467 matre
1513 1432 1579 1477 sit,

892 1484 1040 1519 totidem
1053 1497 1135 1520 cum
1151 1485 1453 1521 Plutone.—-Haec
1464 1487 1581 1522 sabula

892 1551 911 1573 a
934 1538 1116 1584 plurimis,
1141 1538 1203 1574 sed
1226 1552 1355 1586 magna
1380 1541 1549 1577 varietate
1569 1568 1578 1585 ,

891 1597 1036 1627 tractata
1053 1597 1114 1626 est.
1130 1591 1238 1626 Juxta
1256 1592 1421 1628 Marmor
1439 1594 1579 1629 Arund.

892 1645 929 1688 I,
953 1647 1013 1688 14,
1037 1644 1109 1690 jam
1125 1645 1190 1679 sub
1209 1645 1411 1682 Erechtheo
1436 1648 1578 1694 aliquis,

891 1697 992 1742 cujus
1008 1709 1142 1732 nomen
1161 1697 1318 1732 deletum
1337 1706 1409 1743 est,
1436 1713 1581 1735 carmen

892 1748 936 1784 de
955 1762 996 1784 ea
1012 1750 1220 1795 composuit.
1244 1750 1346 1785 Idem
1363 1753 1514 1796 fecerat,
1541 1760 1582 1787 ut

893 1816 911 1837 e
925 1803 1123 1847 Pausan.1‚
1136 1804 1179 1851 39
1190 1831 1198 1847 ‚
1212 1812 1376 1850 apparet,
1389 1806 1582 1852 Pamphus.

895 1855 1035 1890 Ordine
1046 1855 1154 1890 relata
1165 1862 1216 1890 est
1230 1856 1266 1890 in
1284 1857 1434 1892 Homeri
1447 1858 1582 1906 hymno

893 1907 930 1941 in
952 1907 1124 1942 Cererem
1137 1934 1146 1952 ,
1165 1915 1200 1943 et
1217 1909 1389 1954 copiosius
1404 1910 1511 1945 etiam
1527 1925 1583 1947 se-·

894 1960 987 1994 riore
1021 1967 1121 1995 aetate
1148 1974 1167 1995 a
1193 1960 1393 1996 Claudiano
1416 1964 1581 2009 peculiari

895 2012 938 2047 de
958 2012 1075 2059 Raptu
1098 2013 1261 2060 Proserp.
1286 2015 1454 2050 carmine.
1483 2016 1582 2052 Bre—

894 2065 985 2100 viter
995 2079 1074 2100 eam
1088 2066 1267 2112 attingunt
1282 2066 1450 2113 Orpheus
1461 2067 1497 2102 in
1513 2069 1583 2103 Ar—

897 2130 977 2162 gon.
995 2120 1080 2166 1189
1092 2131 1187 2164 sqq.;
1204 2117 1342 2154 Gallim.
1359 2119 1391 2154 h.
1410 2120 1446 2155 in
1460 2119 1583 2156 Cerer.

898 2173 1000 2218 5-17.
1024 2171 1080 2207 Cs.
1093 2180 1128 2207 et
1142 2173 1304 2219 Apollod.
1317 2174 1333 2208 Ι
1347 2200 1356 2218 ,
1372 2176 1392 2209 5
1406 2202 1415 2219 ,
1435 2176 1494 2221 qui
1509 2177 1582 2211 fere

896 2223 1020 2272 hymn.
1040 2225 1222 2260 Homeric.
1246 2226 1427 2272 sequitur3
1450 2228 1584 2274 Hygin.

896 2277 964 2312 sab.
989 2277 1072 2321 ι46;
1095 2277 1230 2313 Arnob.
1252 2278 1329 2315 adv.
1346 2278 1503 2323 Gentes,
1529 2282 1581 2325 V,

897 2343 930 2376 p.
947 2331 1008 2376 173
1022 2344 1095 2377 sqq.
1113 2331 1244 2366 Denuo
1258 2332 1388 2367 Noster
1399 2345 1476 2367 eam
1492 2339 1583 2368 trac-

898 2383 1005 2426 tavit,
1031 2384 1121 2419 Fast.
1140 2384 1207 2428 IV,
1225 2385 1292 2431 339
1316 2398 1389 2430 sqq.
1416 2385 1586 2430 Expressa

899 2435 1052 2481 denique
1066 2437 1186 2472 eratin
1198 2437 1317 2471 multis
1332 2438 1488 2472 nummis
1497 2438 1585 2474 aliis—

900 2502 968 2534 que
980 2490 1234 2524 monumentis.
1245 2489 1438 2535 Spanhem.
1453 2490 1495 2524 ad
1507 2489 1585 2525 Cal-

899 2541 1091 2576 limachum
1102 2568 1111 2585 ,
1134 2555 1164 2588 9.
1180 2559 1224 2566 —
1240 2543 1356 2575 Prima
1373 2543 1471 2576 Ceres
1487 2550 1552 2578 ete.
1566 2557 1584 2578 e

901 2592 1026 2639 virgil.
1042 2593 1172 2638 Georg.
1189 2594 1205 2627 l
1217 2619 1227 2636 ,
1251 2595 1308 2640 ¹47
1327 2607 1335 2628 ι
1353 2594 1470 2629 Prima
1489 2597 1587 2630 Ceres

891 2647 988 2691 ferro
1012 2649 1171 2680 mortales
1188 2651 1311 2680 verlere
1335 2650 1455 2681 terram
1474 2648 1588 2682 Iusti—-

901 2701 974 2732 tuil.
995 2696 1100 2733 Cons.
1123 2698 1253 2733 Noster
1279 2698 1402 2734 Amor.
1428 2699 1503 2743 111,
1525 2712 1588 2738 103

903 2751 995 2785 Fast.
1016 2751 1084 2795 lv,
1100 2752 1175 2795 40¹·
1192 2769 1237 2777 —-
1259 2753 1413 2787 Dimovil
1428 2779 1435 2793 ,
1467 2751 1590 2786 dimo-
