1832 3100
254 265 341 294 200

619 251 672 294 P.
712 250 948 297 OVIDII
984 252 1290 299 NASONIS

250 341 465 390 Restabat
481 340 583 391 fatis
607 341 774 410 aliquid
795 364 804 392 :
822 345 1015 411 suspirat
1036 346 1090 394 ab
1116 346 1215 395 imis
1595 362 1665 398 655

252 421 518 470 Pectoribus
533 459 544 479 ‚
569 420 855 489 lacrymaeque
883 422 1005 485 genis
1028 422 1241 471 labuntur
1264 424 1459 474 obortae:

250 498 399 564 Atque
424 499 509 556 ita,
538 521 559 541 «
584 499 878 557 Praevertunt,
904 499 1073 565 inquit,
1097 519 1165 548 me
1189 500 1297 558 fata3
1322 514 1532 569 vetorque

254 596 277 616 »
307 573 441 623 Plura
463 574 589 640 loqui
604 595 622 631 ;¹
639 574 847 640 vocisque
871 594 976 623 meae
998 575 1282 642 praecluditur
1302 597 1423 626 usus.

253 673 278 696 a)
306 653 410 700 Non
433 652 606 701 fuerant
628 664 741 700 artes
765 653 900 710 tanti,
928 672 1024 719 quae
1048 654 1242 702 numinis
1263 654 1372 704 iram

252 751 276 773 >³
304 730 572 778 Contraxere
596 729 730 787 mihi3
757 729 930 779 mallem
952 731 1141 780 nescisse
1164 732 1324 779 futura.

1594 747 1662 782 66⁶

252 829 277 850 ³)
303 809 401 856 Jam
423 807 530 856 mihi
556 807 743 855 subduci
766 808 897 858 facies
921 808 1112 858 humana
1135 810 1334 867 videtur3

251 907 275 927 »
302 886 400 934 Jam
425 885 552 934 cibus
576 886 713 934 herba
735 885 900 952 placet3
923 887 1011 951 jam
1031 886 1131 935 latis
1155 906 1327 936 currere
1348 887 1514 953 campis

250 983 274 1004 ³>
299 963 498 1028 Impetus
524 975 609 1019 est;
632 963 678 1010 in
700 983 876 1029 equam,
899 976 1168 1030 cognataque
1192 983 1380 1031 corpora
1402 976 1561 1013 vertor.

251 1060 275 1080 »
303 1039 418 1087 Tota
443 1051 588 1087 tamen
609 1041 777 1106 quare?
799 1052 924 1107 pater
947 1052 1013 1089 est
1033 1040 1143 1088 mihi
1166 1060 1324 1108 nempe
1346 1041 1563 1111 biformis.
1590 1063 1614 1085 »

248 1119 373 1168 Talia
398 1121 561 1170 dicenti
582 1140 683 1188 pars
704 1133 771 1170 est
794 1134 983 1170 extrema
1007 1121 1193 1188 querelae

1595 1136 1662 1172 665

247 1202 477 1251 Intellecta
500 1223 679 1270 parum3
707 1203 976 1271 confusaque
999 1205 1131 1252 verba
1154 1204 1299 1253 fuere:

248 1279 362 1333 Mox
380 1304 460 1334 nec
483 1286 623 1348 verba¹
635 1278 834 1353 quidem,
859 1306 939 1335 nec
963 1306 1085 1354 equae
1101 1305 1238 1335 sonus
1258 1285 1333 1342 ille
1352 1285 1551 1344 videtur,

247 1365 336 1414 Sed
360 1366 607 1416 simulantis
630 1387 813 1435 equam;
838 1387 1062 1435 parvoque
1084 1369 1132 1416 in
1153 1380 1348 1435 tempore
1371 1379 1526 1417 certos-

245 1510 383 1541 slamen.
411 1506 540 1543 Noster
550 1533 560 1550 ,
594 1508 629 1542 X
640 1533 650 1550 ‚
677 1507 721 1543 30
731 1534 740 1547 ‚
766 1512 921 1542 retexent.

289 1558 365 1593 655.
378 1561 547 1593 Restabat
554 1565 620 1594 etc.
634 1559 763 1594 Similis
773 1572 923 1594 conver-

245 1610 297 1644 sio
307 1636 317 1654 ,
334 1611 351 1645 1
364 1638 374 1654 ,
390 1623 470 1655 7oo;
491 1610 552 1646 sed
566 1611 600 1645 h.
614 1611 636 1645 l.
650 1611 721 1657 ipse
733 1611 846 1645 noluit
857 1623 921 1645 re—

245 1661 370 1696 stantia
380 1661 507 1696 addere
518 1688 527 1706 ,
538 1675 666 1708 nempe
680 1664 755 1697 sore
765 1689 775 1706 ,
787 1670 826 1697 ut
840 1661 921 1697 Chi-

245 1724 311 1746 ron
328 1712 422 1747 inter
438 1713 552 1748 sidera
566 1714 748 1749 referatur.
766 1715 856 1749 Fast.
874 1725 898 1749 v
909 1739 919 1757 ,

245 1763 311 1807 413
328 1776 337 1798 :

244 1823 322 1849 Nona
332 1823 387 1848 dies
396 1824 482 1849 aderat
492 1833 501 1856 ς
511 1833 593 1859 quum
602 1830 633 1850 tu
640 1843 649 1856 ,
661 1826 803 1858 iia-tissime
813 1826 920 1857 Chiron,

277 1872 324 1897 Bis
340 1878 438 1905 septem
450 1872 532 1897 stellis
544 1882 652 1906 corpor·
664 1873 764 1899 cinctus
774 1883 839 1915 eras.

249 1919 420 1955 Centauri
436 1921 532 1955 enim
545 1921 640 1956 sidus
656 1922 687 1956 ei
704 1921 818 1957 Graeci
831 1922 920 1957 dica-

245 1981 341 2008 runt.
360 1993 405 2001 —
420 1974 507 2009 Filia
518 2001 528 2018 ,
552 1975 747 2010 secundum
762 1975 921 2021 Euripid.

245 2026 284 2061 in
311 2026 531 2071 Menalippa,
561 2026 701 2072 gravida
725 2039 768 2062 ex
791 2027 919 2072 AEolo,

246 2077 407 2113 Hellenis
419 2078 503 2121 filio,
517 2091 625 2123 quum
640 2086 736 2124 patre
748 2080 855 2115 inscio
864 2093 921 2125 pe-

244 2129 408 2174 perisset,
425 2129 462 2163 in
478 2143 605 2174 equam
623 2138 774 2174 mutata,
794 2138 869 2166 tum
886 2139 921 2167 et

245 2180 319 2226 ipsa
334 2181 427 2215 inter
442 2181 555 2215 sidera
571 2181 678 2216 relata
693 2189 754 2216 est.
778 2182 921 2217 Secun-

246 2233 333 2268 dum
359 2232 632 2277 Callimachum,
656 2248 675 2268 a
691 2234 806 2269 Diana
828 2248 921 2269 con—

246 2300 343 2321 versa
381 2294 432 2334 est
450 2312 460 2330 ,
500 2287 594 2332 quod
627 2287 747 2322 venari
773 2287 921 2322 desierat

245 2336 429 2384 Deamquc
442 2339 555 2373 colere
569 2352 576 2373 :
589 2339 718 2386 Hygin.
732 2339 823 2373 dicto
835 2339 920 2374 loco.

245 2390 316 2425 Sed
336 2389 427 2435 apud
445 2390 613 2425 Nostrum
631 2391 919 2434 transformatur,

245 2443 339 2487 quod
360 2443 520 2477 Deorum
544 2443 683 2477 consilia
706 2443 919 2477 enuntiabat.

245 2494 473 2539 Ingeniosum
485 2502 602 2529 autem
611 2494 819 2540 figmentum
828 2521 839 2538 ‚
850 2507 926 2542 quo·

244 2553 338 2580 vates
350 2547 581 2581 mutationem
590 2560 687 2581 suam
700 2546 876 2592 praesentit
884 2553 920 2581 et

244 2596 409 2642 praedicit.

286 2648 361 2692 657.
388 2651 592 2684 Proeverlunl
611 2650 763 2694 mesala.
794 2649 919 2685 Occu-—

243 2706 327 2745 pant
344 2713 402 2735 me
419 2708 454 2735 et
467 2701 664 2747 impediunt
678 2716 685 2743 ;
703 2703 833 2736 namin
843 2702 919 2736 satis

243 2758 339 2797 erat,
364 2758 405 2788 ut
419 2760 574 2788 verterer
598 2754 636 2788 in
661 2767 797 2799 equam.
824 2755 919 2800 Ergo

986 1507 1227 1549 transformor,
1236 1505 1436 1551 priusquam
1446 1504 1599 1539 finierim
1605 1517 1660 1539 va·

985 1559 1153 1594 ticinium.
1162 1577 1206 1586 —-
1216 1560 1434 1596 Pmoludere.
1453 1557 1608 1593 solemne
1620 1558 1657 1592 in

986 1611 1050 1645 hac
1064 1624 1111 1646 re.
1123 1610 1306 1653 Phaedr.1‚
1322 1610 1388 1644 sab.
1404 1620 1436 1644 11
1446 1636 1456 1652 ‚
1475 1610 1516 1643 26
1527 1622 1535 1643 :
1546 1622 1660 1644 vocem

979 1665 1155 1706 praecludil
1161 1666 1286 1704 παύω,-
1297 1662 1319 1696 f.
1331 1672 1424 1695 xxnt
1431 1686 1442 1704 ,
1460 1663 1480 1695 5
1489 1685 1499 1702 ,
1511 1663 1659 1704 linguam

977 1716 1190 1758 proecludere.
1202 1732 1247 1739 -
1260 1712 1381 1747 Codex
1394 1718 1514 1747 noster
1528 1711 1659 1757 Regius

985 1767 1015 1801 B
1025 1793 1036 1810 ‚
1062 1766 1165 1801 habet
1177 1768 1399 1809 pravertilur,
1429 1763 1491 1799 sed
1507 1764 1623 1798 forsan
1639 1775 1659 1797 e

985 1818 1103 1864 glossa.
1125 1819 1191 1852 Ed.
1427 1815 1429 1819 ⁴

1028 1870 1103 1904 663.
1125 1872 1278 1913 Cognata
1291 1881 1446 1913 corpora,
1464 1866 1544 1912 quia
1560 1873 1659 1912 pater

986 1935 1027 1956 ex
1049 1928 1146 1967 parte
1170 1933 1289 1965 equus.
1317 1919 1389 1955 Sed
1414 1919 1471 1954 ille
1494 1932 1535 1954 ex
1559 1925 1657 1965 parte

985 1980 1124 2008 tantum
1143 1979 1179 2007 et
1195 1973 1360 2017 bzsormelr,
1388 1984 1451 2006 cur
1470 1970 1577 2016 igitur
1592 1982 1658 2016 ego

985 2031 1057 2060 tola
1071 2032 1188 2060 vertor
1208 2025 1245 2060 in
1262 2035 1389 2069 equam
1403 2023 1419 2057 ?
1446 2040 1491 2049 -
1507 2023 1652 2066 Nempe,

987 2078 1125 2124 quippe.
1237 2112 1240 2117 ,
1263 2116 1265 2119 .

1031 2131 1106 2167 665.
1134 2133 1234 2165 Talia
1246 2132 1379 2165 dicenti.
1404 2128 1536 2164 Passim
1553 2127 1660 2163 Ovid.

986 2184 1088 2230 fingit
1100 2210 1110 2228 ,
1125 2184 1230 2218 verba
1242 2182 1414 2228 loquentis
1425 2182 1571 2226 abrupta
1585 2194 1659 2216 esse

985 2237 1057 2282 ipsa
1072 2236 1376 2271 transformatione
1388 2260 1401 2278 ,
1415 2241 1456 2269 ut
1467 2234 1541 2269 363.
1557 2233 1657 2268 Idem

986 2302 1082 2323 nunc
1096 2288 1196 2323 latius
1218 2294 1361 2331 tractat,
1386 2293 1421 2323 et
1437 2285 1622 2320 transitum
1637 2295 1658 2318 a

985 2353 1068 2375 voce
1085 2339 1239 2374 humana
1256 2338 1297 2373 ad
1316 2336 1471 2371 hinnitus
1488 2334 1656 2380 gradatim

985 2391 1165 2434 describit,
1183 2398 1222 2425 ut
1236 2389 1300 2424 586
1318 2401 1388 2433 seq.
1403 2388 1446 2422 ab
1461 2387 1596 2426 incessu
1612 2384 1655 2420 ad

985 2443 1149 2484 volatum.
1176 2444 1218 2478 In
1234 2442 1357 2476 talibus
1369 2467 1379 2483 ‚
1401 2440 1527 2486 quippe
1547 2451 1658 2484 argu—

984 2495 1040 2529 tiis
1051 2521 1060 2538 ,
1073 2495 1199 2540 placuit
1209 2493 1272 2528 sibi
1283 2492 1465 2539 ingenium
1481 2498 1601 2537 poetae.
1613 2507 1658 2517 --·

984 2547 1096 2580 bbere.
1119 2545 1268 2580 Heinsio
1291 2543 1479 2588 aliquando
1504 2541 1657 2587 placebat

974 2598 1149 2641 struatur,
1171 2604 1210 2631 ut
1225 2596 1299 2640 483.
1315 2614 1359 2622 —
1372 2594 1489 2630 Nostri
1509 2592 1654 2628 Codices

984 2650 1016 2684 A
1035 2656 1070 2685 et
1092 2649 1122 2683 B
1136 2675 1146 2692 ‚
1157 2644 1313 2693 suemntss
1330 2647 1396 2682 Ed.
1419 2665 1464 2672 -
1481 2646 1654 2680 Simulan-

984 2705 1043 2742 tis,
1065 2701 1242 2735 imitantis.
1264 2700 1349 2734 Mox
1364 2701 1435 2734 edit
1447 2701 1554 2732 cenos
1569 2698 1654 2729 hia-

982 2757 1073 2788 m‘lus
1082 2780 1091 2797 ,
1111 2752 1228 2801 quales
1237 2764 1339 2788 verus
1348 2762 1458 2796 equus
1470 2747 1559 2792 edit,
1578 2759 1653 2782 non
