<?xml version="1.0" encoding="UTF-8"?>
<!DOCTYPE html PUBLIC "-//W3C//DTD XHTML 1.0 Transitional//EN"
    "http://www.w3.org/TR/xhtml1/DTD/xhtml1-transitional.dtd">
<html xmlns="http://www.w3.org/1999/xhtml" xml:lang="en" lang="en">
 <head>
  <title>
</title>
<meta http-equiv="Content-Type" content="text/html;charset=utf-8" />
  <meta name='ocr-system' content='tesseract 3.04.00' />
  <meta name='ocr-capabilities' content='ocr_page ocr_carea ocr_par ocr_line ocrx_word'/>
</head>
<body>
  <div class='ocr_page' id='page_1' title='image "./quaeextantomniao03oviduoft_0328.png"; bbox 0 0 1832 3100; ppageno 0'>
   <div class='ocr_carea' id='block_1_1' title="bbox 233 240 322 300">
    <p class='ocr_par' dir='ltr' id='par_1_1' title="bbox 233 240 322 300">
     <span class='ocr_line' id='line_1_1' title="bbox 233 240 322 300; baseline 0 -18"><span class='ocrx_word' id='word_1_1' title='bbox 233 240 322 300; x_wconf 82' lang='lat'><strong>296</strong></span> 
     </span>
    </p>
   </div>
   <div class='ocr_carea' id='block_1_2' title="bbox 603 243 1260 291">
    <p class='ocr_par' dir='ltr' id='par_1_2' title="bbox 603 243 1260 291">
     <span class='ocr_line' id='line_1_2' title="bbox 603 243 1260 291; baseline 0.009 -6"><span class='ocrx_word' id='word_1_2' title='bbox 603 243 656 285; x_wconf 88' lang='lat' dir='ltr'><strong>P.</strong></span> <span class='ocrx_word' id='word_1_3' title='bbox 696 243 925 288; x_wconf 82' lang='lat' dir='ltr'>0V1D11</span> <span class='ocrx_word' id='word_1_4' title='bbox 964 244 1260 291; x_wconf 85' lang='lat' dir='ltr'><strong>NASONIS</strong></span> 
     </span>
    </p>
   </div>
   <div class='ocr_carea' id='block_1_3' title="bbox 230 331 1641 405">
    <p class='ocr_par' dir='ltr' id='par_1_3' title="bbox 230 331 1641 405">
     <span class='ocr_line' id='line_1_3' title="bbox 230 331 1641 405; baseline 0.006 -26"><span class='ocrx_word' id='word_1_5' title='bbox 230 331 424 381; x_wconf 87' lang='lat' dir='ltr'><strong>Verterit</strong></span> <span class='ocrx_word' id='word_1_6' title='bbox 445 332 492 381; x_wconf 87' lang='lat' dir='ltr'><strong>in</strong></span> <span class='ocrx_word' id='word_1_7' title='bbox 516 334 671 384; x_wconf 86' lang='lat' dir='ltr'><strong>tacitos</strong></span> <span class='ocrx_word' id='word_1_8' title='bbox 692 336 898 401; x_wconf 87' lang='lat' dir='ltr'><strong>juvenilia</strong></span> <span class='ocrx_word' id='word_1_9' title='bbox 921 357 1103 405; x_wconf 88' lang='lat' dir='ltr'><strong>corpora</strong></span> <span class='ocrx_word' id='word_1_10' title='bbox 1126 339 1269 405; x_wconf 78' lang='lat' dir='ltr'>pisces</span> <span class='ocrx_word' id='word_1_11' title='bbox 1285 377 1297 398; x_wconf 82' lang='lat'><strong><em>,</em></strong></span> <span class='ocrx_word' id='word_1_12' title='bbox 1598 353 1641 389; x_wconf 88' lang='lat'><strong>50</strong></span> 
     </span>
    </p>
   </div>
   <div class='ocr_carea' id='block_1_4' title="bbox 231 414 1508 563">
    <p class='ocr_par' dir='ltr' id='par_1_4' title="bbox 231 414 1508 563">
     <span class='ocr_line' id='line_1_4' title="bbox 231 414 1508 485; baseline 0.006 -24"><span class='ocrx_word' id='word_1_13' title='bbox 231 414 386 462; x_wconf 89' lang='lat' dir='ltr'><strong>Donec</strong></span> <span class='ocrx_word' id='word_1_14' title='bbox 409 415 523 464; x_wconf 89' lang='lat' dir='ltr'><strong>idem</strong></span> <span class='ocrx_word' id='word_1_15' title='bbox 545 436 673 483; x_wconf 85' lang='lat' dir='ltr'><strong>passa</strong></span> <span class='ocrx_word' id='word_1_16' title='bbox 696 429 763 466; x_wconf 85' lang='lat' dir='ltr'><strong>est</strong></span> <span class='ocrx_word' id='word_1_17' title='bbox 787 438 797 466; x_wconf 76' lang='lat' dir='ltr'>z</span> <span class='ocrx_word' id='word_1_18' title='bbox 818 438 899 476; x_wconf 87' lang='lat' dir='ltr'><strong>an,</strong></span> <span class='ocrx_word' id='word_1_19' title='bbox 928 438 1022 485; x_wconf 89' lang='lat' dir='ltr'><strong>quae</strong></span> <span class='ocrx_word' id='word_1_20' title='bbox 1044 439 1175 485; x_wconf 89' lang='lat' dir='ltr'><strong>poma</strong></span> <span class='ocrx_word' id='word_1_21' title='bbox 1199 419 1298 469; x_wconf 87' lang='lat' dir='ltr'><strong>alba</strong></span> <span class='ocrx_word' id='word_1_22' title='bbox 1318 419 1508 479; x_wconf 81' lang='lat' dir='ltr'><strong>ferebat,</strong></span> 
     </span>
     <span class='ocr_line' id='line_1_5' title="bbox 231 497 1359 563; baseline 0.004 -20"><span class='ocrx_word' id='word_1_23' title='bbox 231 497 295 544; x_wconf 88' lang='lat' dir='ltr'><strong>Ut</strong></span> <span class='ocrx_word' id='word_1_24' title='bbox 320 515 436 545; x_wconf 88' lang='lat' dir='ltr'><strong>nunc</strong></span> <span class='ocrx_word' id='word_1_25' title='bbox 457 498 581 561; x_wconf 89' lang='lat' dir='ltr'><strong>nigra</strong></span> <span class='ocrx_word' id='word_1_26' title='bbox 604 499 714 548; x_wconf 85' lang='lat' dir='ltr'><strong>ferat</strong></span> <span class='ocrx_word' id='word_1_27' title='bbox 737 512 944 549; x_wconf 87' lang='lat' dir='ltr'><strong>contactu</strong></span> <span class='ocrx_word' id='word_1_28' title='bbox 968 501 1192 563; x_wconf 83' lang='lat' dir='ltr'><strong>sanguinis</strong></span> <span class='ocrx_word' id='word_1_29' title='bbox 1216 501 1359 549; x_wconf 87' lang='lat' dir='ltr'><strong>arbor.</strong></span> 
     </span>
    </p>
   </div>
   <div class='ocr_carea' id='block_1_5' title="bbox 229 577 1535 731">
    <p class='ocr_par' dir='ltr' id='par_1_5' title="bbox 229 577 1535 731">
     <span class='ocr_line' id='line_1_6' title="bbox 231 577 1535 647; baseline 0.005 -23"><span class='ocrx_word' id='word_1_30' title='bbox 231 577 336 625; x_wconf 87' lang='lat' dir='ltr'><strong>Haec</strong></span> <span class='ocrx_word' id='word_1_31' title='bbox 361 577 531 644; x_wconf 84' lang='lat' dir='ltr'><strong>placet;</strong></span> <span class='ocrx_word' id='word_1_32' title='bbox 554 580 690 638; x_wconf 84' lang='lat' dir='ltr'><strong>hanc,</strong></span> <span class='ocrx_word' id='word_1_33' title='bbox 716 582 924 647; x_wconf 89' lang='lat' dir='ltr'><strong>quoniam</strong></span> <span class='ocrx_word' id='word_1_34' title='bbox 947 581 1138 644; x_wconf 83' lang='lat' dir='ltr'><strong>vulgaris</strong></span> <span class='ocrx_word' id='word_1_35' title='bbox 1161 581 1310 630; x_wconf 87' lang='lat' dir='ltr'><strong>fabula</strong></span> <span class='ocrx_word' id='word_1_36' title='bbox 1332 602 1424 630; x_wconf 92' lang='lat' dir='ltr'><strong>non</strong></span> <span class='ocrx_word' id='word_1_37' title='bbox 1445 594 1535 640; x_wconf 84' lang='lat' dir='ltr'><strong>est,</strong></span> 
     </span>
     <span class='ocr_line' id='line_1_7' title="bbox 229 653 1311 731; baseline 0.006 -24"><span class='ocrx_word' id='word_1_38' title='bbox 229 653 415 710; x_wconf 77' lang='lat' dir='ltr'><strong>Talibus</strong></span> <span class='ocrx_word' id='word_1_39' title='bbox 441 681 539 711; x_wconf 88' lang='lat' dir='ltr'><strong>orsa</strong></span> <span class='ocrx_word' id='word_1_40' title='bbox 560 664 729 721; x_wconf 86' lang='lat' dir='ltr'><strong>modis,</strong></span> <span class='ocrx_word' id='word_1_41' title='bbox 754 663 852 712; x_wconf 91' lang='lat' dir='ltr'><strong>lana</strong></span> <span class='ocrx_word' id='word_1_42' title='bbox 877 683 955 712; x_wconf 89' lang='lat' dir='ltr'><strong>sua</strong></span> <span class='ocrx_word' id='word_1_43' title='bbox 976 664 1048 722; x_wconf 84' lang='lat' dir='ltr'><strong>fila</strong></span> <span class='ocrx_word' id='word_1_44' title='bbox 1073 677 1311 731; x_wconf 86' lang='lat' dir='ltr'><strong>sequente:</strong></span> 
     </span>
    </p>
   </div>
   <div class='ocr_carea' id='block_1_6' title="bbox 230 745 1642 896">
    <p class='ocr_par' dir='ltr' id='par_1_6' title="bbox 230 745 1642 896">
     <span class='ocr_line' id='line_1_8' title="bbox 274 745 1642 814; baseline 0.002 -22"><span class='ocrx_word' id='word_1_45' title='bbox 274 780 275 787; x_wconf 19' lang='grc' dir='ltr'><strong>κ</strong></span> <span class='ocrx_word' id='word_1_46' title='bbox 299 765 323 786; x_wconf 89' lang='grc'><strong><em>«</em></strong></span> <span class='ocrx_word' id='word_1_47' title='bbox 352 745 561 810; x_wconf 83' lang='lat' dir='ltr'><strong>Pyramus</strong></span> <span class='ocrx_word' id='word_1_48' title='bbox 583 758 627 794; x_wconf 83' lang='lat' dir='ltr'><strong>et</strong></span> <span class='ocrx_word' id='word_1_49' title='bbox 644 747 812 796; x_wconf 81' lang='lat' dir='ltr'><strong>Thisbe</strong></span> <span class='ocrx_word' id='word_1_50' title='bbox 828 784 840 804; x_wconf 91' lang='lat'>‚</span> <span class='ocrx_word' id='word_1_51' title='bbox 863 747 1070 811; x_wconf 90' lang='lat' dir='ltr'><strong>juvenum</strong></span> <span class='ocrx_word' id='word_1_52' title='bbox 1091 747 1410 814; x_wconf 87' lang='lat' dir='ltr'><strong>pulcherrimus</strong></span> <span class='ocrx_word' id='word_1_53' title='bbox 1428 748 1536 797; x_wconf 89' lang='lat' dir='ltr'><strong>alter</strong></span> <span class='ocrx_word' id='word_1_54' title='bbox 1551 785 1563 806; x_wconf 90' lang='lat'>,</span> <span class='ocrx_word' id='word_1_55' title='bbox 1600 761 1642 795; x_wconf 80' lang='lat'><strong>55</strong></span> 
     </span>
     <span class='ocr_line' id='line_1_9' title="bbox 230 823 1340 896; baseline 0.005 -24"><span class='ocrx_word' id='word_1_56' title='bbox 230 823 381 874; x_wconf 88' lang='lat' dir='ltr'><strong>Altera</strong></span> <span class='ocrx_word' id='word_1_57' title='bbox 396 863 408 884; x_wconf 87' lang='lat'>‚</span> <span class='ocrx_word' id='word_1_58' title='bbox 435 846 543 893; x_wconf 87' lang='lat' dir='ltr'><strong>quas</strong></span> <span class='ocrx_word' id='word_1_59' title='bbox 569 828 729 876; x_wconf 87' lang='lat' dir='ltr'><strong>Oriens</strong></span> <span class='ocrx_word' id='word_1_60' title='bbox 752 828 932 886; x_wconf 81' lang='lat' dir='ltr'><strong>habuit,</strong></span> <span class='ocrx_word' id='word_1_61' title='bbox 958 829 1135 895; x_wconf 76' lang='lat' dir='ltr'><strong>praelata</strong></span> <span class='ocrx_word' id='word_1_62' title='bbox 1157 829 1340 896; x_wconf 85' lang='lat' dir='ltr'><strong>puellis,</strong></span> 
     </span>
    </p>
   </div>
   <div class='ocr_carea' id='block_1_7' title="bbox 233 906 1327 1042">
    <p class='ocr_par' dir='ltr' id='par_1_7' title="bbox 233 906 1327 1042">
     <span class='ocr_line' id='line_1_10' title="bbox 233 906 1327 970; baseline 0.005 -16"><span class='ocrx_word' id='word_1_63' title='bbox 233 906 479 970; x_wconf 83' lang='lat' dir='ltr'><strong>Contiguas</strong></span> <span class='ocrx_word' id='word_1_64' title='bbox 503 920 681 957; x_wconf 88' lang='lat' dir='ltr'><strong>tenuere</strong></span> <span class='ocrx_word' id='word_1_65' title='bbox 704 909 887 969; x_wconf 84' lang='lat' dir='ltr'><strong>domos,</strong></span> <span class='ocrx_word' id='word_1_66' title='bbox 908 911 987 959; x_wconf 88' lang='lat' dir='ltr'><strong>ubi</strong></span> <span class='ocrx_word' id='word_1_67' title='bbox 1012 911 1172 960; x_wconf 86' lang='lat' dir='ltr'><strong>dicitur</strong></span> <span class='ocrx_word' id='word_1_68' title='bbox 1196 911 1327 960; x_wconf 87' lang='lat' dir='ltr'><strong>altam</strong></span> 
     </span>
     <span class='ocr_line' id='line_1_11' title="bbox 234 987 1314 1042; baseline 0.005 -7"><span class='ocrx_word' id='word_1_69' title='bbox 234 987 482 1038; x_wconf 86' lang='lat' dir='ltr'><strong>Coctilibus</strong></span> <span class='ocrx_word' id='word_1_70' title='bbox 503 991 642 1039; x_wconf 89' lang='lat' dir='ltr'><strong>muris</strong></span> <span class='ocrx_word' id='word_1_71' title='bbox 665 991 852 1040; x_wconf 85' lang='lat' dir='ltr'><strong>cinxisse</strong></span> <span class='ocrx_word' id='word_1_72' title='bbox 877 992 1125 1041; x_wconf 82' lang='lat' dir='ltr'><strong>Semiramis</strong></span> <span class='ocrx_word' id='word_1_73' title='bbox 1147 993 1314 1042; x_wconf 87' lang='lat' dir='ltr'><strong>urbem.</strong></span> 
     </span>
    </p>
   </div>
   <div class='ocr_carea' id='block_1_8' title="bbox 233 1132 911 1232">
    <p class='ocr_par' dir='ltr' id='par_1_8' title="bbox 233 1132 911 1232">
     <span class='ocr_line' id='line_1_12' title="bbox 234 1132 911 1182; baseline 0.007 -16"><span class='ocrx_word' id='word_1_74' title='bbox 234 1132 418 1177; x_wconf 69' lang='lat' dir='ltr'><strong>veneficae,</strong></span> <span class='ocrx_word' id='word_1_75' title='bbox 438 1134 533 1179; x_wconf 89' lang='lat' dir='ltr'>VII,</span> <span class='ocrx_word' id='word_1_76' title='bbox 561 1136 613 1182; x_wconf 85' lang='lat'><strong>98.</strong></span> <span class='ocrx_word' id='word_1_77' title='bbox 636 1154 680 1162; x_wconf 92' lang='lat'><strong>—</strong></span> <span class='ocrx_word' id='word_1_78' title='bbox 699 1136 754 1171; x_wconf 91' lang='lat' dir='ltr'><strong>De</strong></span> <span class='ocrx_word' id='word_1_79' title='bbox 763 1140 911 1180; x_wconf 77' lang='lat' dir='ltr'><strong>polenti-</strong></span> 
     </span>
     <span class='ocr_line' id='line_1_13' title="bbox 233 1187 911 1232; baseline 0.006 -13"><span class='ocrx_word' id='word_1_80' title='bbox 233 1188 296 1219; x_wconf 80' lang='lat' dir='ltr'><strong>bus</strong></span> <span class='ocrx_word' id='word_1_81' title='bbox 311 1188 435 1226; x_wconf 74' lang='lat' dir='ltr'><strong>herbis,</strong></span> <span class='ocrx_word' id='word_1_82' title='bbox 451 1187 529 1222; x_wconf 83' lang='lat' dir='ltr'><strong>vide</strong></span> <span class='ocrx_word' id='word_1_83' title='bbox 547 1188 588 1221; x_wconf 80' lang='lat' dir='ltr'><strong>ad</strong></span> <span class='ocrx_word' id='word_1_84' title='bbox 608 1189 643 1232; x_wconf 84' lang='lat' dir='ltr'><strong>l,</strong></span> <span class='ocrx_word' id='word_1_85' title='bbox 666 1190 739 1223; x_wconf 85' lang='lat'><strong>522.</strong></span> <span class='ocrx_word' id='word_1_86' title='bbox 751 1208 794 1214; x_wconf 90' lang='lat'><em>—</em></span> <span class='ocrx_word' id='word_1_87' title='bbox 811 1191 911 1223; x_wconf 76' lang='lat' dir='ltr'><strong>Tace·-</strong></span> 
     </span>
    </p>
   </div>
   <div class='ocr_carea' id='block_1_9' title="bbox 231 1234 927 1286">
    <p class='ocr_par' dir='ltr' id='par_1_9' title="bbox 231 1234 927 1286">
     <span class='ocr_line' id='line_1_14' title="bbox 231 1234 927 1286; baseline 0.007 -16"><span class='ocrx_word' id='word_1_88' title='bbox 231 1242 300 1276; x_wconf 76' lang='lat' dir='ltr'><strong>los,</strong></span> <span class='ocrx_word' id='word_1_89' title='bbox 321 1245 436 1273; x_wconf 89' lang='lat' dir='ltr'><strong>mutos</strong></span> <span class='ocrx_word' id='word_1_90' title='bbox 448 1265 456 1280; x_wconf 81' lang='grc'>,</span> <span class='ocrx_word' id='word_1_91' title='bbox 475 1242 614 1282; x_wconf 73' lang='grc' dir='ltr'><strong>ἴλλοκας,</strong></span> <span class='ocrx_word' id='word_1_92' title='bbox 634 1247 673 1274; x_wconf 88' lang='lat' dir='ltr'><strong>ut</strong></span> <span class='ocrx_word' id='word_1_93' title='bbox 690 1242 747 1285; x_wconf 90' lang='lat' dir='ltr'><strong>qui</strong></span> <span class='ocrx_word' id='word_1_94' title='bbox 765 1234 927 1286; x_wconf 50' lang='lat' dir='ltr'><strong>pulmo-&#39;</strong></span> 
     </span>
    </p>
   </div>
   <div class='ocr_carea' id='block_1_10' title="bbox 232 1291 922 2789">
    <p class='ocr_par' dir='ltr' id='par_1_10' title="bbox 232 1291 914 1584">
     <span class='ocr_line' id='line_1_15' title="bbox 232 1291 909 1338; baseline 0.007 -14"><span class='ocrx_word' id='word_1_95' title='bbox 232 1291 348 1335; x_wconf 86' lang='lat' dir='ltr'><strong>nibus,</strong></span> <span class='ocrx_word' id='word_1_96' title='bbox 359 1292 527 1327; x_wconf 86' lang='lat' dir='ltr'><strong>arteriaet</strong></span> <span class='ocrx_word' id='word_1_97' title='bbox 537 1301 675 1338; x_wconf 85' lang='lat' dir='ltr'><strong>gutture</strong></span> <span class='ocrx_word' id='word_1_98' title='bbox 686 1301 834 1329; x_wconf 77' lang='lat' dir='ltr'><strong>careant.</strong></span> <span class='ocrx_word' id='word_1_99' title='bbox 844 1296 909 1329; x_wconf 81' lang='lat' dir='ltr'><strong>Ed.</strong></span> 
     </span>
     <span class='ocr_line' id='line_1_16' title="bbox 234 1345 910 1389; baseline 0.006 -12"><span class='ocrx_word' id='word_1_100' title='bbox 234 1361 279 1369; x_wconf 87' lang='lat'>—</span> <span class='ocrx_word' id='word_1_101' title='bbox 289 1345 348 1378; x_wconf 83' lang='lat' dir='ltr'><strong>An</strong></span> <span class='ocrx_word' id='word_1_102' title='bbox 357 1371 366 1383; x_wconf 91' lang='lat'><strong>‚</strong></span> <span class='ocrx_word' id='word_1_103' title='bbox 380 1358 558 1389; x_wconf 77' lang='lat' dir='ltr'><strong>quoepoma</strong></span> <span class='ocrx_word' id='word_1_104' title='bbox 567 1349 655 1381; x_wconf 83' lang='lat' dir='ltr'><em>alba.</em></span> <span class='ocrx_word' id='word_1_105' title='bbox 672 1346 766 1380; x_wconf 87' lang='lat' dir='ltr'><strong>Mori</strong></span> <span class='ocrx_word' id='word_1_106' title='bbox 781 1347 910 1381; x_wconf 86' lang='lat' dir='ltr'><strong>arboris</strong></span> 
     </span>
     <span class='ocr_line' id='line_1_17' title="bbox 235 1396 914 1441; baseline 0.007 -13"><span class='ocrx_word' id='word_1_107' title='bbox 235 1402 286 1428; x_wconf 87' lang='lat' dir='ltr'><strong>est</strong></span> <span class='ocrx_word' id='word_1_108' title='bbox 308 1396 525 1441; x_wconf 84' lang='lat' dir='ltr'><strong>periphrasis.</strong></span> <span class='ocrx_word' id='word_1_109' title='bbox 555 1398 679 1432; x_wconf 89' lang='lat' dir='ltr'><strong>Morus</strong></span> <span class='ocrx_word' id='word_1_110' title='bbox 696 1398 789 1432; x_wconf 89' lang='lat' dir='ltr'><strong>enim</strong></span> <span class='ocrx_word' id='word_1_111' title='bbox 812 1399 914 1433; x_wconf 86' lang='lat' dir='ltr'><strong>arbor</strong></span> 
     </span>
     <span class='ocr_line' id='line_1_18' title="bbox 234 1447 914 1495; baseline 0.007 -15"><span class='ocrx_word' id='word_1_112' title='bbox 234 1447 367 1481; x_wconf 80' lang='lat' dir='ltr'><strong>fructus</strong></span> <span class='ocrx_word' id='word_1_113' title='bbox 381 1448 533 1491; x_wconf 86' lang='lat' dir='ltr'><strong>primum</strong></span> <span class='ocrx_word' id='word_1_114' title='bbox 545 1449 650 1492; x_wconf 86' lang='lat' dir='ltr'><strong>albos,</strong></span> <span class='ocrx_word' id='word_1_115' title='bbox 660 1450 786 1485; x_wconf 86' lang='lat' dir='ltr'><strong>deinde</strong></span> <span class='ocrx_word' id='word_1_116' title='bbox 796 1451 914 1495; x_wconf 83' lang='lat' dir='ltr'><strong>nigros</strong></span> 
     </span>
     <span class='ocr_line' id='line_1_19' title="bbox 239 1500 913 1546; baseline 0.004 -12"><span class='ocrx_word' id='word_1_117' title='bbox 239 1500 381 1545; x_wconf 88' lang='lat' dir='ltr'><strong>Pyrami</strong></span> <span class='ocrx_word' id='word_1_118' title='bbox 399 1512 438 1533; x_wconf 86' lang='lat' dir='ltr'><strong>ac</strong></span> <span class='ocrx_word' id='word_1_119' title='bbox 452 1500 597 1535; x_wconf 87' lang='lat' dir='ltr'><strong>Thisbes</strong></span> <span class='ocrx_word' id='word_1_120' title='bbox 613 1501 781 1546; x_wconf 87' lang='lat' dir='ltr'><strong>sanguine</strong></span> <span class='ocrx_word' id='word_1_121' title='bbox 801 1503 913 1537; x_wconf 74' lang='lat' dir='ltr'><strong>ess&#39;ec-</strong></span> 
     </span>
     <span class='ocr_line' id='line_1_20' title="bbox 236 1551 472 1584; baseline 0.004 -1"><span class='ocrx_word' id='word_1_122' title='bbox 236 1555 290 1583; x_wconf 83' lang='lat' dir='ltr'><strong>tos</strong></span> <span class='ocrx_word' id='word_1_123' title='bbox 309 1551 384 1584; x_wconf 88' lang='lat' dir='ltr'><strong>sert.</strong></span> <span class='ocrx_word' id='word_1_124' title='bbox 411 1553 472 1584; x_wconf 87' lang='lat' dir='ltr'><strong>Ed.</strong></span> 
     </span>
    </p>

    <p class='ocr_par' dir='ltr' id='par_1_11' title="bbox 237 1603 915 1957">
     <span class='ocr_line' id='line_1_21' title="bbox 282 1603 912 1647; baseline 0.005 -11"><span class='ocrx_word' id='word_1_125' title='bbox 282 1603 333 1637; x_wconf 83' lang='lat'><strong>53.</strong></span> <span class='ocrx_word' id='word_1_126' title='bbox 364 1605 447 1637; x_wconf 83' lang='lat' dir='ltr'><strong>Haec</strong></span> <span class='ocrx_word' id='word_1_127' title='bbox 464 1606 587 1647; x_wconf 71' lang='lat' dir='ltr'><strong>places.</strong></span> <span class='ocrx_word' id='word_1_128' title='bbox 619 1604 736 1639; x_wconf 78' lang='lat' dir='ltr'><strong>Nostri</strong></span> <span class='ocrx_word' id='word_1_129' title='bbox 766 1603 912 1639; x_wconf 83' lang='lat' dir='ltr'><strong>Codices</strong></span> 
     </span>
     <span class='ocr_line' id='line_1_22' title="bbox 239 1654 914 1700; baseline 0 -12"><span class='ocrx_word' id='word_1_130' title='bbox 239 1654 339 1697; x_wconf 74' lang='lat' dir='ltr'><strong>Regii</strong></span> <span class='ocrx_word' id='word_1_131' title='bbox 350 1680 359 1697; x_wconf 90' lang='lat'>,</span> <span class='ocrx_word' id='word_1_132' title='bbox 377 1657 575 1697; x_wconf 76' lang='lat' dir='ltr'><strong>bocplucel:</strong></span> <span class='ocrx_word' id='word_1_133' title='bbox 587 1655 634 1689; x_wconf 89' lang='lat' dir='ltr'><strong>sic</strong></span> <span class='ocrx_word' id='word_1_134' title='bbox 646 1662 778 1690; x_wconf 84' lang='lat' dir='ltr'><strong>veteres</strong></span> <span class='ocrx_word' id='word_1_135' title='bbox 789 1667 914 1700; x_wconf 85' lang='lat' dir='ltr'><strong>magna</strong></span> 
     </span>
     <span class='ocr_line' id='line_1_23' title="bbox 237 1706 915 1751; baseline 0.003 -13"><span class='ocrx_word' id='word_1_136' title='bbox 237 1717 278 1738; x_wconf 84' lang='lat' dir='ltr'><strong>ex</strong></span> <span class='ocrx_word' id='word_1_137' title='bbox 298 1713 404 1749; x_wconf 85' lang='lat' dir='ltr'><strong>parte.</strong></span> <span class='ocrx_word' id='word_1_138' title='bbox 431 1708 514 1740; x_wconf 84' lang='lat' dir='ltr'><strong>Hoec</strong></span> <span class='ocrx_word' id='word_1_139' title='bbox 529 1706 654 1751; x_wconf 78' lang='lat' dir='ltr'><strong>placuit</strong></span> <span class='ocrx_word' id='word_1_140' title='bbox 674 1707 831 1741; x_wconf 87' lang='lat' dir='ltr'><strong>Heinsio.</strong></span> <span class='ocrx_word' id='word_1_141' title='bbox 850 1708 915 1740; x_wconf 81' lang='lat' dir='ltr'><strong>Ed.</strong></span> 
     </span>
     <span class='ocr_line' id='line_1_24' title="bbox 240 1758 913 1803; baseline 0.003 -13"><span class='ocrx_word' id='word_1_142' title='bbox 240 1774 284 1782; x_wconf 82' lang='lat'><strong>—</strong></span> <span class='ocrx_word' id='word_1_143' title='bbox 294 1758 392 1791; x_wconf 82' lang='lat' dir='ltr'><strong>Luna</strong></span> <span class='ocrx_word' id='word_1_144' title='bbox 405 1759 542 1802; x_wconf 86' lang='lat' dir='ltr'><strong>suafila</strong></span> <span class='ocrx_word' id='word_1_145' title='bbox 557 1763 710 1802; x_wconf 76' lang='lat' dir='ltr'><strong>sequente</strong></span> <span class='ocrx_word' id='word_1_146' title='bbox 725 1759 913 1803; x_wconf 78' lang='lat' dir='ltr'><strong>eleganter,</strong></span> 
     </span>
     <span class='ocr_line' id='line_1_25' title="bbox 240 1807 915 1855; baseline 0.004 -13"><span class='ocrx_word' id='word_1_147' title='bbox 240 1807 327 1842; x_wconf 88' lang='lat' dir='ltr'><strong>dum</strong></span> <span class='ocrx_word' id='word_1_148' title='bbox 343 1809 418 1843; x_wconf 82' lang='lat' dir='ltr'><strong>lana</strong></span> <span class='ocrx_word' id='word_1_149' title='bbox 429 1809 612 1844; x_wconf 84' lang='lat' dir='ltr'><strong>deducitur</strong></span> <span class='ocrx_word' id='word_1_150' title='bbox 622 1811 656 1844; x_wconf 89' lang='lat' dir='ltr'><strong>iu</strong></span> <span class='ocrx_word' id='word_1_151' title='bbox 669 1810 725 1844; x_wconf 73' lang='lat' dir='ltr'><strong>sila</strong></span> <span class='ocrx_word' id='word_1_152' title='bbox 739 1825 746 1849; x_wconf 92' lang='lat'>;</span> <span class='ocrx_word' id='word_1_153' title='bbox 763 1815 860 1855; x_wconf 80' lang='lat' dir='ltr'><strong>sequi</strong></span> <span class='ocrx_word' id='word_1_154' title='bbox 872 1810 915 1845; x_wconf 88' lang='lat' dir='ltr'><strong>de</strong></span> 
     </span>
     <span class='ocr_line' id='line_1_26' title="bbox 239 1861 914 1907; baseline 0.003 -11"><span class='ocrx_word' id='word_1_155' title='bbox 239 1862 343 1897; x_wconf 79' lang='lat' dir='ltr'><strong>rebus</strong></span> <span class='ocrx_word' id='word_1_156' title='bbox 355 1861 547 1897; x_wconf 75' lang='lat' dir='ltr'><strong>ductilibus.</strong></span> <span class='ocrx_word' id='word_1_157' title='bbox 559 1862 649 1897; x_wconf 86' lang='lat' dir='ltr'><strong>Vide</strong></span> <span class='ocrx_word' id='word_1_158' title='bbox 663 1863 705 1897; x_wconf 84' lang='lat' dir='ltr'><strong>ad</strong></span> <span class='ocrx_word' id='word_1_159' title='bbox 718 1863 808 1898; x_wconf 87' lang='lat' dir='ltr'><strong>Plin.</strong></span> <span class='ocrx_word' id='word_1_160' title='bbox 820 1863 892 1898; x_wconf 84' lang='lat' dir='ltr'><strong>VII</strong></span> <span class='ocrx_word' id='word_1_161' title='bbox 904 1890 914 1907; x_wconf 89' lang='lat'>‚</span> 
     </span>
     <span class='ocr_line' id='line_1_27' title="bbox 243 1912 456 1957; baseline 0.009 -12"><span class='ocrx_word' id='word_1_162' title='bbox 243 1912 307 1957; x_wconf 92' lang='lat' dir='ltr'><strong>Ep.</strong></span> <span class='ocrx_word' id='word_1_163' title='bbox 326 1923 363 1947; x_wconf 83' lang='lat' dir='ltr'><strong>lx</strong></span> <span class='ocrx_word' id='word_1_164' title='bbox 376 1939 385 1956; x_wconf 90' lang='lat'>,</span> <span class='ocrx_word' id='word_1_165' title='bbox 409 1927 421 1947; x_wconf 83' lang='lat'>1</span> <span class='ocrx_word' id='word_1_166' title='bbox 432 1927 456 1948; x_wconf 80' lang='grc' dir='ltr'><strong>ι,</strong></span> 
     </span>
    </p>

    <p class='ocr_par' dir='ltr' id='par_1_12' title="bbox 242 1964 922 2789">
     <span class='ocr_line' id='line_1_28' title="bbox 286 1964 915 2014; baseline 0.003 -16"><span class='ocrx_word' id='word_1_167' title='bbox 286 1964 338 1998; x_wconf 82' lang='lat'><strong>55.</strong></span> <span class='ocrx_word' id='word_1_168' title='bbox 351 1967 515 2011; x_wconf 79' lang='lat' dir='ltr'><strong>Pyramus</strong></span> <span class='ocrx_word' id='word_1_169' title='bbox 527 1973 561 2000; x_wconf 77' lang='lat' dir='ltr'><strong>et</strong></span> <span class='ocrx_word' id='word_1_170' title='bbox 582 1967 700 2000; x_wconf 77' lang='lat' dir='ltr'><strong>Thisbe</strong></span> <span class='ocrx_word' id='word_1_171' title='bbox 713 1965 915 2014; x_wconf 79' lang='lat' dir='ltr'><strong>Babylonii,</strong></span> 
     </span>
     <span class='ocr_line' id='line_1_29' title="bbox 242 2015 918 2052; baseline 0.004 -3"><span class='ocrx_word' id='word_1_172' title='bbox 242 2015 338 2050; x_wconf 73' lang='lat' dir='ltr'><strong>triste</strong></span> <span class='ocrx_word' id='word_1_173' title='bbox 379 2017 507 2051; x_wconf 86' lang='lat' dir='ltr'><strong>amoris</strong></span> <span class='ocrx_word' id='word_1_174' title='bbox 540 2018 761 2052; x_wconf 82' lang='lat' dir='ltr'><strong>infelicissimi</strong></span> <span class='ocrx_word' id='word_1_175' title='bbox 792 2031 918 2052; x_wconf 86' lang='lat' dir='ltr'><strong>exem-</strong></span> 
     </span>
     <span class='ocr_line' id='line_1_30' title="bbox 242 2066 919 2114; baseline 0.004 -15"><span class='ocrx_word' id='word_1_176' title='bbox 242 2066 339 2111; x_wconf 89' lang='lat' dir='ltr'><strong>plum</strong></span> <span class='ocrx_word' id='word_1_177' title='bbox 353 2093 362 2108; x_wconf 83' lang='lat'>‚</span> <span class='ocrx_word' id='word_1_178' title='bbox 375 2080 525 2112; x_wconf 86' lang='lat' dir='ltr'><strong>quorum</strong></span> <span class='ocrx_word' id='word_1_179' title='bbox 536 2069 703 2113; x_wconf 82' lang='lat' dir='ltr'><strong>sanguine</strong></span> <span class='ocrx_word' id='word_1_180' title='bbox 715 2069 804 2102; x_wconf 81' lang='lat' dir='ltr'><strong>niori</strong></span> <span class='ocrx_word' id='word_1_181' title='bbox 815 2081 919 2114; x_wconf 88' lang='lat' dir='ltr'><strong>poma</strong></span> 
     </span>
     <span class='ocr_line' id='line_1_31' title="bbox 244 2117 918 2164; baseline 0.003 -13"><span class='ocrx_word' id='word_1_182' title='bbox 244 2117 402 2162; x_wconf 85' lang='lat' dir='ltr'><strong>adspersa</strong></span> <span class='ocrx_word' id='word_1_183' title='bbox 424 2120 564 2164; x_wconf 86' lang='lat' dir='ltr'><strong>nigrum</strong></span> <span class='ocrx_word' id='word_1_184' title='bbox 582 2127 830 2154; x_wconf 76' lang='lat' dir='ltr'><strong>contraxerunt</strong></span> <span class='ocrx_word' id='word_1_185' title='bbox 851 2133 918 2155; x_wconf 88' lang='lat' dir='ltr'><strong>co—</strong></span> 
     </span>
     <span class='ocr_line' id='line_1_32' title="bbox 242 2167 919 2218; baseline 0.001 -12"><span class='ocrx_word' id='word_1_186' title='bbox 242 2172 370 2206; x_wconf 84' lang='lat' dir='ltr'><strong>lorem..</strong></span> <span class='ocrx_word' id='word_1_187' title='bbox 385 2167 562 2207; x_wconf 71' lang='lat' dir='ltr'><strong>Caeterum</strong></span> <span class='ocrx_word' id='word_1_188' title='bbox 576 2187 594 2207; x_wconf 86' lang='lat' dir='ltr'><strong>a</strong></span> <span class='ocrx_word' id='word_1_189' title='bbox 607 2173 702 2207; x_wconf 87' lang='lat' dir='ltr'><strong>nullo</strong></span> <span class='ocrx_word' id='word_1_190' title='bbox 722 2174 786 2207; x_wconf 84' lang='lat' dir='ltr'><strong>alio</strong></span> <span class='ocrx_word' id='word_1_191' title='bbox 804 2174 919 2218; x_wconf 84' lang='lat' dir='ltr'><strong>scrip—</strong></span> 
     </span>
     <span class='ocr_line' id='line_1_33' title="bbox 245 2224 921 2268; baseline 0.003 -12"><span class='ocrx_word' id='word_1_192' title='bbox 245 2229 321 2257; x_wconf 83' lang='lat' dir='ltr'><strong>tore</strong></span> <span class='ocrx_word' id='word_1_193' title='bbox 339 2225 481 2268; x_wconf 77' lang='lat' dir='ltr'><strong>antiquo</strong></span> <span class='ocrx_word' id='word_1_194' title='bbox 506 2232 646 2259; x_wconf 80' lang='lat' dir='ltr'><strong>tractata</strong></span> <span class='ocrx_word' id='word_1_195' title='bbox 663 2231 713 2259; x_wconf 84' lang='lat' dir='ltr'><strong>est</strong></span> <span class='ocrx_word' id='word_1_196' title='bbox 729 2224 800 2259; x_wconf 86' lang='lat' dir='ltr'><strong>haec</strong></span> <span class='ocrx_word' id='word_1_197' title='bbox 820 2225 921 2258; x_wconf 83' lang='lat' dir='ltr'><strong>sabu-</strong></span> 
     </span>
     <span class='ocr_line' id='line_1_34' title="bbox 244 2274 920 2319; baseline 0.001 -10"><span class='ocrx_word' id='word_1_198' title='bbox 244 2274 296 2318; x_wconf 87' lang='lat' dir='ltr'><strong>la,</strong></span> <span class='ocrx_word' id='word_1_199' title='bbox 318 2282 351 2309; x_wconf 78' lang='lat' dir='ltr'><strong>et</strong></span> <span class='ocrx_word' id='word_1_200' title='bbox 361 2301 370 2318; x_wconf 89' lang='lat'>,</span> <span class='ocrx_word' id='word_1_201' title='bbox 389 2276 454 2310; x_wconf 88' lang='lat' dir='ltr'><strong>nisi</strong></span> <span class='ocrx_word' id='word_1_202' title='bbox 466 2275 544 2309; x_wconf 82' lang='lat' dir='ltr'><strong>ficta</strong></span> <span class='ocrx_word' id='word_1_203' title='bbox 557 2277 598 2310; x_wconf 88' lang='lat' dir='ltr'><strong>ab</strong></span> <span class='ocrx_word' id='word_1_204' title='bbox 611 2276 740 2310; x_wconf 82' lang='lat' dir='ltr'><strong>ovidio</strong></span> <span class='ocrx_word' id='word_1_205' title='bbox 752 2302 761 2319; x_wconf 95' lang='lat'>‚</span> <span class='ocrx_word' id='word_1_206' title='bbox 774 2283 865 2310; x_wconf 78' lang='lat' dir='ltr'><strong>certe</strong></span> <span class='ocrx_word' id='word_1_207' title='bbox 882 2283 920 2310; x_wconf 79' lang='lat' dir='ltr'><strong>ut</strong></span> 
     </span>
     <span class='ocr_line' id='line_1_35' title="bbox 245 2327 918 2371; baseline 0.003 -11"><span class='ocrx_word' id='word_1_208' title='bbox 245 2340 310 2361; x_wconf 85' lang='lat' dir='ltr'><strong>non</strong></span> <span class='ocrx_word' id='word_1_209' title='bbox 320 2329 469 2371; x_wconf 63' lang='lat' dir='ltr'><strong>vuafgaris·</strong></span> <span class='ocrx_word' id='word_1_210' title='bbox 479 2334 513 2361; x_wconf 89' lang='lat' dir='ltr'><strong>et</strong></span> <span class='ocrx_word' id='word_1_211' title='bbox 525 2341 564 2361; x_wconf 81' lang='lat' dir='ltr'><strong>ex</strong></span> <span class='ocrx_word' id='word_1_212' title='bbox 576 2327 724 2362; x_wconf 81' lang='lat' dir='ltr'><strong>Oriente</strong></span> <span class='ocrx_word' id='word_1_213' title='bbox 736 2328 896 2362; x_wconf 77' lang='lat' dir='ltr'><strong>translata</strong></span> <span class='ocrx_word' id='word_1_214' title='bbox 909 2354 918 2371; x_wconf 93' lang='lat'>,</span> 
     </span>
     <span class='ocr_line' id='line_1_36' title="bbox 247 2381 921 2426; baseline 0 -12"><span class='ocrx_word' id='word_1_215' title='bbox 247 2381 432 2426; x_wconf 80' lang='lat' dir='ltr'><strong>diligenter</strong></span> <span class='ocrx_word' id='word_1_216' title='bbox 442 2388 614 2415; x_wconf 79' lang='lat' dir='ltr'><strong>exornata.</strong></span> <span class='ocrx_word' id='word_1_217' title='bbox 623 2381 732 2415; x_wconf 76' lang='lat' dir='ltr'><strong>Valde</strong></span> <span class='ocrx_word' id='word_1_218' title='bbox 745 2388 861 2415; x_wconf 87' lang='lat' dir='ltr'><strong>autem</strong></span> <span class='ocrx_word' id='word_1_219' title='bbox 872 2381 921 2414; x_wconf 85' lang='lat' dir='ltr'><strong>as-</strong></span> 
     </span>
     <span class='ocr_line' id='line_1_37' title="bbox 247 2432 920 2478; baseline -0.001 -11"><span class='ocrx_word' id='word_1_220' title='bbox 247 2432 320 2467; x_wconf 80' lang='lat' dir='ltr'><strong>ficit</strong></span> <span class='ocrx_word' id='word_1_221' title='bbox 330 2433 463 2467; x_wconf 84' lang='lat' dir='ltr'><strong>animos</strong></span> <span class='ocrx_word' id='word_1_222' title='bbox 475 2433 676 2478; x_wconf 82' lang='lat' dir='ltr'><strong>legentium.</strong></span> <span class='ocrx_word' id='word_1_223' title='bbox 689 2433 787 2467; x_wconf 87' lang='lat' dir='ltr'><strong>AEtas</strong></span> <span class='ocrx_word' id='word_1_224' title='bbox 801 2445 920 2467; x_wconf 87' lang='lat' dir='ltr'><strong>aman-</strong></span> 
     </span>
     <span class='ocr_line' id='line_1_38' title="bbox 246 2484 921 2528; baseline 0 -9"><span class='ocrx_word' id='word_1_225' title='bbox 246 2486 356 2528; x_wconf 81' lang='lat' dir='ltr'><strong>tium,</strong></span> <span class='ocrx_word' id='word_1_226' title='bbox 372 2492 483 2522; x_wconf 62' lang='lat' dir='ltr'><strong>castus</strong></span> <span class='ocrx_word' id='word_1_227' title='bbox 498 2498 620 2519; x_wconf 71' lang='lat' dir='ltr'><strong>mrum</strong></span> <span class='ocrx_word' id='word_1_228' title='bbox 639 2497 737 2518; x_wconf 79' lang='lat' dir='ltr'><strong>amor</strong></span> <span class='ocrx_word' id='word_1_229' title='bbox 748 2511 757 2527; x_wconf 92' lang='lat'>,</span> <span class='ocrx_word' id='word_1_230' title='bbox 776 2484 921 2519; x_wconf 80' lang='lat' dir='ltr'><strong>durities</strong></span> 
     </span>
     <span class='ocr_line' id='line_1_39' title="bbox 247 2537 919 2582; baseline 0.003 -13"><span class='ocrx_word' id='word_1_231' title='bbox 247 2544 434 2581; x_wconf 83' lang='lat' dir='ltr'><strong>parentum</strong></span> <span class='ocrx_word' id='word_1_232' title='bbox 447 2563 454 2579; x_wconf 87' lang='lat'>,</span> <span class='ocrx_word' id='word_1_233' title='bbox 490 2551 587 2571; x_wconf 81' lang='lat' dir='ltr'><strong>error</strong></span> <span class='ocrx_word' id='word_1_234' title='bbox 615 2550 683 2582; x_wconf 90' lang='lat' dir='ltr'><strong>quo</strong></span> <span class='ocrx_word' id='word_1_235' title='bbox 707 2537 892 2571; x_wconf 77' lang='lat' dir='ltr'><strong>trahuntur</strong></span> <span class='ocrx_word' id='word_1_236' title='bbox 910 2563 919 2580; x_wconf 91' lang='lat'>‚</span> 
     </span>
     <span class='ocr_line' id='line_1_40' title="bbox 248 2588 920 2634; baseline 0.001 -12"><span class='ocrx_word' id='word_1_237' title='bbox 248 2588 359 2622; x_wconf 79' lang='lat' dir='ltr'><strong>tristes</strong></span> <span class='ocrx_word' id='word_1_238' title='bbox 382 2589 533 2634; x_wconf 88' lang='lat' dir='ltr'><strong>denique</strong></span> <span class='ocrx_word' id='word_1_239' title='bbox 551 2602 673 2623; x_wconf 89' lang='lat' dir='ltr'><strong>eorum</strong></span> <span class='ocrx_word' id='word_1_240' title='bbox 685 2590 807 2631; x_wconf 87' lang='lat' dir='ltr'><strong>exitus,</strong></span> <span class='ocrx_word' id='word_1_241' title='bbox 822 2589 920 2623; x_wconf 85' lang='lat' dir='ltr'><strong>mul-</strong></span> 
     </span>
     <span class='ocr_line' id='line_1_41' title="bbox 248 2640 915 2675; baseline 0.003 -3"><span class='ocrx_word' id='word_1_242' title='bbox 248 2646 324 2673; x_wconf 79' lang='lat' dir='ltr'><strong>tum</strong></span> <span class='ocrx_word' id='word_1_243' title='bbox 339 2640 453 2674; x_wconf 88' lang='lat' dir='ltr'><strong>valent</strong></span> <span class='ocrx_word' id='word_1_244' title='bbox 469 2641 510 2674; x_wconf 88' lang='lat' dir='ltr'><strong>ad</strong></span> <span class='ocrx_word' id='word_1_245' title='bbox 528 2641 821 2675; x_wconf 82' lang='lat' dir='ltr'><strong>commovendum</strong></span> <span class='ocrx_word' id='word_1_246' title='bbox 839 2641 915 2675; x_wconf 89' lang='lat' dir='ltr'><strong>ani—</strong></span> 
     </span>
     <span class='ocr_line' id='line_1_42' title="bbox 248 2691 921 2738; baseline 0 -13"><span class='ocrx_word' id='word_1_247' title='bbox 248 2704 358 2725; x_wconf 85' lang='lat' dir='ltr'><strong>mum.</strong></span> <span class='ocrx_word' id='word_1_248' title='bbox 377 2691 508 2725; x_wconf 80' lang='lat' dir='ltr'><strong>Omnia</strong></span> <span class='ocrx_word' id='word_1_249' title='bbox 522 2693 612 2726; x_wconf 89' lang='lat' dir='ltr'><strong>inter</strong></span> <span class='ocrx_word' id='word_1_250' title='bbox 623 2706 657 2726; x_wconf 88' lang='lat' dir='ltr'><strong>se</strong></span> <span class='ocrx_word' id='word_1_251' title='bbox 670 2693 867 2738; x_wconf 84' lang='lat' dir='ltr'><strong>conspirant</strong></span> <span class='ocrx_word' id='word_1_252' title='bbox 879 2692 921 2725; x_wconf 78' lang='lat' dir='ltr'><strong>ad</strong></span> 
     </span>
     <span class='ocr_line' id='line_1_43' title="bbox 248 2741 922 2789; baseline 0.007 -14"><span class='ocrx_word' id='word_1_253' title='bbox 248 2741 357 2776; x_wconf 84' lang='lat' dir='ltr'><strong>fidem</strong></span> <span class='ocrx_word' id='word_1_254' title='bbox 378 2743 589 2787; x_wconf 80' lang='lat' dir='ltr'><strong>faciendam,</strong></span> <span class='ocrx_word' id='word_1_255' title='bbox 608 2751 709 2789; x_wconf 86' lang='lat' dir='ltr'><strong>atque</strong></span> <span class='ocrx_word' id='word_1_256' title='bbox 729 2744 770 2778; x_wconf 87' lang='lat' dir='ltr'><strong>ad</strong></span> <span class='ocrx_word' id='word_1_257' title='bbox 788 2751 922 2780; x_wconf 80' lang='lat' dir='ltr'><strong>naturae</strong></span> 
     </span>
    </p>
   </div>
   <div class='ocr_carea' id='block_1_11' title="bbox 975 1134 1665 2778">
    <p class='ocr_par' dir='ltr' id='par_1_13' title="bbox 975 1134 1646 1239">
     <span class='ocr_line' id='line_1_44' title="bbox 975 1134 1646 1182; baseline -0.006 -11"><span class='ocrx_word' id='word_1_258' title='bbox 975 1136 1158 1171; x_wconf 83' lang='lat' dir='ltr'><strong>veritatem</strong></span> <span class='ocrx_word' id='word_1_259' title='bbox 1170 1148 1356 1182; x_wconf 83' lang='lat' dir='ltr'><strong>moresque</strong></span> <span class='ocrx_word' id='word_1_260' title='bbox 1372 1134 1564 1171; x_wconf 82' lang='lat' dir='ltr'><strong>amantium</strong></span> <span class='ocrx_word' id='word_1_261' title='bbox 1579 1145 1646 1168; x_wconf 85' lang='lat' dir='ltr'><strong>no-</strong></span> 
     </span>
     <span class='ocr_line' id='line_1_45' title="bbox 977 1194 1293 1239; baseline 0 -17"><span class='ocrx_word' id='word_1_262' title='bbox 977 1194 1048 1222; x_wconf 82' lang='lat' dir='ltr'><strong>tata</strong></span> <span class='ocrx_word' id='word_1_263' title='bbox 1064 1196 1156 1223; x_wconf 78' lang='lat' dir='ltr'><strong>sunt.</strong></span> <span class='ocrx_word' id='word_1_264' title='bbox 1289 1232 1293 1239; x_wconf 35' lang='lat'><strong><em>⁴</em></strong></span> 
     </span>
    </p>

    <p class='ocr_par' dir='ltr' id='par_1_14' title="bbox 975 1237 1665 2778">
     <span class='ocr_line' id='line_1_46' title="bbox 1021 1237 1649 1286; baseline -0.005 -12"><span class='ocrx_word' id='word_1_265' title='bbox 1021 1242 1073 1286; x_wconf 88' lang='lat'><strong>57.</strong></span> <span class='ocrx_word' id='word_1_266' title='bbox 1093 1243 1276 1286; x_wconf 71' lang='lat' dir='ltr'><em>Contiguus</em></span> <span class='ocrx_word' id='word_1_267' title='bbox 1291 1243 1414 1275; x_wconf 85' lang='lat' dir='ltr'><strong>domos.</strong></span> <span class='ocrx_word' id='word_1_268' title='bbox 1438 1237 1559 1274; x_wconf 80' lang='lat' dir='ltr'><strong>Codex</strong></span> <span class='ocrx_word' id='word_1_269' title='bbox 1574 1237 1649 1273; x_wconf 80' lang='lat' dir='ltr'><strong>Re-</strong></span> 
     </span>
     <span class='ocr_line' id='line_1_47' title="bbox 976 1292 1650 1339; baseline -0.006 -11"><span class='ocrx_word' id='word_1_270' title='bbox 976 1292 1050 1338; x_wconf 82' lang='lat' dir='ltr'><strong>gius</strong></span> <span class='ocrx_word' id='word_1_271' title='bbox 1062 1293 1112 1337; x_wconf 87' lang='lat' dir='ltr'><strong>A,</strong></span> <span class='ocrx_word' id='word_1_272' title='bbox 1130 1307 1193 1339; x_wconf 90' lang='lat' dir='ltr'><strong>pro</strong></span> <span class='ocrx_word' id='word_1_273' title='bbox 1205 1298 1395 1338; x_wconf 75' lang='lat' dir='ltr'><strong>contiguas,</strong></span> <span class='ocrx_word' id='word_1_274' title='bbox 1413 1292 1517 1327; x_wconf 77' lang='lat' dir='ltr'><strong>habet</strong></span> <span class='ocrx_word' id='word_1_275' title='bbox 1535 1293 1650 1326; x_wconf 78' lang='lat' dir='ltr'><strong>conti·-</strong></span> 
     </span>
     <span class='ocr_line' id='line_1_48' title="bbox 975 1341 1650 1390; baseline -0.003 -12"><span class='ocrx_word' id='word_1_276' title='bbox 975 1357 1084 1388; x_wconf 73' lang='lat' dir='ltr'><strong>nuus5</strong></span> <span class='ocrx_word' id='word_1_277' title='bbox 1101 1346 1196 1381; x_wconf 86' lang='lat' dir='ltr'><strong>idem</strong></span> <span class='ocrx_word' id='word_1_278' title='bbox 1210 1373 1219 1390; x_wconf 89' lang='lat'>,</span> <span class='ocrx_word' id='word_1_279' title='bbox 1240 1345 1362 1381; x_wconf 84' lang='lat' dir='ltr'><strong>Codex</strong></span> <span class='ocrx_word' id='word_1_280' title='bbox 1382 1346 1423 1380; x_wconf 93' lang='lat' dir='ltr'><strong>B.</strong></span> <span class='ocrx_word' id='word_1_281' title='bbox 1446 1362 1491 1371; x_wconf 96' lang='lat'><strong>—</strong></span> <span class='ocrx_word' id='word_1_282' title='bbox 1513 1343 1566 1377; x_wconf 89' lang='lat' dir='ltr'><strong>Ex</strong></span> <span class='ocrx_word' id='word_1_283' title='bbox 1583 1341 1650 1376; x_wconf 86' lang='lat' dir='ltr'><strong>hoc</strong></span> 
     </span>
     <span class='ocr_line' id='line_1_49' title="bbox 978 1394 1650 1444; baseline -0.006 -12"><span class='ocrx_word' id='word_1_284' title='bbox 978 1410 1079 1432; x_wconf 87' lang='lat' dir='ltr'><strong>versu</strong></span> <span class='ocrx_word' id='word_1_285' title='bbox 1097 1405 1259 1444; x_wconf 87' lang='lat' dir='ltr'><strong>apparet,</strong></span> <span class='ocrx_word' id='word_1_286' title='bbox 1276 1398 1337 1432; x_wconf 88' lang='lat' dir='ltr'><strong>has</strong></span> <span class='ocrx_word' id='word_1_287' title='bbox 1354 1396 1477 1431; x_wconf 87' lang='lat' dir='ltr'><strong>domos</strong></span> <span class='ocrx_word' id='word_1_288' title='bbox 1493 1394 1650 1430; x_wconf 81' lang='lat' dir='ltr'><strong>habuisse</strong></span> 
     </span>
     <span class='ocr_line' id='line_1_50' title="bbox 979 1445 1652 1495; baseline -0.007 -11"><span class='ocrx_word' id='word_1_289' title='bbox 979 1462 1207 1484; x_wconf 85' lang='lat' dir='ltr'><strong>communem</strong></span> <span class='ocrx_word' id='word_1_290' title='bbox 1229 1446 1398 1495; x_wconf 79' lang='lat' dir='ltr'><strong>parietem</strong></span> <span class='ocrx_word' id='word_1_291' title='bbox 1414 1474 1424 1492; x_wconf 84' lang='lat'>,</span> <span class='ocrx_word' id='word_1_292' title='bbox 1458 1459 1564 1493; x_wconf 73' lang='lat' dir='ltr'><strong>quas,</strong></span> <span class='ocrx_word' id='word_1_293' title='bbox 1592 1445 1652 1491; x_wconf 83' lang='lat' dir='ltr'><strong>qui</strong></span> 
     </span>
     <span class='ocr_line' id='line_1_51' title="bbox 980 1502 1653 1548; baseline -0.007 -12"><span class='ocrx_word' id='word_1_294' title='bbox 980 1502 1139 1538; x_wconf 89' lang='lat' dir='ltr'><strong>distincte</strong></span> <span class='ocrx_word' id='word_1_295' title='bbox 1172 1503 1267 1548; x_wconf 92' lang='lat' dir='ltr'><strong>loqui</strong></span> <span class='ocrx_word' id='word_1_296' title='bbox 1295 1502 1419 1536; x_wconf 82' lang='lat' dir='ltr'><strong>volunt</strong></span> <span class='ocrx_word' id='word_1_297' title='bbox 1434 1527 1444 1545; x_wconf 94' lang='lat'><em>‚</em></span> <span class='ocrx_word' id='word_1_298' title='bbox 1479 1502 1653 1535; x_wconf 73' lang='lat' dir='ltr'><strong>continuas</strong></span> 
     </span>
     <span class='ocr_line' id='line_1_52' title="bbox 980 1550 1652 1600; baseline -0.007 -11"><span class='ocrx_word' id='word_1_299' title='bbox 980 1554 1091 1600; x_wconf 86' lang='lat' dir='ltr'><strong>(quod</strong></span> <span class='ocrx_word' id='word_1_300' title='bbox 1108 1555 1214 1589; x_wconf 87' lang='lat' dir='ltr'><strong>etiam</strong></span> <span class='ocrx_word' id='word_1_301' title='bbox 1234 1555 1269 1589; x_wconf 88' lang='lat' dir='ltr'><strong>h.</strong></span> <span class='ocrx_word' id='word_1_302' title='bbox 1285 1555 1307 1589; x_wconf 92' lang='lat' dir='ltr'><strong>l.</strong></span> <span class='ocrx_word' id='word_1_303' title='bbox 1324 1561 1376 1588; x_wconf 86' lang='lat' dir='ltr'><strong>est</strong></span> <span class='ocrx_word' id='word_1_304' title='bbox 1390 1554 1428 1587; x_wconf 85' lang='lat' dir='ltr'><strong>in</strong></span> <span class='ocrx_word' id='word_1_305' title='bbox 1443 1553 1545 1586; x_wconf 87' lang='lat' dir='ltr'><strong>Varr.</strong></span> <span class='ocrx_word' id='word_1_306' title='bbox 1559 1550 1652 1592; x_wconf 84' lang='lat' dir='ltr'><strong>lect.)</strong></span> 
     </span>
     <span class='ocr_line' id='line_1_53' title="bbox 980 1605 1654 1646; baseline -0.004 -8"><span class='ocrx_word' id='word_1_307' title='bbox 980 1613 1039 1640; x_wconf 82' lang='lat' dir='ltr'><strong>aut</strong></span> <span class='ocrx_word' id='word_1_308' title='bbox 1070 1611 1273 1640; x_wconf 72' lang='lat' dir='ltr'><strong>continentes</strong></span> <span class='ocrx_word' id='word_1_309' title='bbox 1306 1605 1436 1639; x_wconf 82' lang='lat' dir='ltr'><strong>dicunt.</strong></span> <span class='ocrx_word' id='word_1_310' title='bbox 1486 1605 1654 1646; x_wconf 61' lang='lat' dir='ltr'><strong>Contlsguoe</strong></span> 
     </span>
     <span class='ocr_line' id='line_1_54' title="bbox 979 1654 1655 1702; baseline -0.006 -11"><span class='ocrx_word' id='word_1_311' title='bbox 979 1657 1075 1691; x_wconf 88' lang='lat' dir='ltr'><strong>enim</strong></span> <span class='ocrx_word' id='word_1_312' title='bbox 1089 1665 1148 1692; x_wconf 88' lang='lat' dir='ltr'><strong>aut</strong></span> <span class='ocrx_word' id='word_1_313' title='bbox 1163 1661 1301 1702; x_wconf 74' lang='lat' dir='ltr'><strong>allt&#39;guoe</strong></span> <span class='ocrx_word' id='word_1_314' title='bbox 1315 1670 1364 1691; x_wconf 85' lang='lat' dir='ltr'><strong>eae</strong></span> <span class='ocrx_word' id='word_1_315' title='bbox 1380 1656 1485 1690; x_wconf 82' lang='lat' dir='ltr'><strong>etiam</strong></span> <span class='ocrx_word' id='word_1_316' title='bbox 1502 1654 1569 1688; x_wconf 90' lang='lat' dir='ltr'><strong>dic&#39;i</strong></span> <span class='ocrx_word' id='word_1_317' title='bbox 1581 1666 1655 1699; x_wconf 86' lang='lat' dir='ltr'><strong>pos-</strong></span> 
     </span>
     <span class='ocr_line' id='line_1_55' title="bbox 979 1706 1654 1754; baseline -0.006 -12"><span class='ocrx_word' id='word_1_318' title='bbox 979 1716 1061 1743; x_wconf 86' lang='lat' dir='ltr'><strong>sunt</strong></span> <span class='ocrx_word' id='word_1_319' title='bbox 1077 1735 1085 1751; x_wconf 94' lang='lat'>,</span> <span class='ocrx_word' id='word_1_320' title='bbox 1117 1721 1193 1754; x_wconf 85' lang='lat' dir='ltr'><strong>quae</strong></span> <span class='ocrx_word' id='word_1_321' title='bbox 1218 1722 1253 1743; x_wconf 79' lang='lat' dir='ltr'><strong>se</strong></span> <span class='ocrx_word' id='word_1_322' title='bbox 1286 1708 1436 1742; x_wconf 81' lang='lat' dir='ltr'><strong>invicem</strong></span> <span class='ocrx_word' id='word_1_323' title='bbox 1467 1706 1654 1751; x_wconf 82' lang='lat' dir='ltr'><strong>attingunt.</strong></span> 
     </span>
     <span class='ocr_line' id='line_1_56' title="bbox 981 1756 1654 1805; baseline -0.007 -10"><span class='ocrx_word' id='word_1_324' title='bbox 981 1761 1061 1795; x_wconf 89' lang='lat' dir='ltr'><strong>Hoc</strong></span> <span class='ocrx_word' id='word_1_325' title='bbox 1076 1774 1172 1795; x_wconf 84' lang='lat' dir='ltr'><strong>nunc</strong></span> <span class='ocrx_word' id='word_1_326' title='bbox 1188 1766 1345 1805; x_wconf 84' lang='lat' dir='ltr'><strong>praestat,</strong></span> <span class='ocrx_word' id='word_1_327' title='bbox 1369 1758 1449 1804; x_wconf 88' lang='lat' dir='ltr'><strong>quia</strong></span> <span class='ocrx_word' id='word_1_328' title='bbox 1468 1770 1571 1792; x_wconf 84' lang='lat' dir='ltr'><strong>versu</strong></span> <span class='ocrx_word' id='word_1_329' title='bbox 1592 1756 1654 1799; x_wconf 78' lang='grc'><strong>66,</strong></span> 
     </span>
     <span class='ocr_line' id='line_1_57' title="bbox 981 1810 1654 1854; baseline -0.004 -8"><span class='ocrx_word' id='word_1_330' title='bbox 981 1812 1125 1846; x_wconf 87' lang='lat' dir='ltr'><strong>demum</strong></span> <span class='ocrx_word' id='word_1_331' title='bbox 1142 1819 1328 1854; x_wconf 85' lang='lat' dir='ltr'><strong>monetur,</strong></span> <span class='ocrx_word' id='word_1_332' title='bbox 1345 1811 1407 1845; x_wconf 75' lang='lat' dir='ltr'><strong>has</strong></span> <span class='ocrx_word' id='word_1_333' title='bbox 1423 1810 1546 1844; x_wconf 83' lang='lat' dir='ltr'><strong>domos</strong></span> <span class='ocrx_word' id='word_1_334' title='bbox 1563 1822 1654 1844; x_wconf 77' lang='lat' dir='ltr'><strong>corn-</strong></span> 
     </span>
     <span class='ocr_line' id='line_1_58' title="bbox 981 1861 1656 1907; baseline -0.007 -9"><span class='ocrx_word' id='word_1_335' title='bbox 981 1877 1108 1898; x_wconf 84' lang='lat' dir='ltr'><strong>munem</strong></span> <span class='ocrx_word' id='word_1_336' title='bbox 1125 1867 1285 1907; x_wconf 76' lang='lat' dir='ltr'><strong>parietem</strong></span> <span class='ocrx_word' id='word_1_337' title='bbox 1315 1862 1483 1897; x_wconf 80' lang='lat' dir='ltr'><strong>habuisse.</strong></span> <span class='ocrx_word' id='word_1_338' title='bbox 1512 1879 1557 1887; x_wconf 90' lang='lat'><em>-</em></span> <span class='ocrx_word' id='word_1_339' title='bbox 1591 1861 1656 1894; x_wconf 83' lang='lat' dir='ltr'><strong>Te-</strong></span> 
     </span>
     <span class='ocr_line' id='line_1_59' title="bbox 980 1912 1655 1962; baseline -0.007 -11"><span class='ocrx_word' id='word_1_340' title='bbox 980 1929 1087 1951; x_wconf 83' lang='lat' dir='ltr'><strong>nuere.</strong></span> <span class='ocrx_word' id='word_1_341' title='bbox 1105 1916 1220 1962; x_wconf 84' lang='lat' dir='ltr'><strong>Vulgo</strong></span> <span class='ocrx_word' id='word_1_342' title='bbox 1235 1918 1394 1954; x_wconf 83' lang='lat' dir='ltr'><strong>habuere,</strong></span> <span class='ocrx_word' id='word_1_343' title='bbox 1422 1913 1516 1960; x_wconf 85' lang='lat' dir='ltr'><strong>quod</strong></span> <span class='ocrx_word' id='word_1_344' title='bbox 1533 1912 1655 1947; x_wconf 88' lang='lat' dir='ltr'><strong>Hein—</strong></span> 
     </span>
     <span class='ocr_line' id='line_1_60' title="bbox 981 1966 1658 2012; baseline -0.007 -10"><span class='ocrx_word' id='word_1_345' title='bbox 981 1968 1049 2002; x_wconf 87' lang='lat' dir='ltr'><strong>sius</strong></span> <span class='ocrx_word' id='word_1_346' title='bbox 1059 1968 1178 2012; x_wconf 79' lang='lat' dir='ltr'><strong>rejecit</strong></span> <span class='ocrx_word' id='word_1_347' title='bbox 1188 1993 1197 2010; x_wconf 92' lang='lat'>,</span> <span class='ocrx_word' id='word_1_348' title='bbox 1216 1966 1295 2012; x_wconf 86' lang='lat' dir='ltr'><strong>quia</strong></span> <span class='ocrx_word' id='word_1_349' title='bbox 1306 1966 1501 2010; x_wconf 74' lang='lat' dir='ltr'><strong>babut‘tiam</strong></span> <span class='ocrx_word' id='word_1_350' title='bbox 1511 1974 1658 2010; x_wconf 73' lang='lat' dir='ltr'><strong>praeces-</strong></span> 
     </span>
     <span class='ocr_line' id='line_1_61' title="bbox 982 2017 1655 2064; baseline -0.006 -11"><span class='ocrx_word' id='word_1_351' title='bbox 982 2019 1034 2053; x_wconf 86' lang='lat' dir='ltr'><strong>sit.</strong></span> <span class='ocrx_word' id='word_1_352' title='bbox 1056 2038 1100 2046; x_wconf 88' lang='lat'><em>-</em></span> <span class='ocrx_word' id='word_1_353' title='bbox 1117 2018 1237 2054; x_wconf 86' lang='lat' dir='ltr'><strong>Codex</strong></span> <span class='ocrx_word' id='word_1_354' title='bbox 1259 2018 1388 2064; x_wconf 80' lang='lat' dir='ltr'><strong>Regius</strong></span> <span class='ocrx_word' id='word_1_355' title='bbox 1406 2017 1437 2051; x_wconf 85' lang='lat' dir='ltr'>A</span> <span class='ocrx_word' id='word_1_356' title='bbox 1451 2043 1461 2060; x_wconf 92' lang='lat'>,</span> <span class='ocrx_word' id='word_1_357' title='bbox 1483 2019 1626 2051; x_wconf 82' lang='lat' dir='ltr'><strong>habuere</strong></span> <span class='ocrx_word' id='word_1_358' title='bbox 1642 2025 1655 2057; x_wconf 75' lang='lat'><strong>,⁸</strong></span> 
     </span>
     <span class='ocr_line' id='line_1_62' title="bbox 983 2066 1657 2116; baseline -0.009 -10"><span class='ocrx_word' id='word_1_359' title='bbox 983 2071 1042 2106; x_wconf 85' lang='lat' dir='ltr'><strong>sed</strong></span> <span class='ocrx_word' id='word_1_360' title='bbox 1052 2070 1271 2116; x_wconf 87' lang='lat' dir='ltr'><strong>praestantior</strong></span> <span class='ocrx_word' id='word_1_361' title='bbox 1280 2070 1379 2104; x_wconf 83' lang='lat' dir='ltr'><strong>lectio</strong></span> <span class='ocrx_word' id='word_1_362' title='bbox 1391 2068 1540 2103; x_wconf 87' lang='lat' dir='ltr'><strong>Heinsii.</strong></span> <span class='ocrx_word' id='word_1_363' title='bbox 1557 2066 1657 2102; x_wconf 86' lang='lat' dir='ltr'><strong>Idem</strong></span> 
     </span>
     <span class='ocr_line' id='line_1_63' title="bbox 983 2122 1659 2168; baseline -0.006 -11"><span class='ocrx_word' id='word_1_364' title='bbox 983 2136 1063 2157; x_wconf 82' lang='lat' dir='ltr'><strong>mox</strong></span> <span class='ocrx_word' id='word_1_365' title='bbox 1072 2150 1080 2166; x_wconf 80' lang='lat'>‚</span> <span class='ocrx_word' id='word_1_366' title='bbox 1093 2135 1157 2168; x_wconf 89' lang='lat' dir='ltr'><strong>pro</strong></span> <span class='ocrx_word' id='word_1_367' title='bbox 1165 2125 1226 2156; x_wconf 80' lang='lat' dir='ltr'><strong>ubi</strong></span> <span class='ocrx_word' id='word_1_368' title='bbox 1229 2149 1236 2160; x_wconf 81' lang='grc'><em>,</em></span> <span class='ocrx_word' id='word_1_369' title='bbox 1250 2122 1309 2156; x_wconf 88' lang='lat' dir='ltr'><strong>dat</strong></span> <span class='ocrx_word' id='word_1_370' title='bbox 1319 2122 1570 2166; x_wconf 62' lang='lat' dir='ltr'><em>qua—Altam</em></span> <span class='ocrx_word' id='word_1_371' title='bbox 1580 2132 1659 2154; x_wconf 90' lang='lat' dir='ltr'><strong>coc-</strong></span> 
     </span>
     <span class='ocr_line' id='line_1_64' title="bbox 983 2171 1655 2221; baseline -0.007 -12"><span class='ocrx_word' id='word_1_372' title='bbox 983 2178 1098 2209; x_wconf 74' lang='lat' dir='ltr'><strong>tilibus</strong></span> <span class='ocrx_word' id='word_1_373' title='bbox 1114 2177 1222 2208; x_wconf 70' lang='lat' dir='ltr'><strong>muris.</strong></span> <span class='ocrx_word' id='word_1_374' title='bbox 1236 2173 1428 2221; x_wconf 88' lang='lat' dir='ltr'><strong>Babylonia</strong></span> <span class='ocrx_word' id='word_1_375' title='bbox 1439 2199 1448 2216; x_wconf 93' lang='lat'><strong>‚</strong></span> <span class='ocrx_word' id='word_1_376' title='bbox 1466 2172 1593 2206; x_wconf 87' lang='lat' dir='ltr'><strong>Juven.</strong></span> <span class='ocrx_word' id='word_1_377' title='bbox 1609 2171 1655 2213; x_wconf 87' lang='lat' dir='ltr'><strong>X,</strong></span> 
     </span>
     <span class='ocr_line' id='line_1_65' title="bbox 988 2221 1659 2272; baseline -0.007 -12"><span class='ocrx_word' id='word_1_378' title='bbox 988 2240 1043 2272; x_wconf 88' lang='lat'><strong>¹7¹</strong></span> <span class='ocrx_word' id='word_1_379' title='bbox 1059 2253 1068 2269; x_wconf 86' lang='lat'>‚</span> <span class='ocrx_word' id='word_1_380' title='bbox 1087 2233 1228 2260; x_wconf 83' lang='lat' dir='ltr'><strong>vocatur</strong></span> <span class='ocrx_word' id='word_1_381' title='bbox 1237 2221 1385 2270; x_wconf 75' lang='lat' dir='ltr'><strong>ufigul1&#39;s</strong></span> <span class='ocrx_word' id='word_1_382' title='bbox 1398 2227 1534 2258; x_wconf 74' lang='lat' dir='ltr'><strong>munita.</strong></span> <span class='ocrx_word' id='word_1_383' title='bbox 1550 2222 1659 2257; x_wconf 86' lang='lat' dir='ltr'><strong>Simi-</strong></span> 
     </span>
     <span class='ocr_line' id='line_1_66' title="bbox 984 2274 1665 2319; baseline -0.01 -6"><span class='ocrx_word' id='word_1_384' title='bbox 984 2279 1064 2313; x_wconf 84' lang='lat' dir='ltr'><strong>liter</strong></span> <span class='ocrx_word' id='word_1_385' title='bbox 1078 2285 1113 2312; x_wconf 93' lang='lat' dir='ltr'><strong>et</strong></span> <span class='ocrx_word' id='word_1_386' title='bbox 1123 2279 1250 2312; x_wconf 87' lang='lat' dir='ltr'><strong>Noster</strong></span> <span class='ocrx_word' id='word_1_387' title='bbox 1261 2290 1337 2311; x_wconf 87' lang='lat' dir='ltr'><strong>eam</strong></span> <span class='ocrx_word' id='word_1_388' title='bbox 1351 2274 1637 2319; x_wconf 85' lang='lat' dir='ltr'><strong>circumloquitur</strong></span> <span class='ocrx_word' id='word_1_389' title='bbox 1647 2286 1665 2314; x_wconf 68' lang='lat'><strong>;›</strong></span> 
     </span>
     <span class='ocr_line' id='line_1_67' title="bbox 985 2324 1658 2374; baseline -0.007 -9"><span class='ocrx_word' id='word_1_390' title='bbox 985 2331 1060 2374; x_wconf 82' lang='lat' dir='ltr'><strong>ejus</strong></span> <span class='ocrx_word' id='word_1_391' title='bbox 1100 2330 1195 2364; x_wconf 88' lang='lat' dir='ltr'><strong>enim</strong></span> <span class='ocrx_word' id='word_1_392' title='bbox 1228 2328 1377 2362; x_wconf 82' lang='lat' dir='ltr'><strong>maxime</strong></span> <span class='ocrx_word' id='word_1_393' title='bbox 1415 2324 1658 2361; x_wconf 84' lang='lat' dir='ltr'><strong>memorabiles</strong></span> 
     </span>
     <span class='ocr_line' id='line_1_68' title="bbox 984 2376 1658 2421; baseline -0.009 -6"><span class='ocrx_word' id='word_1_394' title='bbox 984 2384 1084 2421; x_wconf 76' lang='lat' dir='ltr'><strong>muri,</strong></span> <span class='ocrx_word' id='word_1_395' title='bbox 1106 2394 1125 2415; x_wconf 84' lang='lat' dir='ltr'><strong>a</strong></span> <span class='ocrx_word' id='word_1_396' title='bbox 1146 2378 1375 2415; x_wconf 84' lang='lat' dir='ltr'><strong>Semiramide</strong></span> <span class='ocrx_word' id='word_1_397' title='bbox 1391 2377 1547 2420; x_wconf 82' lang='lat' dir='ltr'><strong>excitati,</strong></span> <span class='ocrx_word' id='word_1_398' title='bbox 1571 2376 1658 2410; x_wconf 85' lang='lat' dir='ltr'><strong>etin</strong></span> 
     </span>
     <span class='ocr_line' id='line_1_69' title="bbox 985 2427 1658 2467; baseline -0.007 -1"><span class='ocrx_word' id='word_1_399' title='bbox 985 2431 1158 2466; x_wconf 82' lang='lat' dir='ltr'><strong>miraculis</strong></span> <span class='ocrx_word' id='word_1_400' title='bbox 1185 2430 1310 2464; x_wconf 86' lang='lat' dir='ltr'><strong>mundi</strong></span> <span class='ocrx_word' id='word_1_401' title='bbox 1338 2429 1424 2467; x_wconf 85' lang='lat' dir='ltr'><strong>adeo</strong></span> <span class='ocrx_word' id='word_1_402' title='bbox 1454 2427 1631 2462; x_wconf 86' lang='lat' dir='ltr'><strong>numerati</strong></span> <span class='ocrx_word' id='word_1_403' title='bbox 1649 2440 1658 2461; x_wconf 91' lang='lat'><strong>:</strong></span> 
     </span>
     <span class='ocr_line' id='line_1_70' title="bbox 984 2480 1658 2530; baseline -0.007 -13"><span class='ocrx_word' id='word_1_404' title='bbox 984 2486 1137 2521; x_wconf 76' lang='lat' dir='ltr'><strong>coctiles,</strong></span> <span class='ocrx_word' id='word_1_405' title='bbox 1162 2483 1240 2527; x_wconf 90' lang='lat' dir='ltr'><strong>quia</strong></span> <span class='ocrx_word' id='word_1_406' title='bbox 1258 2481 1414 2516; x_wconf 69' lang='lat' dir='ltr'><strong>instructi</strong></span> <span class='ocrx_word' id='word_1_407' title='bbox 1433 2487 1533 2530; x_wconf 75' lang='lat' dir='ltr'><strong>erant</strong></span> <span class='ocrx_word' id='word_1_408' title='bbox 1552 2480 1658 2513; x_wconf 86' lang='lat' dir='ltr'><strong>latere</strong></span> 
     </span>
     <span class='ocr_line' id='line_1_71' title="bbox 984 2531 1657 2578; baseline -0.006 -10"><span class='ocrx_word' id='word_1_409' title='bbox 984 2535 1108 2578; x_wconf 79' lang='lat' dir='ltr'><strong>coctili,</strong></span> <span class='ocrx_word' id='word_1_410' title='bbox 1117 2533 1289 2568; x_wconf 83' lang='lat' dir='ltr'><strong>bitumine</strong></span> <span class='ocrx_word' id='word_1_411' title='bbox 1300 2532 1454 2568; x_wconf 82' lang='lat' dir='ltr'><strong>interliti.</strong></span> <span class='ocrx_word' id='word_1_412' title='bbox 1470 2531 1657 2567; x_wconf 86' lang='lat' dir='ltr'><strong>Habebant</strong></span> 
     </span>
     <span class='ocr_line' id='line_1_72' title="bbox 985 2585 1659 2626; baseline -0.006 -5"><span class='ocrx_word' id='word_1_413' title='bbox 985 2586 1204 2623; x_wconf 77' lang='lat' dir='ltr'><strong>altitudinem</strong></span> <span class='ocrx_word' id='word_1_414' title='bbox 1217 2593 1360 2621; x_wconf 85' lang='lat' dir='ltr'><strong>centum</strong></span> <span class='ocrx_word' id='word_1_415' title='bbox 1368 2585 1565 2620; x_wconf 74' lang='lat' dir='ltr'><strong>cubitorum</strong></span> <span class='ocrx_word' id='word_1_416' title='bbox 1574 2609 1584 2626; x_wconf 92' lang='lat'>,</span> <span class='ocrx_word' id='word_1_417' title='bbox 1597 2595 1659 2617; x_wconf 90' lang='lat' dir='ltr'><strong>un-</strong></span> 
     </span>
     <span class='ocr_line' id='line_1_73' title="bbox 985 2635 1658 2679; baseline -0.007 -6"><span class='ocrx_word' id='word_1_418' title='bbox 985 2638 1026 2673; x_wconf 88' lang='lat' dir='ltr'><strong>de</strong></span> <span class='ocrx_word' id='word_1_419' title='bbox 1044 2641 1123 2673; x_wconf 84' lang='lat' dir='ltr'><strong>urbs</strong></span> <span class='ocrx_word' id='word_1_420' title='bbox 1146 2641 1220 2672; x_wconf 85' lang='lat' dir='ltr'><strong>alla</strong></span> <span class='ocrx_word' id='word_1_421' title='bbox 1238 2651 1248 2671; x_wconf 88' lang='lat'><em>:</em></span> <span class='ocrx_word' id='word_1_422' title='bbox 1266 2638 1343 2672; x_wconf 89' lang='lat' dir='ltr'><strong>vide</strong></span> <span class='ocrx_word' id='word_1_423' title='bbox 1364 2636 1463 2672; x_wconf 87' lang='lat' dir='ltr'><strong>Curt.</strong></span> <span class='ocrx_word' id='word_1_424' title='bbox 1482 2635 1515 2667; x_wconf 88' lang='lat' dir='ltr'>V</span> <span class='ocrx_word' id='word_1_425' title='bbox 1529 2661 1538 2679; x_wconf 92' lang='lat'>,</span> <span class='ocrx_word' id='word_1_426' title='bbox 1557 2647 1591 2678; x_wconf 89' lang='lat'><strong>1,</strong></span> <span class='ocrx_word' id='word_1_427' title='bbox 1617 2636 1658 2677; x_wconf 74' lang='lat'><strong>24</strong></span> 
     </span>
     <span class='ocr_line' id='line_1_74' title="bbox 984 2689 1656 2736; baseline -0.01 -10"><span class='ocrx_word' id='word_1_428' title='bbox 984 2690 1055 2736; x_wconf 76' lang='lat' dir='ltr'><strong>sqq.</strong></span> <span class='ocrx_word' id='word_1_429' title='bbox 1068 2698 1102 2725; x_wconf 88' lang='lat' dir='ltr'><strong>et</strong></span> <span class='ocrx_word' id='word_1_430' title='bbox 1117 2691 1175 2735; x_wconf 87' lang='lat' dir='ltr'><strong>qui</strong></span> <span class='ocrx_word' id='word_1_431' title='bbox 1191 2691 1234 2724; x_wconf 84' lang='lat' dir='ltr'><strong>ibi</strong></span> <span class='ocrx_word' id='word_1_432' title='bbox 1250 2689 1436 2724; x_wconf 88' lang='lat' dir='ltr'><strong>laudantur</strong></span> <span class='ocrx_word' id='word_1_433' title='bbox 1448 2689 1488 2722; x_wconf 86' lang='lat' dir='ltr'><strong>ab</strong></span> <span class='ocrx_word' id='word_1_434' title='bbox 1502 2689 1656 2731; x_wconf 81' lang='lat' dir='ltr'><strong>Inter-pp.</strong></span> 
     </span>
     <span class='ocr_line' id='line_1_75' title="bbox 985 2739 1658 2778; baseline -0.009 0"><span class='ocrx_word' id='word_1_435' title='bbox 985 2743 1172 2778; x_wconf 62' lang='lat' dir='ltr'><strong>Alias‘altoe</strong></span> <span class='ocrx_word' id='word_1_436' title='bbox 1183 2744 1281 2777; x_wconf 82' lang='lat' dir='ltr'><strong>urbes</strong></span> <span class='ocrx_word' id='word_1_437' title='bbox 1296 2748 1377 2776; x_wconf 84' lang='lat' dir='ltr'><strong>sunt</strong></span> <span class='ocrx_word' id='word_1_438' title='bbox 1390 2739 1540 2776; x_wconf 85' lang='lat' dir='ltr'><strong>celebres</strong></span> <span class='ocrx_word' id='word_1_439' title='bbox 1556 2745 1591 2774; x_wconf 85' lang='lat' dir='ltr'><strong>et</strong></span> <span class='ocrx_word' id='word_1_440' title='bbox 1603 2750 1658 2773; x_wconf 88' lang='lat' dir='ltr'><strong>va-</strong></span> 
     </span>
    </p>
   </div>
  </div>
 </body>
</html>
