1832 3100
311 215 398 272 464

676 219 726 261 Ρ.
765 218 995 265 OVIDII
1036 220 1334 268 NASONIS

309 309 446 356 Nacta
468 306 613 357 locum
635 309 830 370 Procne,
855 331 1075 361 sacrorum
1098 314 1285 380 pignora
1308 313 1444 364 demit
1454 329 1470 373 ,“

308 386 487 452 Oraque
511 386 678 436 develat
699 388 864 438 miserae
885 390 1144 456 pudibunda
1167 393 1336 451 sorori;

305 461 612 530 Amplexuque
635 465 748 531 petit
768 486 778 514 :
799 466 874 515 sed
897 486 991 514 non
1010 467 1206 517 attollere
1227 481 1377 519 contra
1643 479 1709 519 605

305 540 503 589 Sustinet
525 541 616 590 haec
641 542 792 591 oculos
808 581 820 601 ‚
846 543 989 609 pellex
1013 545 1101 592 sibi
1122 546 1213 593 visa
1235 547 1400 595 sororis
1418 566 1430 595 ε

304 617 574 685 Dejectoque
598 620 646 666 in
661 617 848 668 humum
872 620 995 668 vultu
1010 658 1022 678 ‚
1045 621 1189 686 jurare
1211 622 1401 680 volenti,

302 693 559 760 Testarique
583 696 703 743 Deos
718 733 729 754 ,
754 715 835 762 per
856 697 943 744 vim
968 697 1055 745 sibi
1079 697 1267 746 dedecus
1286 698 1396 747 illud

302 769 478 819 lllatum
492 809 504 829 ‚
526 791 609 838 pro
631 791 736 820 voce
759 792 915 821 manus
935 773 1021 821 fuit
1039 795 1049 822 :
1069 774 1216 832 ardet,
1242 787 1286 823 et
1305 775 1414 824 iram

301 848 406 895 Non
428 849 545 914 capit
566 849 662 914 ipsa
685 866 808 897 suam
831 850 1028 909 Procne;
1053 851 1291 918 fletumque
1314 851 1479 900 sororis

1640 869 1706 906 6¹⁰

303 925 554 992 Corripiens
573 963 584 984 ‚
615 947 639 969 «
662 928 765 974 Non
789 939 853 975 est
874 927 1073 994 lacrymis
1093 928 1166 976 hic
1181 966 1192 987 ‚
1218 929 1387 995 inquit,
1413 928 1650 991 agendum,

306 1025 326 1043 υ
354 1003 439 1050 Sed
462 1003 605 1061 ferro3
632 1003 708 1052 sed
728 1004 766 1052 si
788 1005 896 1070 quid
915 1006 1073 1065 habes,
1098 1006 1218 1073 quod
1243 1007 1413 1056 vincere
1434 1006 1598 1055 ferrum

302 1102 327 1121 n
352 1080 530 1129 Possit:
550 1081 597 1128 in
622 1101 750 1130 omne
772 1083 893 1131 nefas
917 1103 998 1146 ego
1024 1103 1114 1142 me,
1138 1103 1360 1147 germana,
1385 1084 1545 1150 paravi.

304 1179 326 1199 »
352 1157 446 1205 Aut
471 1177 553 1221 ego
568 1196 579 1217 ‚
608 1178 743 1225 quum
764 1159 935 1208 facibus
956 1160 1119 1224 regalia
1142 1173 1255 1210 tecta
1277 1181 1468 1210 cremaro
1483 1198 1495 1220 ‚

302 1255 324 1275 υ
352 1234 577 1284 Artificem
596 1235 753 1284 mediis
773 1236 1005 1285 immittam
1025 1239 1163 1286 Terea
1182 1237 1392 1295 flammis;

1638 1251 1705 1285 615

302 1335 325 1354 υ
350 1312 444 1361 Aut
458 1312 652 1376 linguam
665 1351 676 1372 ,
693 1326 768 1362 aut
782 1314 936 1363 oculos
950 1353 961 1373 ‚
982 1327 1058 1363 aut
1073 1334 1168 1381 quae
1182 1315 1264 1363 tibi
1279 1314 1704 1381 membra-pudorem

302 1412 324 1431 »
351 1390 666 1449 Abstulerunt,
690 1391 806 1439 ferro
828 1393 991 1458 rapiam
1011 1413 1021 1450 ;
1043 1404 1118 1441 aut
1139 1413 1218 1460 per
1240 1393 1419 1442 vulnera
1441 1393 1559 1442 mille

302 1488 324 1508 »
353 1466 535 1515 Sontem
546 1468 733 1516 animam
744 1468 956 1534 expellam
970 1489 980 1518 ε
993 1488 1214 1532 magnum,
1227 1469 1534 1538 quodcumque
1541 1469 1700 1537 paravi.

332 1589 407 1622 503.
415 1590 527 1624 Nacta
535 1591 641 1623 locam
650 1597 841 1632 ,·sem·etum
848 1591 970 1625 subau-

298 1639 441 1674 diamus.
463 1642 528 1674 Ed.
547 1658 591 1665 -
609 1643 779 1684 Pignora‚·
795 1642 891 1686 signa
907 1649 946 1676 ut
958 1669 967 1686 ,

298 1690 370 1726 VII
382 1717 392 1734 ,
405 1693 465 1738 497
477 1717 486 1735 ,
502 1695 622 1725 veleris
629 1695 772 1736 pignora
778 1691 898 1735 fhrmoe
908 1695 969 1727 Iu-

297 1745 417 1778 duz'lur.
426 1762 471 1769 —
481 1744 653 1778 Sacrorum
664 1756 676 1786 ,·
692 1744 848 1778 habitum
861 1752 896 1779 et
912 1757 969 1778 or-

298 1803 420 1830 natum
430 1795 635 1831 Bacchantis
645 1822 654 1839 ‚
669 1808 738 1841 quo
755 1796 861 1830 modo
878 1796 964 1831 Phi-

297 1847 460 1882 lomelam
470 1847 506 1881 in
517 1847 683 1882 simulatis
699 1847 801 1892 orgiis
815 1847 967 1882 dissimu—

297 1899 384 1934 larat
395 1926 404 1942 ,
423 1899 526 1934 exuit.
543 1900 608 1934 Ed.

347 1951 423 1986 605.
455 1953 684 1995 Amplexuqae
701 1955 796 1995 pelis.
822 1951 968 1986 Codices

296 2004 406 2042 nostri
418 2004 531 2050 Regii,
544 2006 801 2049 Amplexumqae
806 2008 910 2048 petit.-
921 2005 968 2038 vi·

295 2058 406 2101 vidi'us
429 2065 533 2093 certe.
553 2058 701 2103 Vulgata
726 2058 807 2092 inde
826 2057 968 2103 profluit

297 2109 391 2154 quod
414 2110 452 2143 in
481 2109 668 2144 Codicibus
692 2109 819 2144 lineola
843 2110 967 2144 omissa

296 2164 410 2199 suerit.
426 2164 493 2199 Ed.

339 2215 414 2261 607.
430 2214 634 2258 checloque
649 2217 684 2248 in
694 2215 834 2249 bamam.
853 2214 967 2248 Hein-

296 2268 366 2303 sius
386 2266 484 2301 malit
498 2266 709 2310 Dejeclaeque
722 2268 757 2299 in
773 2267 879 2299 humo.
899 2265 966 2299 Re-

298 2319 343 2365 gii
357 2318 467 2353 nostri
480 2344 490 2363 ,
508 2317 710 2361 Dejecloque
722 2321 758 2350 in
772 2319 913 2350 humum.
923 2335 967 2343 —

296 2373 452 2417 Dejt'cere
461 2373 586 2406 vallum
593 2398 600 2411 ,
616 2377 656 2405 ut
667 2371 829 2415 conjicere
843 2373 966 2405 oculos.

296 2426 437 2457 —Iram
448 2436 513 2457 non
524 2425 619 2466 capi!
627 2435 720 2456 suam
730 2448 738 2462 ,
757 2434 827 2455 non
843 2434 904 2466 par
915 2428 966 2455 est

297 2474 512 2522 perserendae
522 2475 580 2510 irae
593 2472 810 2508 sua-econtra
818 2474 962 2516 Seneca,

298 2528 405 2562 Herc.
419 2527 501 2561 Fur.
519 2528 602 2570 412:
618 2527 694 2560 Hoc
709 2528 816 2569 12asum
825 2527 957 2569 placet,

296 2580 420 2612 Animo
428 2582 543 2612 ruinas
552 2579 643 2623 quod
646 2579 740 2621 capis
750 2590 869 2621 magno
878 2581 963 2610 luas.

297 2628 344 2662 Et
360 2629 406 2663 ita
422 2629 547 2673 passim
562 2641 693 2672 capere,
709 2627 875 2662 idoneum
892 2639 963 2661 esse

297 2680 339 2715 ad
349 2680 473 2725 aliquid
483 2679 743 2724 perferendum,
752 2679 961 2722 faciendum,

296 2731 570 2776 intelligendum.
588 2731 677 2765 Tam
698 2731 824 2776 insigni
845 2738 962 2766 autem

1035 1593 1151 1628 dolori
1163 1594 1422 1630 accommodata
1436 1601 1487 1630 est
1500 1598 1570 1640 seq.
1582 1594 1702 1630 oratio.

1033 1647 1146 1679 —Hic
1154 1645 1249 1680 dedit
1260 1646 1425 1681 Heinsius
1436 1659 1500 1692 pro
1514 1646 1702 1682 hoa—Co-

1033 1695 1097 1729 dex
1113 1696 1242 1741 Regius
1254 1696 1285 1730 A
1300 1696 1359 1731 dat
1370 1699 1454 1740 boc‚·
1470 1704 1504 1731 at
1517 1696 1637 1731 Codex
1650 1698 1680 1732 B
1690 1723 1700 1740 ,

1031 1748 1076 1780 h·-
1086 1773 1093 1787 ,
1115 1760 1177 1791 per
1192 1747 1441 1792 compendium
1454 1747 1568 1782 :unde
1580 1748 1697 1782 nescio

1031 1805 1151 1832 utrum
1167 1800 1230 1833 hoc
1246 1811 1289 1833 an
1304 1800 1360 1832 bic
1374 1798 1516 1844 legatur.
1534 1799 1635 1834 Prius
1650 1806 1701 1834 ta-

1032 1862 1117 1883 men
1138 1850 1363 1895 praetulerim.
1379 1852 1444 1884 Ed.

1075 1902 1151 1936 613.
1173 1905 1304 1936 Paron!
1316 1915 1354 1937 se
1367 1906 1403 1936 ιἰι
1420 1902 1474 1937 vel
1487 1905 1538 1937 ad
1549 1902 1674 1948 aliquid
1688 1929 1698 1946 ‚

1033 1955 1092 1999 qui
1108 1955 1266 1989 animum
1276 1954 1448 1990 inducunt
1462 1954 1506 1990 ad
1517 1955 1643 2001 aliquid
1655 1956 1699 1990 fa-

1032 2006 1206 2041 ciendum.
1221 2025 1265 2032 ——
1284 2007 1390 2049 Quum
1397 2006 1540 2050 facibus
1554 2013 1618 2042 etc.
1634 2007 1700 2042 Po-

1033 2065 1098 2093 test
1114 2058 1170 2092 hie
1185 2071 1255 2093 esse
1274 2057 1468 2103 praepositio
1484 2055 1559 2092 cam
1567 2083 1577 2099 ‚
1595 2069 1700 2103 quam

1032 2109 1147 2144 Latini
1167 2108 1345 2144 interdum
1361 2109 1594 2143 instrumento
1604 2135 1614 2152 ‚
1630 2121 1700 2153 quo

1032 2160 1159 2206 aliquid
1176 2161 1300 2206 agitur,
1316 2160 1443 2194 addere
1457 2160 1580 2201 solent.
1597 2160 1700 2194 Tunc

1032 2220 1091 2248 aut
1106 2225 1225 2247 versus
1236 2225 1383 2257 sequens
1397 2225 1459 2258 per
1475 2213 1633 2248 ἀσύνδετον
1644 2211 1699 2245 ad-

1030 2266 1140 2310 jectus
1155 2271 1226 2309 est,
1244 2271 1304 2299 aut
1324 2263 1511 2310 legendum
1531 2276 1612 2298 cum
1627 2263 1698 2297 aliis

1030 2318 1209 2361 mediasque
1218 2315 1272 2350 vel
1282 2320 1317 2349 el
1322 2317 1448 2350 mediat.
1459 2315 1517 2350 Sic
1525 2314 1647 2349 Burm.
1655 2332 1697 2339 —

1033 2368 1183 2402 Cremaro
1199 2367 1364 2402 Heinsius
1373 2379 1437 2412 pro
1448 2369 1597 2401 cremabo
1608 2393 1617 2407 ,
1633 2367 1697 2401 in-

1029 2419 1106 2453 vitis
1117 2418 1224 2453 MSS.
1232 2417 1518 2463 scripsit.·-—Regii
1524 2418 1632 2452 nostri
1640 2417 1696 2452 ha-

1029 2471 1113 2505 bent
1124 2474 1274 2506 cremabo
1281 2483 1293 2514 ;
1314 2470 1499 2505 Heinsium
1510 2483 1696 2516 sequemur

1028 2522 1126 2567 cujus
1160 2523 1358 2567 conjectura
1387 2521 1511 2557 melius
1534 2523 1697 2557 convenit

1027 2586 1106 2608 cum
1117 2572 1363 2617 conjunctione
1373 2587 1479 2618 quum.
1489 2573 1553 2608 Ed.
1569 2593 1613 2600 —
1626 2575 1694 2608 Ar-

1025 2628 1162 2670 hficem,
1189 2632 1366 2660 auctorem
1386 2625 1560 2659 malorum
1578 2633 1612 2659 et
1635 2626 1693 2658 sa-
1720 2657 1721 2660 ,

1027 2680 1186 2713 cinorum
1197 2693 1204 2721 ;
1214 2678 1248 2712 id
1260 2686 1322 2722 est,
1331 2679 1389 2723 qui
1399 2678 1588 2712 nefandum
1601 2676 1693 2713 hunc

1026 2731 1194 2766 incestum
1207 2738 1404 2776 perpetrare
1420 2731 1542 2775 potuit.
1563 2730 1628 2763 Ed.
