1832 3100
306 291 365 335 60

667 290 719 332 P.
764 289 1013 334 OVIDII
1049 287 1360 334 NASONIS

305 386 367 433 Et
391 400 486 449 quae
511 381 759 432 deciderant
781 382 932 449 patula
953 382 1077 431 Jovis
1099 383 1255 431 arbore
1280 381 1474 446 glandes.

304 466 396 512 Ver
418 476 510 512 erat
530 476 760 522 aeternum,
787 464 1034 530 placidique
1058 464 1310 530 tepentibus
1335 463 1452 512 auris

307 546 567 595 Mulcebant
589 547 777 613 Zephyri
797 559 926 595 natos
949 546 1042 594 sine
1066 546 1229 595 semine
1252 545 1394 595 flores.

307 628 420 676 Mox
443 628 570 677 etiam
595 628 742 692 fruges
765 628 896 677 tellus
917 628 1083 677 inarata
1103 627 1271 677 ferebat
1291 647 1302 687 ;

305 710 399 757 Neo
418 722 652 758 renovatus
675 729 778 773 ager
801 709 988 773 gravidis
1013 710 1197 758 canebat
1218 709 1376 776 aristis.

1658 731 1719 755 110

309 791 513 841 Flumina
531 793 621 857 jam
643 791 768 840 lactis
785 831 795 851 ,
816 793 904 857 jam
927 792 1107 841 flumina
1128 790 1315 841 nectaris
1337 790 1484 847 ibant;

358 929 431 965 106.
439 931 572 964 Patala.
582 928 769 964 Arridebat
778 929 986 964 Burmanno

311 994 330 1016 e
345 981 433 1016 Cod.
449 981 587 1015 Heinsii
601 1008 610 1024 ,
627 984 724 1025 larga
735 1008 743 1022 ‚
762 981 783 1016 i.
796 994 825 1015 e.
836 974 986 1026 benigne

310 1033 442 1068 victum
463 1033 673 1067 ministrans.
690 1052 733 1058 —
748 1035 874 1068 Patala
885 1059 893 1073 ,
910 1044 987 1077 quae

309 1096 425 1119 ramos
441 1084 508 1119 late
520 1084 696 1119 diffundit.
706 1102 750 1110 —-
758 1085 855 1118 Jovis
862 1087 987 1118 arbore.

311 1136 471 1181 Quercu,
484 1138 680 1179 Jooisacra,
692 1136 742 1170 uti
752 1136 870 1170 laurus
878 1135 986 1178 Apol-

308 1190 389 1229 lini,
409 1188 708 1234 Herculz'populus
722 1214 731 1231 ,
755 1188 865 1221 Marti
875 1186 986 1220 fraxi—

309 1252 388 1282 nus,
400 1241 598 1274 etMineroae
607 1240 694 1282 olea,
707 1246 771 1273 etc.
779 1238 986 1283 Ed.-Ergo

311 1304 461 1336 quernas
484 1291 625 1336 glandes
646 1290 861 1324 devorarunt
881 1289 985 1335 primi

310 1343 470 1377 homines
485 1357 493 1385 ;
529 1356 606 1388 quae
632 1355 715 1377 sane
743 1342 809 1376 suit
837 1342 986 1387 vulgaris

312 1395 487 1429 Veterum
505 1395 634 1440 opinio.
652 1395 774 1440 Itaque
789 1401 825 1428 et
840 1395 876 1428 in
896 1394 986 1428 Am-

311 1446 506 1481 barvalibus
529 1459 701 1492 quernam
727 1458 895 1480 coronam
921 1458 988 1491 ge·-

311 1498 438 1533 rebant
457 1498 495 1532 in
515 1498 619 1542 hujus
636 1498 744 1532 victus
760 1497 987 1532 memoriam:

314 1550 413 1596 Virg.
437 1549 566 1595 Georg.
597 1550 613 1584 Ι
627 1575 636 1593 ,
664 1550 739 1584 350.
766 1549 837 1584 Sed
862 1550 989 1584 merito

314 1601 493 1636 dubitatur
506 1627 516 1644 ‚
543 1614 587 1636 an
605 1613 747 1645 quernae
764 1600 905 1646 glandes
927 1601 990 1635 ali-

312 1660 434 1687 menta
456 1654 633 1699 praebeant
656 1652 814 1687 humano
839 1653 990 1698 corpori.

314 1704 427 1738 Error
450 1704 526 1738 sine
553 1704 658 1738 dubio
683 1704 766 1738 inde
793 1710 889 1738 ortus
914 1711 989 1747 est,

314 1756 408 1801 quod
414 1758 549 1800 glandis
559 1763 594 1790 et
600 1758 731 1800 βαλάνου
742 1756 790 1790 vis
801 1755 900 1790 latius
908 1756 991 1790 olim

313 1807 426 1853 patuit
437 1834 446 1851 ,
470 1819 660 1852 omnesque
669 1808 800 1842 fructus
815 1806 992 1841 echinatos

311 1859 492 1904 complexa
505 1866 556 1894 est
572 1859 672 1894 :vide
685 1859 842 1893 Dioscor.
858 1859 875 1893 I
885 1885 894 1903 ,
912 1858 990 1902 ηδ,

317 1910 377 1945 ubi
395 1911 488 1945 inter
502 1910 566 1945 alia
585 1910 689 1945 tradit
704 1937 713 1953 ,
730 1915 910 1945 castaneas
926 1908 993 1943 dici

318 1966 388 2002 Διὲς
407 1964 573 2005 βκλάνους;
598 1963 640 1997 cs.
666 1962 846 1997 Pausaniae
865 1960 991 1995 Arcad.

316 2029 350 2061 p.
373 2017 448 2062 599.
472 2015 595 2049 Kuhn.
620 2015 737 2060 Atque
761 2014 867 2050 etiam
889 2013 994 2047 hodie

315 2068 353 2101 in
368 2067 468 2101 terris
480 2067 682 2102 australibus
694 2080 803 2113 genus
817 2065 994 2111 quoddam

318 2118 498 2165 glandium
514 2119 683 2162 nascitur,
703 2119 825 2164 quibus
839 2118 934 2152 tostis
948 2117 994 2151 lo-

316 2183 358 2207 co
377 2178 616 2206 castanearum
638 2177 788 2204 utuntur
809 2182 816 2203 :
833 2169 900 2204 vid.
926 2169 995 2203 Go-

309 2223 413 2268 ‘guet.
424 2236 498 2256 vom
513 2223 700 2266 Ursprunge
709 2224 768 2256 der
779 2224 923 2256 Gesetze
931 2228 995 2254 etc.

320 2288 353 2318 p.
371 2275 405 2315 Ι,
424 2275 481 2309 lib.
494 2289 522 2310 2.
540 2288 572 2320 p.
590 2276 629 2320 57
642 2287 714 2318 sqq.
737 2272 996 2318 Scripsitetiam

322 2329 507 2363 Leisnerus
524 2339 639 2373 progr.
657 2327 699 2360 de
715 2324 944 2360 Glandivoris.

369 2393 440 2425 ¹07·
463 2382 530 2414 Ver
539 2384 771 2413 crata-ternum
782 2384 845 2412 etc.
857 2377 909 2411 Ex
919 2376 997 2421 phi-

322 2432 550 2477 losophorum
568 2430 741 2466 sententia
754 2456 763 2474 ,
791 2442 895 2475 quam
909 2441 996 2463 sua—

322 2482 463 2519 *vissime
490 2484 651 2519 describit
668 2484 765 2529 Virg.
791 2483 918 2526 Georg.
938 2481 995 2524 ΙΙ,

326 2537 390 2570 336
406 2550 497 2581 sqq.,
511 2536 642 2572 natales
652 2535 777 2569 mundi
795 2536 831 2568 in
847 2545 997 2568 vernum

325 2595 463 2633 tempus
486 2589 704 2631 incidebant,
733 2587 838 2632 idque
862 2593 998 2631 tempus

325 2640 462 2674 duravit
473 2653 535 2685 per
546 2647 661 2674 totum
675 2640 829 2675 seculum
842 2651 998 2673 aureum.

331 2695 399 2727 Ver
410 2695 582 2726 assiduum
604 2699 656 2726 est
678 2692 772 2737 Virg.
789 2691 916 2736 Georg.
938 2691 974 2725 Il
988 2718 998 2735 ,

329 2745 409 2791 149;
424 2747 619 2788 verlongum
632 2744 719 2778 Hor.
734 2745 865 2788 11,0d.
882 2755 933 2786 VI,
951 2759 998 2791 17.

371 2798 443 2832 108.
466 2799 615 2844 Zephyri
631 2798 775 2832 comites
790 2805 872 2831 sunt
888 2797 1000 2833 Veris.

1049 946 1093 955 --
1119 929 1314 962 Mulcebant
1327 953 1336 968 ,
1366 921 1491 962 leviter
1521 925 1695 971 agitabant
1713 951 1723 969 ,

1050 982 1119 1016 huc
1130 988 1165 1016 et
1174 981 1254 1016 illuc
1263 980 1452 1015 movebant
1462 979 1576 1014 flores.
1588 979 1678 1014 Fast.
1690 978 1724 1022 I,

1050 1034 1088 1069 61
1106 1060 1116 1078 ‚
1141 1042 1265 1070 ventus
1286 1036 1407 1068 mulce?
1423 1045 1570 1068 summas
1589 1035 1725 1066 aristas.

1056 1087 1334 1132 Teporconvenit
1346 1086 1531 1133 temperiei
1540 1085 1627 1120 aeris
1638 1096 1725 1119 ver-

1051 1139 1099 1174 ni.
1110 1139 1199 1174 Pliu.
1213 1139 1262 1181 ΙΙ,
1276 1138 1342 1184 Ep.
1352 1150 1444 1182 xvn,
1455 1138 1476 1172 3
1489 1163 1498 1180 ,
1510 1142 1619 1181 tepore
1627 1147 1727 1170 verno

1050 1194 1224 1225 nitescunt.
1239 1189 1396 1226 Causam
1411 1189 1501 1224 illius
1513 1187 1642 1234 teporis
1651 1185 1727 1222 red-

1052 1241 1103 1276 dit
1115 1241 1250 1277 Lucret.
1260 1243 1308 1285 V,
1321 1241 1400 1276 816:
1411 1239 1465 1275 At
1475 1243 1606 1275 novitas
1613 1240 1732 1273 mundi

1050 1307 1111 1328 nec
1121 1294 1258 1338 frigora
1273 1296 1358 1330 dura
1377 1295 1490 1327 ciebat
1501 1298 1565 1327 etc.
1589 1309 1634 1318 —
1649 1291 1727 1325 Sine

1049 1349 1183 1385 semine,
1201 1345 1276 1382 sine
1287 1358 1369 1381 cura
1380 1344 1566 1379 hominum
1581 1356 1589 1379 ι
1602 1341 1725 1388 Vix-gil.

1052 1398 1226 1444 Georg.1‚
1247 1412 1304 1442 22,
1328 1411 1392 1432 non
1401 1395 1726 1442 ullosemt'acsruges.

1053 1450 1140 1484 Haec
1155 1457 1238 1484 sunt
1251 1450 1385 1493 injussa
1394 1452 1560 1494 gramina.

1101 1515 1173 1549 ¹⁰9·
1193 1502 1279 1535 Mox·
1301 1513 1375 1535 non
1398 1500 1565 1545 temporis
1584 1503 1728 1535 succ'es*

1053 1554 1189 1589 sionem
1196 1553 1336 1595 indicat,
1347 1551 1408 1587 sed
1417 1552 1660 1586 continuatum
1670 1563 1727 1584 or-

1055 1606 1195 1648 dinem,
1212 1604 1307 1639 idem
1323 1616 1428 1649 quam
1443 1610 1619 1650 praeterea.
1636 1600 1727 1637 Vide

1056 1657 1229 1693 Schwarz.
1239 1656 1282 1691 ad
1294 1655 1581 1698 Plin.Pan.V111‚
1593 1654 1625 1688 6.
1634 1653 1728 1688 Male

1055 1708 1161 1754 igitur
1172 1708 1319 1743 Lenzius
1328 1714 1452 1742 monet
1461 1733 1470 1750 ,
1484 1704 1655 1741 Ovidium
1664 1703 1732 1739 hoc

1057 1761 1228 1807 posuisse,
1253 1761 1333 1806 quia
1339 1759 1463 1805 fruges
1478 1758 1587 1794 serius
1611 1763 1733 1792 matu-⁴

1056 1820 1197 1848 rescunt
1219 1812 1371 1847 floribus.
1400 1812 1524 1856 Neque
1547 1809 1644 1844 idem
1662 1821 1733 1845 ,mm

1057 1870 1233 1900 renovatus
1244 1872 1336 1899 recte
1348 1863 1491 1909 explicat
1500 1889 1509 1906 ,
1523 1875 1597 1898 non
1609 1867 1733 1896 aratus.

1105 1932 1118 1951 1
1129 1931 1139 1951 1
1146 1931 1177 1951 o.
1194 1918 1265 1952 Nec
1273 1920 1448 1951 renovatus
1454 1928 1542 1959 ager.
1555 1914 1671 1950 Immo
1682 1917 1734 1946 re-

1058 1974 1198 2005 novalus
1212 1983 1294 2014 ager
1308 1976 1359 2004 est
1374 1967 1505 2002 novalis
1517 1993 1527 2010 ,
1546 1966 1606 2012 qui
1622 1965 1733 2000 alter-—

1059 2022 1113 2056 nis
1129 2021 1228 2056 annis
1244 2028 1340 2055 vacat
1352 2028 1388 2055 et
1400 2026 1559 2054 novatur.
1577 2017 1708 2053 Sensus
1723 2027 1730 2047 τ

1060 2072 1212 2118 Singulis
1228 2072 1327 2106 annis
1346 2084 1405 2106 sua
1420 2076 1543 2116 sponte
1560 2082 1641 2115 ager
1656 2069 1732 2103 sru-

1061 2131 1181 2159 menta
1196 2123 1348 2164 serebat,
1366 2135 1433 2157 nec
1448 2128 1538 2162 erat,
1556 2133 1618 2155 cur
1633 2120 1733 2154 alter-

1060 2176 1115 2210 nis
1137 2182 1296 2211 cessaret.
1319 2193 1363 2201 -—-
1380 2175 1546 2214 canebat,
1572 2171 1733 2218 exprimit

1062 2225 1269 2263 albicantem
1294 2227 1418 2273 segetis
1445 2225 1608 2260 colorem.
1634 2225 1733 2269 Virg-

1063 2282 1137 2316 Ecl.
1154 2282 1207 2316 IV
1220 2308 1229 2325 ,
1249 2281 1291 2315 28
1303 2306 1313 2323 ,
1340 2291 1412 2313 non
1431 2277 1547 2312 minus
1563 2282 1707 2311 venuste
1723 2301 1733 2317 ,

1062 2336 1159 2367 molli
1170 2334 1336 2377 flavescet
1364 2342 1500 2373 campus
1528 2331 1647 2363 arista.
1683 2327 1699 2361 I
1702 2333 1736 2361 ta

1063 2399 1156 2420 cana·
1171 2388 1282 2419 art'slae
1291 2409 1301 2427 ‚
1319 2383 1392 2424 VI,
1408 2381 1482 2424 455.
1493 2398 1537 2407 --
1555 2381 1713 2414 Gravidis
1726 2404 1736 2421 ,

1063 2437 1174 2482 plenis
1184 2446 1386 2482 granorum,
1398 2439 1450 2476 ut,
1463 2432 1531 2475 III,
1542 2431 1608 2466 665
1617 2457 1627 2474 ,
1647 2431 1739 2464 Gra-

1063 2490 1150 2522 us'dis
1163 2489 1334 2532 corymbis.
1351 2484 1530 2519 Caeterum
1541 2495 1603 2517 sua
1614 2488 1738 2527 sponte

1062 2539 1148 2572 olim
1157 2539 1334 2572 frumenta
1347 2543 1427 2571 nata
1436 2548 1507 2570 esse
1518 2546 1656 2569 necesse
1669 2539 1738 2567 est:

1062 2590 1132 2625 vid.
1158 2591 1275 2636 Heyn.
1304 2589 1342 2623 in
1366 2587 1496 2633 Opusc.
1525 2584 1631 2621 Acad.
1653 2590 1677 2619 t.
1697 2583 1712 2618 I
1727 2609 1737 2627 ,

1064 2657 1097 2688 p.
1113 2643 1178 2689 339
1192 2655 1266 2687 sqq.
1566 2688 1574 2696 ο
1686 2668 1697 2671 ,.

1113 2709 1125 2728 1
1136 2708 1148 2728 1
1157 2708 1169 2728 1
1176 2692 1416 2736 ‚Maminajam
1421 2693 1530 2726 lactis.
1537 2689 1596 2724 Sic
1603 2688 1740 2732 eloque-

1063 2746 1193 2780 bantur
1202 2752 1333 2779 veteres
1343 2753 1508 2788 magnam
1518 2739 1613 2774 lactis
1621 2746 1657 2773 et
1666 2738 1736 2772 vini

1065 2798 1220 2842 copiam,
1240 2809 1306 2841 qua
1323 2803 1480 2839 tempore
1497 2803 1603 2827 aureo
1619 2803 1738 2825 vacca-
