1832 3100
307 259 392 321 378

665 265 718 308 P.
764 266 1012 312 OVIDII
1049 269 1360 318 NASONIS

302 354 357 401 In
380 364 549 419 partem
571 368 753 406 ventura
775 359 899 409 chori
922 362 1125 411 Tritonia
1150 365 1319 423 nostri,

1654 393 1720 431 ²7⁰

302 431 417 479 Vera
441 431 599 489 refers;
622 435 866 503 meritoque
890 438 1057 504 probas
1082 452 1282 508 artesque
1299 480 1311 500 ,
1337 426 1570 511 locumque
1590 464 1600 505 ;

301 509 363 556 Et
385 520 551 570 gratam
574 524 738 561 sortem
753 552 764 571 ,
793 526 896 564 tutae
921 516 1055 564 modo
1081 517 1240 576 simus,
1264 519 1500 579 habemus,

303 584 392 632 Sed
408 622 420 643 ‚
447 587 630 637 vetitum
654 603 721 639 est
739 592 847 640 adeo
873 592 1024 641 sceleri
1051 594 1186 642 nihil!
1216 597 1362 645 omnia
1385 609 1550 649 terrent

304 661 536 725 Virgineas
559 679 750 726 mentes,
778 669 988 736 dirusque
1010 683 1110 719 ante
1137 691 1214 720 ora
1240 673 1463 739 Pyreneus

305 739 530 800 Vertitur;
556 755 600 792 et
623 745 822 794 nondum
845 766 915 796 mc
942 759 1036 796 tota
1057 761 1203 798 mente
1227 752 1387 818 recepi.
1660 770 1723 815 275

302 817 462 867 Daulia
483 821 710 881 Threicio,
736 825 998 892 Phoceaque
1022 826 1161 875 milite
1184 846 1286 876 rura

306 895 494 961 Ceperat
516 897 589 947 ille
613 899 737 948 ferox
752 938 764 959 ,
790 902 1039 970 injustaque
1066 923 1200 966 regna
1226 905 1417 954 tenebat.

305 972 487 1039 Templa
508 977 768 1041 petebamus
792 970 999 1029 Parnasia
1024 1001 1034 1029 ε
1058 981 1170 1029 vidit
1191 994 1368 1041 euntes;

305 1050 555 1117 Nostraque
578 1053 722 1104 fallaci
743 1069 972 1106 veneratus
990 1059 1173 1107 numina
1192 1059 1316 1109 cultu
1334 1081 1344 1108 :

311 1147 334 1168 «
361 1128 694 1191 Mnemonides,
721 1148 934 1197 cognorat
957 1136 1073 1184 enim
1089 1175 1100 1194 ,
1127 1137 1381 1196 consistite,
1409 1137 1547 1196 dixit3

1662 1152 1727 1187 280

310 1225 332 1245 »
360 1204 451 1253 Nec
473 1206 698 1269 dubitate,
723 1231 901 1278 precor,
928 1226 1045 1263 tecto
1069 1234 1197 1277 grave
1221 1210 1344 1264 sidus
1368 1227 1412 1264 et
1434 1215 1620 1264 imbrem
1635 1251 1647 1273 ‚

308 1303 331 1324 »
359 1284 508 1333 Imber
530 1299 647 1346 erat,
671 1288 806 1338 vitare
830 1310 928 1339 meo
949 1312 958 1339 :
979 1292 1152 1340 subiere
1176 1293 1372 1341 minores

309 1381 332 1401 »
360 1360 484 1427 Saepe
507 1381 627 1412 casas
649 1365 820 1432 Superi.
850 1390 873 1410 »
892 1368 1036 1417 Dictis
1059 1381 1104 1417 et
1126 1380 1324 1436 tempore
1345 1382 1477 1418 motae

303 1440 643 1512 Adnuimusque
661 1447 756 1496 viro
771 1485 783 1507 ,
809 1449 1061 1517 primasque
1083 1451 1343 1501 intravimus
1367 1451 1493 1500 aedes.

305 1524 538 1575 Desierant
562 1528 747 1588 imbres;
773 1531 978 1598 victoque
998 1534 1303 1600 Aquilonibus
1327 1535 1499 1584 Austro

1663 1545 1728 1582 285

304 1605 446 1654 Fusca
467 1622 704 1674 repurgato
722 1611 950 1675 fugiebant
973 1615 1127 1673 nubila
1151 1616 1271 1664 caelo.

306 1687 502 1752 Impetus
527 1690 589 1738 ire
612 1691 698 1739 fuit
717 1712 727 1740 :
749 1692 914 1742 claudit
933 1713 1011 1743 sua
1038 1707 1150 1744 tecta
1172 1697 1419 1762 Pyreneus;

305 1768 496 1835 Vimque
519 1785 669 1837 parat,
697 1793 828 1840 quam
849 1795 932 1824 nos
956 1777 1114 1826 sumtis
1136 1777 1374 1840 effugimus
1398 1775 1491 1825 alis.

306 1851 405 1916 lpse
431 1864 676 1918 sequuturo
701 1855 857 1906 similis
881 1859 1004 1906 stetit
1027 1859 1190 1907 arduus
1215 1877 1311 1907 arce
1331 1879 1341 1906 :

306 2007 508 2041 quanquam
523 1998 637 2034 Musae
649 2007 684 2035 et
699 2002 817 2036 choros
829 2001 988 2037 institue-

305 2048 400 2083 bant.
412 2049 555 2084 Hesiod.
567 2051 700 2098 Theog.
713 2067 741 2098 7.
760 2053 922 2088 Suaviter
932 2054 987 2088 ad-

306 2099 421 2134 ditum
430 2127 439 2144 ,
458 2105 625 2146 virgineus
637 2115 649 2146 ,·
666 2105 817 2151 virgines
829 2106 925 2140 enim
935 2106 988 2140 sa·-

306 2146 369 2186 cile
396 2159 585 2188 terrentur.
617 2155 664 2190 Et
679 2157 837 2203 virgineo
861 2157 988 2192 terrori

305 2205 523 2241 conveniunt
535 2214 570 2242 et
580 2210 761 2253 sequentia
774 2236 783 2252 ,
801 2213 986 2255 dirusque...

304 2262 450 2293 vertitur.
467 2279 512 2287 —-
528 2263 696 2307 Pyreneus
712 2275 730 2297 e
753 2264 902 2298 Thracia
919 2276 987 2298 co—

305 2310 438 2345 loniam
454 2311 597 2346 deduxit
618 2313 654 2347 in
671 2315 843 2348 Boeotiam
856 2341 865 2358 ,
881 2322 986 2360 atque

307 2365 362 2399 vel
373 2364 523 2400 ruditate
535 2379 596 2400 sua
605 2366 660 2401 vel
669 2367 760 2402 bello
774 2368 893 2402 Musas
904 2368 986 2403 inde

306 2417 439 2462 fugasse
458 2416 524 2451 dici
537 2418 660 2462 potuit.
672 2420 764 2453 -Se
778 2422 988 2463 temperarant

307 2471 463 2512 colligere
487 2468 652 2503 dicuntur
671 2495 680 2512 ,
709 2470 768 2514 qui
793 2482 834 2504 ex
859 2482 987 2515 magna

308 2520 416 2554 animi
435 2521 698 2566 perturbatione
723 2521 766 2556 ad
785 2522 986 2568 tranquilli-

311 2578 420 2607 tatem
433 2572 594 2609 redeunt.

352 2624 426 2669 276.
449 2626 597 2666 Daulis,
627 2625 708 2660 urbs
734 2625 897 2661 Phocidis
912 2652 921 2669 ,
946 2639 987 2660 ex

309 2688 376 2720 qua
392 2676 447 2710 via
474 2677 622 2712 ducebat
645 2677 687 2711 ad
708 2678 869 2712 Parnassi
894 2679 986 2724 juga.

307 2728 456 2763 Pausan.
475 2729 581 2764 Phoc.
594 2744 626 2776 p.
641 2732 703 2776 807
717 2744 789 2776 sqq.
799 2733 987 2775 —Templa

309 2782 478 2817 Parnasia
493 2794 621 2829 nempe
639 2783 810 2829 Apollinis
835 2791 869 2819 et
896 2784 987 2819 Bac-

1053 2003 1108 2037 chi
1122 2028 1132 2045 ,
1158 2002 1216 2047 qui
1238 2002 1286 2036 ibi
1309 2001 1523 2036 colebantur.
1541 1998 1643 2034 Rode
1655 2025 1666 2043 ,
1685 2011 1728 2033 zu

1051 2057 1115 2089 dea
1131 2056 1271 2089 Hoeben
1287 2056 1347 2087 des
1361 2055 1401 2088 P.

1096 2107 1172 2140 280.
1191 2100 1378 2139 Consiste're
1395 2102 1533 2149 proprie
1550 2101 1727 2145 dicuntur,

1052 2158 1112 2202 qui
1141 2170 1160 2191 a
1184 2168 1289 2190 cursu
1313 2162 1373 2190 aut
1395 2155 1520 2189 itinere
1538 2154 1730 2199 quiescunt.

1051 2211 1182 2246 BURM.
1199 2227 1242 2236 —
1268 2211 1386 2249 Sidus,
1410 2215 1597 2253 tempestas
1611 2233 1621 2251 ‚
1650 2206 1731 2252 quia

1051 2263 1149 2297 ortus
1163 2262 1319 2297 siderum
1336 2267 1371 2295 et
1387 2273 1525 2296 occasus
1541 2266 1731 2305 tempesta-

1050 2322 1103 2349 tes
1122 2314 1282 2349 concitat.
1301 2312 1395 2348 Flor.
1417 2313 1474 2356 11,
1492 2323 1563 2346 vul
1575 2337 1585 2354 ,
1604 2311 1644 2354 8,
1668 2312 1732 2345 boc

1050 2370 1142 2402 velut
1157 2368 1265 2400 sidere
1280 2365 1435 2399 Asiatici
1446 2366 1529 2398 belli
1538 2367 1629 2397 mota
1645 2367 1731 2396 lem-

1045 2423 1175 2463 peslas.
1183 2416 1252 2452 Sed
1264 2417 1492 2450 Burmannus
1500 2414 1621 2449 mallet
1632 2426 1733 2458 graec

1040 2472 1174 2516 frzgrus,
1195 2469 1276 2514 quia
1292 2474 1402 2514 poetae
1417 2480 1519 2512 grave
1541 2469 1640 2501 sidus
1660 2478 1731 2501 vo-

1050 2534 1128 2556 care
1140 2520 1254 2555 solent
1272 2531 1388 2554 acrem
1401 2518 1511 2553 solem
1526 2525 1562 2553 et
1573 2517 1656 2552 inde
1665 2528 1732 2550 ve-

1049 2573 1255 2608 hementem
1274 2572 1448 2614 calorem;
1463 2570 1522 2606 sed
1541 2570 1637 2604 hunc
1653 2579 1729 2602 non

1050 2624 1238 2660 convenire
1250 2623 1367 2666 imbri,
1382 2623 1474 2668 quia,
1488 2633 1598 2667 quum
1608 2619 1663 2654 ille
1678 2631 1730 2652 ca-

1050 2676 1127 2720 dat,
1152 2675 1376 2710 vehementia
1392 2674 1512 2710 sideris
1529 2675 1727 2717 frangatur;

1051 2743 1127 2777 quae
1135 2731 1253 2764 omnia
1262 2731 1388 2764 frustra
1398 2729 1441 2764 ab
1448 2741 1491 2763 eo
1497 2726 1632 2761 monita
1638 2732 1730 2760 sunt.

1093 2783 1170 2827 284.
1192 2785 1326 2819 Primus
1341 2783 1447 2823 ades,
1468 2779 1607 2815 atrium.
1626 2795 1670 2804 --
1686 2778 1729 2812 In
