1832 3100
322 215 1012 277 METAMORPHOSEON
1043 216 1170 262 ΜΒ.
1205 219 1298 264 lv.

122 319 382 375 fiuctibus,
406 325 452 364 et
473 320 598 372 tectas
623 308 821 358 defendit
843 307 898 357 ab
923 308 1146 358 imbribus
1169 311 1310 359 undas
1329 331 1340 360 :

1448 221 1533 265 333

1471 327 1536 362 525

126 405 308 453 summ
328 397 469 460 riget,
490 392 759 458 frontemque
780 391 830 439 in
853 401 1055 459 apertum
1077 392 1269 458 porrigit
1291 412 1454 461 aequor.

132 487 333 550 Occupat
351 479 487 528 hunc.
507 474 619 524 vires
639 475 811 524 insania
833 474 1014 533 fecerat,
1040 476 1124 522 Ino
1147 494 1157 532 ;

133 568 277 634 Seque
298 581 434 631 super
453 570 653 630 yontum,
677 558 804 607 nullo
827 558 996 607 tardata
1021 558 1179 608 timore
1193 596 1206 618 ,

133 648 304 706 Mittit,
331 643 516 707 onusque
541 660 670 690 suum
691 660 927 708 :percussa
949 640 1180 690 recanduit
1200 641 1332 690 unda.

136 732 199 780 At
219 731 372 778 Venus
392 723 601 779 inmeritae
623 724 772 791 neptis
793 724 1000 772 miserata
1021 723 1199 772 labores
1213 761 1225 783 ‚

1472 738 1540 775 530

137 813 211 862 Sic
231 822 394 880 patruo
414 807 594 862 handita
617 827 698 856 suo
723 819 790 856 est
810 828 822 857 ε
846 830 870 851 «
887 808 937 856 Ο
961 826 1127 856 numen
1149 827 1387 874 aquarum,

141 918 166 940 »
189 893 399 944 Proxima
422 890 471 943 ni
493 888 599 938 caelo
621 889 778 948 cessit,
798 890 1027 956 Neptune,
1052 900 1276 956 potestas3

142 1000 166 1021 ι)
192 977 359 1040 Magna
384 971 537 1041 qudem
558 990 728 1039 posco;
754 971 831 1020 sed
855 982 906 1020 tu
929 971 1136 1020 miserere
1155 990 1377 1031 meorum,

147 1084 171 1105 ι)
194 1059 362 1109 Jactari
385 1068 474 1124 qus
499 1055 641 1104 cernis
666 1055 714 1103 in
736 1055 867 1103 Ionio
891 1055 1136 1113 immens03
1342 1083 1368 1121 s

149 1165 174 1186 »
199 1143 261 1191 Et
278 1140 363 1190 Dis
384 1136 469 1189 ade
492 1137 582 1187 tuis
603 1156 614 1186 ε
633 1135 782 1204 aliqua
808 1149 852 1187 et
874 1137 986 1186 mihi
1008 1137 1148 1200 gratia
1169 1149 1312 1204 ponto
1336 1149 1404 1187 est
1423 1157 1435 1197 ;
1479 1148 1549 1188 535

151 1285 231 1321 tulit
245 1311 256 1329 ‚
276 1282 338 1319 sed
360 1282 462 1325 etiam,
495 1288 536 1316 ut
556 1280 734 1318 Matutam
765 1288 801 1316 et

151 1339 355 1374 Portunum
372 1334 588 1370 Remorum
610 1333 693 1368 inde
718 1333 798 1369 effi-

153 1397 271 1434 ceret,
297 1390 401 1435 longe
430 1393 507 1425 ater.
534 1387 600 1422 Ino
621 1400 702 1423 cum
727 1388 800 1423 filio

154 1449 253 1478 natat
266 1441 305 1476 in
321 1439 445 1484 Italiar,
462 1438 510 1474 ibi
525 1439 648 1475 incidit
664 1440 702 1474 in
716 1440 801 1475 Bac-

155 1493 255 1538 chas,
273 1506 293 1529 a
309 1492 558 1539 quarunsurore
571 1492 733 1527 Herculis
744 1492 802 1526 in-

156 1554 320 1583 terventu
344 1546 502 1588 liberunt,
533 1552 569 1580 et
593 1558 613 1580 e
637 1544 800 1580 vaticinio

159 1598 363 1635 Carmente
371 1605 502 1633 nat-am
508 1596 624 1631 induit
634 1596 800 1632 divinam,

157 1669 201 1678 —
213 1652 388 1696 scopulus,
404 1648 521 1685 Muris
536 1648 695 1692 nomine,
709 1661 801 1684 unus

157 1717 200 1739 ex
215 1702 383 1741 Scironiis
395 1728 406 1746 ,
430 1702 455 1736 ni
471 1707 566 1736 certe
581 1708 802 1736 consecratus

158 1757 226 1792 suit
239 1755 471 1792 Leucothean
492 1754 685 1791 Palaemoni
705 1768 715 1790 :
733 1755 802 1790 vid.

160 1811 310 1847 Pausan.
324 1809 443 1844 Attic..
465 1809 537 1844 108.
555 1808 661 1854 Apud
677 1808 805 1843 Lucia-

162 1875 251 1898 num
263 1889 272 1907 ,
289 1861 335 1896 D.
355 1861 408 1895 M.
424 1862 512 1908 {Ino
529 1861 571 1896 ab
589 1860 803 1896 Athamante

163 1927 205 1950 ex
221 1926 362 1950 summo
379 1911 546 1948 Cioerone
557 1939 567 1956 ‚
583 1913 642 1946 ubi
659 1919 806 1957 proten-—

166 1965 263 2001 ditur
280 1965 322 2001 ad
338 1977 435 1999 mare
443 1966 584 2011 fugatur
601 1964 638 1998 in
655 1964 807 2010 pelagus.

167 2035 211 2043 —
225 2018 348 2052 Tectas
362 2014 491 2060 ddeh'l,
507 2028 526 2050 e
542 2015 641 2060 copia
657 2015 804 2060 poetica,

170 2068 340 2104 defendit.
358 2086 403 2095 -·
436 2068 545 2109 ures,
575 2074 808 2114 tempestates.

172 2121 271 2167 Virg.
279 2120 364 2155 AEn.
373 2121 404 2164 I,
417 2134 428 2154 ι
434 2119 597 2164 fiscopali,
606 2133 739 2165 quorum
748 2121 810 2154 sub

171 2176 294 2207 vertice
303 2174 372 2207 late
380 2174 489 2217 ‘Eqra
501 2176 574 2206 {ula
584 2174 694 2206 silent.
710 2171 741 2205 E
752 2171 810 2206 tali

174 2231 292 2260 autem
304 2224 447 2270 scopulo
452 2223 527 2258 cilis
537 2223 642 2258 saltus
652 2222 690 2257 in
701 2235 809 2257 mare.

173 2294 219 2303 -
234 2279 329 2312 Onus
347 2274 635 2313 suumiecundum
649 2274 810 2321 Apollod.

173 2328 268 2365 hunc
290 2329 403 2364 filium
420 2339 484 2365 sm
503 2335 684 2363 mortuum
701 2334 812 2374 gesta-

173 2381 251 2426 bat,
273 2382 578 2428 conjectumempe
601 2381 638 2416 in
663 2382 811 2416 serven-

175 2440 249 2468 tem
258 2434 379 2469 lebetis
391 2446 487 2479 aqm.
500 2433 618 2469 Etiam
628 2433 719 2479 apud
737 2434 813 2468 Eu-

175 2485 279 2533 ripid.
306 2485 404 2521 Med.
434 2487 475 2522 tf>
488 2513 498 2531 ,
527 2487 619 2522 cadit
643 2487 680 2521 in
715 2499 811 2521 mare

178 2546 323 2586 propter
337 2537 644 2584 impiatliberorum
660 2540 791 2575 caedem
802 2566 811 2584 ,

180 2593 241 2628 ubi
254 2592 323 2627 vid.
341 2591 485 2627 Schola·
509 2593 565 2628 De
590 2606 711 2639 spuma
735 2593 815 2628 alibi

181 2653 371 2692 usurpatur
378 2647 512 2680 albeere.
521 2647 613 2682 Plin.
627 2648 674 2690 V,
684 2647 749 2692 Ep.
760 2657 813 2690 Vl,

185 2700 227 2742 24
242 2711 250 2733 τ
264 2712 307 2733 ex
324 2699 414 2732 edito
431 2699 546 2733 ddaeens
560 2712 649 2744 aqua
666 2701 818 2732 albescit.

865 1283 998 1317 descere
1020 1281 1148 1317 eodem
1175 1294 1280 1316 sensu
1305 1282 1411 1328 poni,
1443 1282 1547 1319 docet

866 1334 1045 1370 Schwarz.
1062 1335 1105 1370 ad
1122 1335 1214 1370 Plin.
1230 1336 1317 1370 Pan.
1334 1347 1424 1381 xxx,
1443 1337 1476 1371 3.

910 1387 986 1421 530.
996 1389 1050 1422 At
1063 1389 1175 1423 Venus
1184 1391 1354 1423 hnmerilae
1364 1395 1429 1424 etc.
1448 1389 1547 1434 Quo<

867 1438 965 1473 niam
982 1438 1050 1472 Ino
1071 1440 1208 1474 Veneris
1222 1452 1263 1473 ex
1280 1439 1477 1475 Harmonia
1488 1455 1549 1476 ne-

859 1495 933 1535 ptis
944 1518 953 1532 ,
971 1499 1153 1538 propterea
1170 1491 1244 1527 haec
1259 1505 1279 1527 e
1296 1492 1438 1529 fictione
1458 1494 1550 1530 Ovi-

867 1542 1227 1590 diiintercedit.Apud
1235 1544 1443 1590 Lucianum,
1454 1546 1550 1582 dicto

866 1594 962 1639 loco,
981 1597 1156 1640 Nepiunus
1183 1603 1307 1642 sponte
1323 1623 1333 1642 ‚
1359 1597 1396 1632 in
1421 1599 1551 1635 Bacchi

868 1647 1034 1693 gratiam,
1051 1647 1092 1682 iis
1101 1647 1321 1683 divinitatem
1339 1648 1471 1684 tribuit.
1485 1652 1550 1684 Im-

868 1703 992 1734 merila·
1003 1726 1012 1741 ‚
1039 1699 1186 1735 insontis
1198 1726 1208 1744 ,
1237 1713 1315 1746 quae
1338 1701 1445 1736 talem
1472 1715 1551 1738 sor-

868 1759 943 1788 tem
954 1766 1028 1788 non
1044 1761 1234 1790 meruerat.
1244 1750 1448 1790 -—'Lab0res
1458 1783 1467 1797 ,
1480 1757 1552 1791 mi-

869 1819 984 1841 seram
999 1813 1131 1841 sortem
1145 1833 1154 1850 ‚
1172 1819 1341 1852 angorem
1358 1808 1466 1842 animi
1480 1835 1489 1850 ,
1509 1822 1561 1850 ex&

868 1859 1004 1894 insania
1021 1866 1151 1894 ortum.
1161 1877 1206 1884 —
1213 1861 1378 1894 Meomm.
1388 1860 1550 1896 Vatican-

870 1912 973 1957 prim.
994 1911 1190 1956 Hamburg.
1210 1918 1247 1946 et
1262 1924 1326 1957 pro
1348 1911 1483 1948 diversa
1500 1914 1553 1948 le-

870 1963 987 1998 ctione
1004 1963 1139 1998 Arond.
1157 1968 1285 1998 tuorum
1297 1991 1306 2005 ‚
1329 1964 1421 2010 quod
1439 1966 1550 2001 Hein—

871 2015 941 2050 sius
957 2015 1129 2050 efficacius
1141 2016 1293 2061 putabat.
1310 2017 1383 2052 Pro
1395 2017 1447 2052 his
1463 2017 1551 2053 duo·

872 2067 937 2102 bus
953 2066 1177 2111 lectionibus,
1198 2067 1319 2103 Codex
1334 2077 1454 2106 noster
1470 2071 1551 2106 Re-

874 2120 948 2165 gius
975 2120 1005 2154 B
1033 2120 1137 2155 habet
1160 2124 1312 2165 nepotum
1333 2134 1347 2165 ‚¹
1381 2134 1456 2156 non
1487 2123 1551 2157 in—

874 2178 982 2216 grate,
994 2178 1120 2206 namet
1134 2171 1200 2206 Ino
1213 2176 1248 2206 et
1259 2172 1441 2208 Melicerta
1452 2183 1553 2210 erant

875 2230 1022 2269 nepotes
1029 2224 1197 2269 Neptuni.
1208 2225 1555 2261 Ed.·-Jactariven-

874 2277 916 2311 tis
932 2284 967 2312 et
983 2277 1086 2312 undis
1101 2284 1217 2313 nautae
1231 2278 1312 2313 alias
1327 2278 1553 2315 dicuntur.—

874 2332 1005 2366 lonium
1021 2331 1174 2366 absolute
1197 2331 1325 2366 dicitur
1337 2358 1347 2375 ,
1367 2334 1474 2367 etiam
1491 2334 1553 2369 ubi

874 2386 1067 2419 immensum
1078 2392 1137 2420 aut
1149 2398 1304 2429 magnum
1316 2385 1465 2421 additur.
1483 2386 1554 2421 Ve—

875 2449 957 2470 rum
968 2437 1118 2471 Moluris
1130 2463 1140 2480 ‚
1160 2450 1238 2483 pars
1250 2438 1380 2472 montis
1390 2437 1554 2473 Geraniae

876 2489 913 2523 in
930 2489 1058 2523 finibus
1073 2490 1264 2535 Megaridis
1275 2516 1285 2533 ‚
1302 2490 1465 2525 imminet
1480 2504 1554 2527 non

877 2543 987 2585 Ionio,
1002 2541 1063 2576 sed
1071 2541 1161 2575 sinui
1173 2541 1352 2576 Saronico.
1364 2543 1485 2588 Itaque
1496 2551 1556 2579 aut

877 2596 1009 2629 lonium
1021 2593 1087 2628 alio
1096 2606 1200 2628 sensu
1211 2593 1326 2638 posuit
1340 2594 1470 2638 (Schol.
1479 2595 1555 2630 Eu·-

880 2645 981 2691 ripid.
1009 2645 1052 2679 ad
1079 2645 1202 2680 Phoen.
1228 2646 1285 2690 11,
1313 2646 1354 2690 6)
1368 2674 1378 2690 ,
1397 2654 1456 2683 aut
1473 2648 1556 2682 alios

882 2704 1040 2732 auctores
1050 2703 1217 2742 sequutus
1232 2705 1294 2733 est.
1303 2717 1347 2726 -
1356 2701 1464 2739 Mihi,-
1482 2699 1559 2734 Co·-

187 2750 258 2786 Sed
274 2758 309 2786 et
327 2751 433 2785 verba
449 2753 640 2787 iandcsccre
652 2757 686 2785 et
700 2763 820 2786 recan-
883 2749 948 2786 dex
967 2749 1097 2795 Regius
1117 2750 1168 2794 Α,
1193 2763 1275 2785 mea.
