1832 3100
296 222 388 268 DE
430 221 669 267 OPERE
713 221 1444 268 METAMORPHOSEON.
1543 240 1602 285 29

156 315 277 375 cula,
307 316 482 375 Horas,
504 317 621 375 Ver,
645 317 888 374 AEstatem‚
913 316 1219 374 Autumnum,
1244 317 1462 366 Hiemem.
1495 317 1603 366 Alas

154 399 352 459 Daedali,
368 401 516 460 -vm,
556 400 646 467 189
663 439 675 459 ‚
700 399 895 450 ostendit
916 400 1050 449 nobis
1079 401 1201 450 suavi
1230 401 1517 452 similitudine
1538 403 1606 452 in-

154 484 397 552 terposita:
433 485 506 534 Sic
531 486 680 535 ruslim
711 485 915 553 quondam
944 486 1117 534 Fistula
1143 486 1374 553 disparibus
1398 487 1606 553 paulatim

153 566 282 633 surgit
314 568 463 618 avenis.
505 569 575 617 De
605 588 714 636 apro
750 568 995 636 Calydonio
1018 607 1030 628 ‚
1072 570 1186 617 VIII
1204 607 1215 628 ,
1258 568 1438 636 282-97
1460 607 1472 628 ‚
1512 582 1608 619 tum

156 648 371 713 338-4ο,,
410 651 476 700 nil
498 665 714 703 memorat
729 690 741 711 ‚
782 652 867 702 nisi
891 652 1015 720 quod
1035 653 1091 702 ad
1124 652 1360 702 consilium
1382 653 1576 720 pertinet
1595 674 1607 713 ;

152 736 240 786 hoc
279 748 347 786 est
362 774 375 794 ‚
403 735 541 804 -quod
575 735 789 796 declarat,
838 757 971 805 quam
1007 736 1230 786 horrenda
1258 736 1394 786 fuerit
1429 736 1579 786 bellua
1594 775 1607 795 ‚

155 821 606 889 quantum-damnum
637 821 837 872 attulerit
863 823 982 886 agris
1000 860 1012 880 ,
1051 833 1095 869 et
1125 834 1236 889 quot
1257 822 1470 888 juvenum
1497 841 1608 871 con-

108 939 112 944 ·
153 923 287 954 cursu
309 924 424 972 opus
439 904 573 954 suerit
593 905 651 954 ad
670 925 763 955 eam
787 905 1106 954 debellandam.
1143 905 1232 954 Sed
1247 943 1259 964 ‚
1275 948 1278 953 ,
1297 918 1350 955 ut
1374 906 1464 972 jam
1489 906 1607 964 dixi,

153 985 496 1041 totum'carmen
520 991 740 1059 ejusmodi
765 990 1012 1041 luminibus
1046 990 1308 1039 distinctum
1333 1003 1428 1049 est,
1463 1011 1608 1059 neque

152 1074 376 1134 adeo-est,
401 1075 522 1143 quod
547 1074 678 1142 plura
694 1075 785 1141 jam
807 1092 1069 1123 recenseam.

215 1160 367 1210 Etiam
386 1159 434 1211 in
451 1159 676 1227 adfectibus
697 1159 859 1208 mentis
883 1160 1088 1209 humanae
1104 1197 1116 1217 ‚
1152 1172 1242 1208 tam
1264 1160 1462 1210 motibus
1486 1173 1608 1209 tene—

152 1244 216 1292 ris
228 1281 240 1302 ‚
267 1262 401 1310 quam
419 1241 826 1292 vehementioribus
843 1242 1260 1309 perturbationibus
1279 1243 1469 1292 notandis
1487 1262 1610 1307 egre-—

155 1327 254 1390 gius
287 1326 444 1375 artifex
477 1328 644 1376 Noster
672 1325 905 1392 reperitur.
946 1326 1163 1375 Paternus
1197 1324 1395 1375 adfectus
1428 1326 1607 1393 paucis,

155 1411 233 1460 sed
250 1409 364 1460 bene
379 1448 392 1469 ,
414 1411 551 1468 VIII,
579 1427 699 1469 210,
726 1409 1001 1476 descriptus,

262 1539 372 1580 Inter
392 1554 492 1595 opus
513 1541 762 1594 monitusque
781 1554 890 1596 genae
907 1538 1085 1581 maduere
1105 1540 1242 1581 seniles

261 1611 315 1652 Et
334 1611 467 1666 patriae
486 1618 677 1652 tremuere
694 1626 850 1664 manus,

153 1724 402 1793 copiosius,
419 1727 488 1786 II,
507 1744 661 1794 91-99
676 1765 688 1786 ,
709 1726 757 1775 in
770 1725 945 1775 Phoebo
960 1765 972 1786 ,
992 1725 1047 1775 do
1053 1726 1231 1794 p1grnom
1249 1737 1358 1775 certa
1370 1767 1383 1784 ,
1410 1739 1516 1786 etc.;
1539 1740 1582 1776 et
1594 1766 1606 1785 ,

151 1811 243 1869 VI,
277 1809 520 1877 496-510,
543 1811 590 1860 in
610 1811 838 1861 Pandione
861 1831 964 1861 sene
982 1811 1116 1861 filiam
1140 1812 1402 1861 dimittente.
1438 1803 1607 1861 Mater-

152 1913 262 1943 num
281 1893 478 1943 animum
506 1932 519 1954 ,
561 1896 630 1944 IX
651 1933 664 1954 ‚
705 1893 887 1962 375-81
912 1933 924 1955 ‚
970 1896 1142 1959 egregie
1167 1894 1328 1943 exserit
1352 1895 1533 1962 Dryope
1561 1896 1608 1944 in

153 1978 296 2029 lotum
331 1981 572 2041 transiens,
615 1979 917 2053 spllicitudine
963 1979 1016 2028 de
1055 1978 1136 2027 filii
1173 1979 1433 2028 educatione
1475 1992 1610 2048 atque

155 2063 308 2113 salute.
344 2066 559 2114 Mutuum
581 2064 755 2130 juvenis
786 2063 1035 2132 puellaeque
1054 2102 1066 2122 ‚
1100 2063 1222 2114 taedae
1250 2064 1348 2130 jure
1371 2065 1500 2130 jungi
1532 2084 1607 2113 cu-

155 2142 397 2209 pientium,
427 2162 620 2192 amorem
644 2143 758 2191 bene
790 2142 1002 2192 describit
1032 2142 1209 2210 Pyrami
1242 2153 1286 2190 et
1313 2141 1508 2190 Thisbes
1541 2142 1607 2192 fa—

154 2224 274 2275 bula.
313 2225 727 2291 Flagrantissimum
757 2226 908 2276 uxoris
938 2226 984 2275 in
1020 2227 1229 2276 maritum
1267 2246 1461 2275 amorem
1496 2226 1605 2276 Hal-

156 2328 292 2378 cyone
310 2311 534 2361 verissime
552 2310 707 2370 refert,
732 2313 827 2370 XI;
852 2311 933 2361 ubi
960 2311 1169 2360 maritum
1192 2311 1492 2360 discessurum
1513 2330 1606 2359 esse

156 2397 398 2463 comperit,
424 2395 606 2459 416-43
620 2435 632 2456 ,
653 2409 697 2445 et
713 2397 757 2445 in
777 2397 971 2460 discessu
988 2396 1086 2464 ipso
1102 2434 1114 2456 ,
1138 2396 1235 2458 464
1254 2416 1352 2464 sqq.
1365 2434 1376 2454 ‚
1401 2396 1608 2462 idemque

156 2479 234 2529 illo
257 2480 438 2530 absente
458 2482 615 2531 transit
632 2482 826 2549 primum
844 2482 890 2530 in
913 2481 1203 2539 desiderium,
1231 2481 1411 2548 573-81
1442 2501 1452 2529 z
1476 2501 1605 2540 mox,

156 2563 235 2613 ubi
258 2566 311 2614 de
340 2565 468 2615 obitu
491 2567 584 2632 ejus
603 2567 775 2615 somnio
794 2566 963 2616 monita
988 2578 1080 2623 est,
1106 2566 1152 2613 in
1177 2566 1484 2629 gravissimum
1506 2566 1605 2615 luc-

158 2660 253 2698 tum
272 2647 491 2717 678—709
505 2687 516 2709 ‚
537 2662 580 2699 et
593 2651 671 2699 ubi
691 2670 853 2719 corpus
871 2651 965 2717 ejus
983 2662 1139 2700 natans
1157 2651 1377 2718 prospicit
1393 2670 1417 2719 7
1431 2652 1486 2700 16
1504 2649 1601 2721 sqq.

158 2733 311 2783 Mariti
348 2734 393 2783 in
428 2735 659 2801 conjugem
692 2735 888 2787 animum
920 2755 1010 2785 non
1043 2734 1155 2785 male
1191 2736 1399 2804 exprimit
1428 2738 1605 2786 Deuca-
