1832 3100
43 826 71 868 ὓ

1078 133 1086 153 t

373 277 1095 326 METAMORPHOSEON
1132 281 1269 324 LIB.
1311 282 1402 326 IV.

183 375 304 438 Ergo
325 373 427 431 ubi,
453 391 531 422 ceu
554 383 716 430 mater,
743 390 850 421 carae
869 371 992 420 dedit
1016 371 1167 420 oscula
1189 384 1326 430 natae;

186 472 211 496 «
235 451 325 499 Res
338 486 354 508 ,.
375 449 461 507 ait,
486 467 642 497 arcana
665 460 756 507 est3
779 447 972 506 famulae,
1000 447 1235 506 discedite;
1260 468 1369 498 neve

185 549 211 572 ι»
237 525 409 593 Eripite
432 525 664 574 arbitrium
691 526 822 575 matri
841 525 1006 574 secreta
1027 524 1242 592 loquenti.
1269 549 1291 568 »

181 603 450 662 Paruerant;
476 603 758 670 thalamoque
782 605 904 652 Deus
929 603 1023 651 sine
1047 615 1158 652 teste
1181 602 1338 651 relicto
1354 640 1365 661 ‚
1541 617 1606 650 225

184 702 209 724 «
234 679 316 728 Ille
341 699 424 744 ego
447 700 566 739 sum,
591 681 726 739 dixit,
749 682 826 748 qui
849 680 1035 743 longum
1054 680 1216 729 metior
1238 699 1425 738 annum;

182 778 208 801 ³»
236 757 401 806 Omnia
422 759 503 824 'qui
525 758 680 816 video;
703 777 784 826 per
808 778 939 825 quem
961 758 1081 806 videt
1105 759 1253 808 omnia
1274 758 1404 807 tellus
1427 777 1437 816 ;

183 855 209 878 >²
237 834 401 882 Mundi
415 833 570 883 oculus
585 854 594 883 :
608 835 733 893 mihi,
749 835 889 893 crede,
908 835 1069 902 places.
1094 857 1118 879 >›
1136 836 1272 885 Pavet
1284 835 1380 896 illa;
1400 846 1608 901 metuque

1515 282 1602 342 309

177 913 239 960 Et
262 911 388 962 colus
409 924 453 962 et
476 913 603 961 fusus
627 912 778 975 digitis
802 913 996 962 cecidere
1016 913 1225 961 remissis.

175 991 279 1057 Ipse
301 991 437 1039 timor
460 991 609 1040 decuit
629 1011 638 1038 :
665 1010 746 1039 nec
767 990 946 1053 longius
970 989 1044 1039 ille
1065 1003 1264 1040 moratus
1279 1029 1292 1050 ‚
1543 1005 1608 1038 230

175 1067 232 1116 In
251 1085 398 1116 veram
418 1066 550 1116 rediit
570 1066 724 1116 faciem
740 1105 752 1126 ,
778 1067 1047 1135 solitumque
1069 1069 1271 1118 nitorem.

177 1149 243 1198 At
262 1149 414 1212 virgo,
438 1149 636 1216 quamvis
659 1150 846 1216 inopino
869 1151 1021 1199 territa
1043 1150 1141 1199 visu
1155 1188 1168 1210 ‚

178 1230 311 1280 Victa
332 1231 479 1280 nitore
501 1232 611 1290 Dei,
635 1232 783 1298 posita
803 1233 891 1280 vim
914 1251 1046 1299 passa
1067 1231 1242 1299 querela
1265 1244 1344 1281 est.

179 1312 347 1361 Invidit
371 1313 541 1381 Clytie,
569 1333 714 1380 neque
734 1314 851 1362 enim
874 1308 1130 1364 moderatus
1153 1315 1199 1363 in
1224 1314 1301 1363 illa

179 1393 300 1444 Solis
324 1395 636 1454 amorfuerat,
660 1395 973 1463 stimulataque
993 1395 1163 1462 pellicis
1187 1396 1251 1444 ira
1546 1410 1610 1444 235

178 1476 347 1540 Vulgat
370 1477 661 1536 adulterium3
690 1477 1054 1544 diffamatumque
1078 1477 1252 1544 parenti
1297 1486 1300 1489 “

174 1558 353 1608 ‘Iudicat
371 1579 381 1607 :
402 1558 476 1608 ille
493 1559 619 1608 ferox
633 1597 645 1617 ‚
671 1559 1078 1626 immansuetusque
1100 1570 1348 1626 precantem
1363 1597 1374 1617 ‚

179 1640 541 1707 Tendentemque
563 1659 720 1689 manus
743 1640 797 1689 ad
821 1639 988 1690 lumina
1012 1640 1129 1689 Solis
1145 1678 1157 1700 ,
1183 1652 1253 1700 et,
1278 1639 1359 1689 Ille

178 1723 283 1772 Vim
307 1723 411 1772 tulit
431 1724 606 1784 invitae,
632 1724 873 1784 dicentem,
901 1725 1072 1775 defodit
1095 1724 1183 1774 alta

177 1849 265 1885 bent
281 1853 387 1893 levia,
410 1851 503 1898 quod
519 1864 594 1888 non
609 1858 661 1887 est
676 1852 864 1887 sollicitan—

178 1899 265 1936 dum
284 1917 294 1944 ;
321 1915 406 1938 nam
429 1916 532 1948 supra
546 1929 556 1947 ,
581 1916 684 1938 versu
715 1903 782 1947 36,
800 1906 869 1938 levi

176 1956 312 1997 pollice.

225 2008 299 2050 ²²4·
321 2007 452 2051 Eripite
476 2007 635 2042 revocavi
660 2020 679 2043 e
706 2007 863 2053 plurimis

179 2057 289 2093 MSS.
298 2065 334 2093 et
350 2058 441 2093 Edd.
453 2059 614 2105 antiquis.
631 2059 761 2095 Sensus
774 2072 864 2095 :non

181 2111 304 2157 eripite
323 2113 428 2151 matri
444 2120 650 2158 potestatem
667 2121 800 2148 secreta
813 2113 865 2148 lo-

137 2212 144 2218 ·
183 2163 324 2208 quendi.
346 2166 502 2209 ArnJaere
516 2167 689 2200 arbitrium
708 2165 864 2201 absolute

182 2216 328 2263 quidem
348 2216 415 2252 dici
439 2225 551 2263 potest
565 2244 575 2262 ,
608 2218 668 2253 sed
694 2231 768 2253 non
792 2232 863 2264 seq.

181 2267 309 2303 dativo.
335 2287 380 2295 ——
402 2271 555 2306 Remotis
575 2272 711 2304 arbitris
739 2271 864 2316 passim

182 2319 356 2363 occurrit,
378 2332 488 2365 quum
511 2333 635 2356 omnes
662 2322 756 2357 abire
780 2321 865 2367 jussi

180 2377 277 2414 sunt,
290 2383 357 2406 nec
374 2372 558 2418 quisquam
571 2372 787 2419 admittitur,
805 2375 865 2420 qui

182 2434 384 2458 sermonem
395 2423 523 2460 audiat.
535 2442 580 2451 ·—
594 2426 657 2460 Sol
668 2431 866 2462 metituran·

181 2487 261 2508 num
277 2501 287 2516 ,
323 2476 404 2520 quia
426 2475 588 2512 homines
612 2478 688 2523 ejus
716 2478 865 2514 decursu

183 2539 320 2562 annum
343 2527 530 2566 definiunt.
563 2530 805 2568 Commendat
827 2546 864 2568 se

184 2579 245 2614 Sol
260 2606 270 2623 ,
293 2585 334 2615 ut
348 2579 475 2626 Apollo
492 2582 509 2616 1
521 2608 532 2626 ,
550 2585 612 2618 512
627 2595 702 2630 sqq.
723 2584 866 2630 Jupiter

187 2631 205 2666 Ι
217 2656 228 2674 ,
254 2632 330 2678 594.
355 2649 399 2657 -
417 2632 544 2667 Mundi
556 2637 684 2669 oculus.
707 2636 867 2671 Macrob.

189 2683 207 2718 I
220 2708 230 2726 ,
243 2683 385 2719 satum.
402 2695 466 2719 xxl
480 2698 489 2722 z
505 2687 612 2720 Solem
623 2688 722 2722 Jove's
736 2691 868 2723 oculum

186 2739 339 2781 appellat
350 2741 546 2784 antiquitas.
566 2756 610 2766 —-
626 2741 676 2774 Et
690 2742 787 2776 colus
803 2748 869 2777 etc.

190 2786 295 2827 Cous.
316 2792 388 2836 173.
409 2809 455 2819 --
469 2791 659 2838 Schepper.
678 2792 869 2840 legendum

929 1860 1048 1888 censet
1063 1855 1113 1887 Et
1123 1856 1216 1887 color
1226 1852 1354 1896 etsusi.
1366 1852 1424 1887 Sic
1437 1851 1568 1888 habent
1579 1860 1615 1888 et

929 1905 1040 1939 nostri
1054 1905 1166 1950 Regii.
1184 1907 1249 1939 Ed

973 1957 1194 1992 230.Decu1·t.
1209 1957 1294 1991 Mox
1308 1970 1411 1992 versu
1424 1957 1504 2002 330,
1513 1959 1619 1992 sedet

927 2006 1098 2042 eru'buisse
1121 2011 1285 2051 decebat,-
1310 2009 1364 2044 Vl
1381 2034 1391 2052 ,
1426 2011 1465 2044 18
1478 2035 1488 2053 ,
1517 2011 1619 2044 decor

930 2061 1046 2105 adsuit
1059 2065 1145 2104 art1‘‚·
1163 2061 1215 2096 VI
1220 2063 1235 2097 Ι
1244 2089 1253 2106 ,
1273 2062 1336 2108 733
1346 2088 1356 2105 ,
1373 2075 1471 2107 quam
1485 2065 1539 2097 sic
1551 2065 1615 2096 do-

931 2114 1063 2156 loripse
1076 2115 1225 2147 decebat.
1238 2112 1340 2147 Adde
1356 2113 1448 2148 VIII
1462 2139 1471 2157 ‚
1485 2115 1526 2147 25
1540 2126 1614 2158 sqq.

931 2164 967 2199 X
983 2191 993 2209 ,
1028 2167 1103 2201 585.
1131 2185 1179 2192 —
1200 2167 1325 2201 Post'ta
1347 2170 1479 2212 querela
1495 2193 1504 2208 ‚
1539 2167 1614 2201 sine

931 2219 1082 2263 querela.

975 2273 1049 2315 234.
1068 2273 1181 2317 Neque
1191 2276 1279 2308 enim
1288 2279 1352 2308 etc.
1366 2272 1458 2307 Vide
1472 2285 1613 2307 versum

932 2321 1019 2364 258;
1043 2322 1199 2358 Lactant.
1221 2324 1258 2358 in
1278 2325 1362 2371 Arg.
1384 2337 1450 2369 qua
1471 2326 1614 2358 nondum

929 2379 1078 2410 sanatus
1095 2382 1168 2411 erat
1184 2378 1250 2411 Sol.
1276 2395 1320 2403 —
1336 2378 1393 2410 Ira
1413 2377 1447 2410 in
1462 2379 1615 2420 pellicem

930 2435 1098 2473 concepta
1113 2443 1122 2471 ς
1152 2428 1230 2463 vide
1264 2429 1388 2463 Burm.
1415 2447 1460 2454 -—
1484 2427 1615 2472 D1sfa-

932 2486 1068 2515 matum.
1089 2482 1257 2516 Heinsius
1274 2481 1372 2516 malit
1387 2481 1616 2526 dtssamatam.

932 2532 1051 2567 Nostri
1068 2533 1170 2579 Regii
1185 2533 1316 2568 habent
1329 2528 1556 2578 diffamatum.
1572 2553 1616 2561 —-

932 2586 1164 2630 Dtssamatum
1178 2613 1188 2629 ,
1224 2586 1405 2632 vulgatum
1422 2612 1432 2631 ‚
1466 2588 1615 2622 verbum

934 2651 1078 2673 novum.

979 2692 1053 2727 238.
1076 2693 1126 2725 Et
1144 2693 1214 2726 tlle.
1229 2690 1351 2727 Codex
1368 2692 1499 2738 Regius
1515 2693 1544 2727 B
1560 2719 1569 2736 ,
1586 2697 1622 2727 et

934 2745 1039 2778 illam.
1065 2762 1110 2769 —
1133 2742 1279 2787 Desodt't
1301 2750 1365 2780 etc.
1400 2744 1619 2790 Supplicium

936 2796 1105 2841 frequens
1120 2801 1300 2832 temeratae
1308 2796 1516 2842 virginitatis
1525 2823 1535 2840 ,
1551 2808 1622 2841 quo
