1832 3100
331 205 1017 255 METAMORPHOSEON
1051 212 1179 256 LIB.
1217 213 1306 258 VI.

118 299 320 364 Vulgus·;
347 311 391 348 et
411 299 677 349 exstinctum
699 318 800 348 cum
824 300 962 368 stirpe
985 303 1240 371 Amphiona
1260 305 1426 369 lugent.

116 377 264 427 Mater
283 377 331 425 in
350 376 517 426 invidia
537 387 604 425 est
623 395 634 425 ε
654 387 800 426 tamen
822 376 936 427 hanc
961 398 1140 446 quoque
1165 381 1327 431 dicitur
1348 403 1465 433 unus

114 453 262 504 Flesse
283 452 476 521 Pelops;
498 454 773 521 humeroque
788 491 800 513 ,
825 473 928 503 suas
951 455 1006 503 ad
1027 468 1208 522 pectora
1230 472 1470 527 postquam

1448 214 1538 276 449

114 530 311 581 Deduxit
327 543 492 590 vestes,
518 532 630 581 ebur
648 532 894 582 ostendisse
919 532 1115 582 sinistro.

1466 553 1533 599 4035

114 609 340 660 Concolor
355 610 429 659 hic
451 610 690 669 humerus,
712 610 922 659 nascendi
945 622 1167 679 tempore,
1195 613 1375 676 dextro,

115 682 459 756 Corporeusque
482 689 569 737 fuit
589 709 599 737 ε
619 689 825 737 manibus
848 708 952 738 mox
976 708 1082 739 caesa
1103 692 1299 758 paternis

113 766 321 816 Membra
343 766 494 815 ferunt
510 766 709 832 junxisse
730 767 876 824 Deos,
901 766 1086 834 aliisque
1108 769 1294 835 repertis
1308 808 1320 829 ,

114 845 208 910 Qui
232 843 358 894 locus
380 856 448 893 est
465 843 612 910 juguli
632 844 804 893 medius
826 845 1076 911 summique
1098 844 1248 894 lacerti

114 921 302 972 Defuit:
322 922 584 989 impositum
607 933 675 971 est
695 941 787 970 uon
810 923 1104 989 comparentis
1123 923 1170 972 in
1188 944 1318 975 usum

1471 945 1538 989 41⁰

113 1000 261 1050 Partis
284 1000 423 1058 ebur;
448 999 652 1066 factoque
678 999 844 1067 Pelops
863 1000 950 1049 fuit
972 1001 1144 1065 integer
1165 1002 1258 1052 illo.

177 1079 256 1126 VI.
276 1075 477 1127 Finitimi
495 1095 701 1143 proceres
723 1090 913 1138 coeunt;
938 1079 1162 1147 urbesque
1182 1083 1448 1150 propinquae

111 1209 215 1256 pisset
224 1235 234 1254 ,
244 1209 416 1256 velletque
431 1222 556 1246 eorum
573 1209 792 1245 divinitatem

110 1262 259 1307 experiri
271 1289 282 1306 ,
299 1262 439 1308 Pelopis
448 1261 680 1297 filiimembra
694 1269 791 1297 cocta

108 1317 320 1362 reliquisque
333 1316 418 1352 cibis
434 1315 586 1351 admixta
609 1316 650 1350 iis
673 1328 791 1361 appo-

109 1367 188 1404 suit.
202 1367 311 1414 Quod
319 1367 453 1403 soedum
460 1367 591 1402 facinus
599 1380 711 1413 quum
721 1367 791 1401 ani-

110 1419 379 1456 madvertissent
394 1419 455 1454 Dii
470 1445 480 1463 ,
497 1421 657 1454 membra
672 1433 793 1455 rursus

108 1479 383 1518 composuerunt
411 1479 540 1518 praeter
567 1472 759 1507 humerum
778 1498 788 1516 ‚

110 1539 218 1572 quem
229 1524 339 1560 Ceres
345 1532 592 1560 consumserat.
604 1520 791 1559 Eburneus

109 1579 218 1625 igitur
225 1578 259 1613 ei
269 1577 437 1612 humerus
448 1577 559 1612 datus.
570 1576 714 1613 Confer.
724 1578 791 1625 Ly-

109 1630 279 1677 cophron.
297 1628 393 1665 Cass.
415 1632 501 1677 159;
518 1630 682 1677 Hyginus
695 1655 704 1672 ‚
722 1629 789 1664 sab.

108 1683 173 1725 833
188 1682 351 1726 Servius,
369 1682 413 1717 ad
426 1682 613 1728 Virgilium
630 1708 640 1726 ,
658 1681 788 1729 Georg-

107 1736 184 1780 111,
197 1748 234 1782 7;
247 1735 364 1771 schol.
375 1735 534 1779 Pindari,
546 1735 588 1770 ad
600 1735 744 1782 Olymp.
758 1748 787 1771 1.

107 1787 260 1835 Impiam
277 1795 313 1823 et
327 1787 571 1823 incredibilem
588 1801 666 1823 eam
684 1789 788 1823 sabu-

105 1841 178 1876 lam
188 1840 347 1887 judicant
359 1839 533 1875 Pindarus
542 1866 552 1883 ,
565 1839 598 1874 d.
609 1840 631 1874 l.
644 1867 653 1884 ,
672 1847 707 1874 et
720 1840 788 1874 Eu-

109 1894 256 1942 ripides,
273 1893 384 1940 Iphig.
396 1893 504 1928 Taur.
514 1893 576 1937 387
594 1906 668 1938 sqq.
681 1893 788 1928 Forte

109 1953 213 1993 poeta
236 1946 357 1991 aliquis
383 1944 575 1979 humerum
594 1945 670 1990 ejus
684 1947 788 1979 ebur-

107 2013 206 2035 neum
214 2005 396 2034 vocaverat
408 2026 418 2043 ,
433 2006 472 2034 ut
488 1998 674 2044 pulchrum
686 1999 790 2045 signi·

110 2052 175 2088 fica
179 2059 292 2087 ret.·-·
311 2051 451 2086 Talibus
462 2054 628 2095 extemplo
636 2078 643 2086 .
649 2076 667 2085 ..
675 2054 788 2087 dictis.

112 2101 262 2139 Codices
270 2102 382 2138 nostri
397 2102 512 2148 Regii,
533 2103 671 2137 Talibus
681 2106 787 2137 exem-

102 2158 175 2201 plis
189 2157 309 2197 de'cto,
327 2153 363 2189 id
382 2160 435 2189 est
447 2179 456 2197 ,
477 2154 513 2188 in
531 2153 688 2188 medium
705 2152 790 2187 alla-

110 2204 154 2245 tis
166 2221 174 2244 2
185 2207 341 2254 displicet
352 2214 471 2242 tamen
480 2207 544 2241 ista
552 2206 704 2254 syntaxis
715 2232 725 2250 ,
735 2207 788 2241 dc·-

108 2274 182 2297 eere
195 2261 357 2304 exempla.
365 2258 440 2294 Ed.

152 2314 227 2358 403.
243 2313 375 2354 Mater,
402 2311 515 2347 Niobe
529 2337 539 2355 ,
568 2311 667 2355 cuius
681 2311 789 2346 frater

110 2369 242 2412 Pelops.
254 2366 288 2402 Is
296 2378 368 2412 proe
379 2365 474 2400 luctu
484 2371 617 2400 vestem
632 2364 786 2409 deducit,

109 2425 213 2465 atque
229 2419 276 2454 ita
290 2419 461 2454 humerus
477 2418 552 2464 ejus
567 2425 719 2464 apparet.
729 2418 788 2454 Sic

109 2471 304 2507 intruditur
325 2473 440 2518 potius
454 2497 464 2515 ‚
490 2483 596 2516 quam
620 2471 788 2506 intexitur

109 2523 234 2561 sabula.
242 2540 287 2552 —·
297 2523 361 2559 Ad
366 2526 504 2568 pectora
517 2525 659 2558 deduxit
668 2527 786 2558 vestes.

112 2577 166 2613 lta
178 2603 188 2621 ,
207 2575 296 2610 libro
313 2575 369 2610 ΠΙ
382 2601 392 2619 ,
413 2576 477 2619 480
493 2601 503 2619 ,
519 2587 650 2610 summa
664 2579 787 2610 vestem

109 2631 271 2664 deducere
285 2630 329 2662 ab
344 2638 424 2667 ora,
443 2627 536 2672 quod
551 2627 655 2662 fiebat
669 2627 788 2672 planc-

111 2686 167 2715 tus
181 2692 292 2715 cama.
306 2678 512 2713 —Simlrlra
523 2678 719 2722 Palatinus,
737 2681 788 2712 si·-

111 2735 275 2775 m‘strum3
297 2729 392 2777 quod
407 2730 583 2780 eleganter
598 2730 730 2766 dictum
741 2730 788 2766 vi·

264 2799 366 2843 III.

858 1209 962 1246 detur
976 1211 1117 1247 Daniel.
1132 1213 1289 1251 Heinsio.
1304 1215 1405 1263 Regii
1414 1222 1537 1265 nostri,

856 1266 1004 1300 sinistro,
1026 1264 1092 1300 Ed.

899 1318 976 1364 409.
997 1319 1173 1361 Quilocus
1189 1326 1252 1355 etc.
1267 1346 1277 1364 ,
1293 1322 1440 1367 scapula.
1456 1324 1537 1359 Lu—

853 1368 973 1405 cianus
991 1372 1171 1415 ὦμπλάτην
1187 1371 1300 1408 habet.
1318 1374 1426 1410 —De
1442 1389 1536 1415 svn-

856 1422 924 1456 taxi
933 1423 1055 1468 juguli
1066 1426 1194 1459 medt‘us
1209 1430 1245 1460 ct
1255 1428 1389 1468 lacerti,
1406 1417 1484 1464 vid-e
1495 1430 1539 1465 ad

858 1472 905 1517 V,
918 1474 993 1519 644.
1003 1494 1048 1502 —
1066 1478 1304 1520 Comparenlis.
1322 1477 1446 1514 Codex
1458 1481 1538 1516 Re-

856 1524 970 1570 giusz
980 1525 1063 1572 legit
1073 1532 1311 1573 conven1‘e’nt137
1320 1530 1438 1566 minus
1447 1540 1538 1577 apte.

855 1578 920 1611 Ed.
936 1580 1099 1613 —Facto
1113 1581 1175 1614 illo
1185 1607 1194 1620 ,
1216 1580 1275 1614 illo
1287 1581 1449 1617 Deorum
1466 1585 1537 1619 be·—

853 1628 992 1663 neficio.
1007 1631 1074 1665 Ed.
1088 1650 1133 1657 —
1146 1633 1303 1677 Integer‚·
1325 1635 1381 1668 cui
1396 1636 1535 1672 nullum

854 1681 1058 1716 membrum
1077 1682 1196 1728 deest,
1223 1686 1382 1736 ὁλὸκληρος.

907 1733 1074 1778 412-676.
1102 1737 1234 1770 Procne
1251 1764 1260 1778 ‚
1290 1739 1478 1774 Philomela
1505 1746 1542 1777 et

860 1786 982 1819 Tereus
996 1788 1032 1819 1⁸71
1046 1799 1134 1821 ares.
1153 1789 1310 1823 Pandion
1323 1790 1361 1825 ΙΙ
1372 1817 1382 1834 ,
1398 1790 1539 1827 Cecro-

853 1836 904 1881 pis
921 1836 956 1871 11
973 1836 1083 1881 filius,
1105 1845 1205 1882 pater
1229 1839 1332 1884 AEgei
1348 1867 1357 1884 ,
1384 1843 1444 1886 qui
1468 1858 1534 1879 re-

854 1888 972 1932 gnavit
988 1900 1082 1922 anno
1102 1890 1186 1924 1333
1201 1916 1211 1934 ,
1240 1898 1320 1926 ante
1338 1905 1397 1927 aer.
1416 1894 1503 1929 Chr.
1523 1924 1533 1941 ,

852 1939 939 1975 filias
955 1940 1076 1976 habuit
1091 1942 1241 1977 Procnen
1253 1950 1288 1978 et
1298 1945 1529 1990 Philomelam,

855 2005 1004 2038 quarum
1030 1994 1184 2039 priorem
1206 1997 1308 2030 Tereo
1325 1997 1478 2043 Thraci,
1497 2008 1537 2035 ut

854 2058 937 2091 opes
954 2058 1032 2081 suas
1055 2047 1251 2092 stabiliret,
1283 2048 1321 2083 in
1344 2052 1537 2088 matrimo—

854 2101 956 2136 nium
972 2101 1077 2138 dedit.
1107 2103 1165 2138 Sic
1180 2104 1369 2141 Pausanias
1386 2133 1396 2151 ‚
1425 2108 1532 2146 Attio.

853 2167 887 2199 p.
908 2154 965 2196 133
983 2167 1107 2189 verum
1118 2155 1246 2191 Noster
1255 2157 1423 2194 intellexit
1437 2161 1534 2196 Pan-

852 2206 996 2242 dionem
1014 2208 1031 2242 Ι
1045 2233 1055 2251 ,
1074 2207 1296 2244 Erichthonii
1317 2210 1430 2246 filium
1442 2239 1452 2257 ,
1471 2215 1532 2259 qui

852 2257 919 2292 suit
931 2258 1032 2292 annis
1050 2260 1111 2293 130
1122 2259 1310 2304 antiquior.
1319 2262 1412 2297 Nam
1425 2264 1532 2310 infra,

853 2322 956 2345 versu
980 2310 1065 2357 677,
1092 2311 1168 2357 ejus
1197 2325 1432 2349 successorem
1453 2316 1535 2351 facit

853 2362 1062 2398 Erechthea.
1076 2364 1136 2400 Sic
1149 2365 1255 2399 etiam
1273 2367 1509 2411 Apollodorus
1521 2385 1530 2412 ;

852 2422 888 2451 et
897 2415 987 2450 hanc
999 2415 1212 2452 ovidianum
1221 2418 1396 2453 rationem
1406 2422 1532 2465 probat

853 2468 1053 2512 Meursius,
1071 2469 1302 2515 Regn.Attic.
1321 2470 1378 2505 lib.
1389 2472 1446 2516 11,
1458 2486 1541 2520 cap.-

852 2521 874 2564 4
887 2526 922 2554 et
934 2522 967 2554 5.
978 2520 1113 2556 Tereus
1131 2529 1249 2557 autem
1265 2530 1317 2558 est
1333 2526 1533 2571 exemplum

852 2571 1005 2607 hominis
1025 2574 1292 2619 immanissimi,
1318 2583 1352 2611 et
1375 2589 1452 2622 quae
1475 2579 1532 2617 hic

852 2624 1003 2659 traditur
1028 2626 1164 2669 sabula,
1191 2639 1265 2661 non
1283 2627 1358 2663 sine
1383 2629 1533 2667 horrore

852 2678 961 2711 animi
988 2678 1118 2725 perlegi
1145 2686 1268 2726 potest.
1300 2681 1392 2716 Nam
1421 2697 1534 2729 quum

853 2730 1086 2765 Philomelam
1112 2731 1148 2766 in
1177 2745 1327 2778 regnum
1354 2747 1458 2771 suum
1487 2738 1532 2772 ad.

1293 2817 1364 2870 29„
