1832 3100
295 275 354 319 66

665 275 717 318 Ρ.
758 275 995 321 OVIDII
1026 276 1326 322 NASONIS

294 369 432 418 Filius
455 379 554 416 ante
578 367 692 417 diem
715 369 882 435 patrios
903 369 1090 436 inquirit
1110 370 1156 417 in
1179 390 1344 419 annos:

292 451 423 498 Victa
441 450 556 515 jacet
578 450 748 508 Pietas;
775 463 818 499 et
840 451 979 513 Virgo
1006 451 1117 499 caede
1141 452 1363 501 madentes
1378 490 1390 512 ,

294 531 460 580 Ultima
482 530 700 579 caelestum
714 568 725 589 ‚
752 543 887 579 terras
907 533 1074 581 Astraea
1094 532 1285 599 reliquit.

1638 561 1650 584 1
1658 550 1699 584 50

360 615 439 662 ΙΙΙ.
464 615 582 661 Neve
606 612 722 660 foret
740 612 867 661 terris
890 613 1085 662 Securior
1106 614 1268 663 arduus
1292 610 1425 662 aether
1441 651 1453 672 ‚

293 750 334 784 ab
348 736 473 783 effectu
482 745 622 789 veneni,
634 745 825 789 Juvenalis,
838 745 880 780 de
891 744 967 780 ma-

294 807 396 834 trona
420 810 497 843 quae
512 798 588 831 viro
604 800 722 831 miscet
739 797 877 831 sitiente
897 810 966 831 ru-

294 853 431 895 betam,
448 851 551 895 dixit,
578 851 649 885 Sat.
668 851 707 894 Ι,
731 863 818 885 vers.
837 865 895 896 72,
912 854 968 885 in-

292 907 404 939 stituit
416 907 527 948 nigros
537 903 655 948 efferre
669 907 806 937 maritos
816 930 823 944 ‚
840 903 968 938 scilicet

280 968 431 991 ‘veneno
447 954 561 989 lurido
584 955 776 989 exstinctos.
794 957 860 989 Ed.

341 1007 412 1051 148.
429 1008 573 1050 Iaquin‘t
587 1009 622 1040 in
637 1019 755 1040 annos.
780 1005 890 1040 Valde
912 1005 970 1041 hic

295 1060 430 1094 variant
445 1059 554 1093 MSS.
572 1058 697 1101 Multi,
715 1062 854 1092 incurrit
862 1062 897 1092 in
907 1072 970 1092 an-

293 1125 356 1147 nos
379 1117 438 1146 aut
453 1113 604 1145 occurrit.
627 1110 777 1156 Barneg.
798 1114 970 1146 concurrit.

296 1166 419 1208 Unus,
437 1165 612 1198 desiderat.
629 1162 794 1197 Menardi
807 1188 816 1205 ‚
834 1166 973 1197 incurrit

294 1220 442 1252 honores.
454 1216 586 1251 Genev.
598 1219 724 1260 irrupit.
742 1215 864 1250 Heins.
879 1216 970 1260 conj.

288 1274 420 1316 patrios
429 1272 516 1303 male
529 1271 650 1313 digerit
661 1281 778 1303 annos.
796 1268 969 1314 Apparet,

295 1322 331 1355 in
354 1320 442 1355 Cod.
467 1320 724 1364 antiquissimo,
749 1318 843 1353 unde
870 1319 973 1353 multi

297 1373 352 1407 alii
367 1371 526 1416 descripti
539 1397 548 1414 ,
562 1383 682 1404 veram
692 1370 878 1405 lectionem
892 1382 970 1403 eva-

295 1426 420 1460 nuisse.
441 1424 531 1458 Eam
553 1423 679 1457 deinde
695 1423 853 1458 librarius
870 1423 971 1467 quis—

298 1491 363 1523 que
380 1489 443 1512 suo
460 1475 567 1510 modo
588 1475 768 1520 supplevit.
790 1494 835 1500 —
849 1477 972 1519 Inqui—

296 1533 343 1563 rit
358 1535 421 1563 etc.
440 1526 579 1572 Quaerit
601 1539 620 1560 a
638 1525 916 1568 Mathematicis,
945 1538 971 1559 s.

300 1579 472 1615 Chaldaeis
485 1606 493 1620 ,
513 1577 689 1623 astrologis
702 1603 711 1620 ,
734 1577 793 1622 qui
809 1590 849 1610 ex
865 1583 972 1610 nata—

294 1630 384 1665 libus
403 1631 518 1664 sutura
537 1627 769 1674 praedicebant
793 1626 971 1673 (Gellius,

298 1684 343 1719 N.
361 1684 404 1717 A.
419 1683 436 1717 I
449 1708 458 1726 ,
477 1681 526 1730 9)
541 1694 693 1724 annum,
710 1693 780 1725 quo
792 1687 888 1725 pater
898 1692 974 1713 mo-

297 1736 429 1770 riturus
447 1734 506 1768 sit:
521 1738 598 1767 ante
612 1735 697 1767 diem
709 1735 860 1777 inquirit,
877 1745 974 1776 prae-

299 1788 385 1823 scire
396 1785 500 1832 cupit.
509 1785 624 1829 Silius,
641 1785 709 1827 ΙΙΙ,
721 1784 771 1828 13,
785 1787 976 1818 casusscire

290 1839 429 1884 futuros
444 1837 537 1871 Ante
553 1838 647 1870 diem.
667 1835 797 1869 Lenzio
811 1834 884 1869 haec
896 1835 975 1868 'im-

302 1890 410 1936 pietas
422 1915 432 1933 ,
458 1888 497 1922 in
516 1887 581 1921 hac
602 1886 745 1932 quidem
770 1886 950 1920 notatione
965 1912 975 1929 ,

302 1954 376 1975 non
389 1940 467 1975 satis
479 1952 606 1985 magna
620 1938 777 1980 videtur;
794 1937 910 1982 itaque
925 1937 977 1971 his

303 1991 416 2026 verbis
436 1990 578 2035 subjicit
601 1989 636 2023 h.
653 2001 794 2023 sensum
812 2001 819 2023 ε
845 1989 916 2033 ipse.
938 1987 978 2021 fit

306 2050 425 2078 auctor
440 2043 562 2076 mortis
581 2049 797 2087 praematurae
813 2041 912 2086 patri.
938 2040 979 2075 Id

305 2106 389 2128 vero
404 2093 509 2127 verba
525 2093 717 2138 significare
735 2106 808 2127 non
827 2099 978 2138 possunt.

307 2146 416 2181 Tacit.
444 2146 512 2180 An.
530 2146 586 2180 ΙΙΙ
598 2171 607 2189 ,
638 2159 678 2178 22
697 2158 705 2179 ε
729 2148 907 2188 Quoesitum
921 2159 984 2190 per

271 2213 276 2218 ’
309 2198 484 2231 Chaldaeos
505 2199 541 2230 in
561 2198 691 2231 domurn
717 2197 859 2230 Caesaris
878 2223 886 2238 ‚
922 2197 981 2230 ubi

309 2251 444 2296 Lipsius
457 2256 492 2284 et
503 2249 571 2284 suis
586 2254 621 2283 et
637 2250 769 2283 Tertul.
784 2250 896 2284 verbis
907 2262 983 2283 mo-

307 2310 370 2337 net
382 2329 391 2343 ‚
413 2308 522 2346 q'uam-
536 2301 677 2346 capitale
694 2300 729 2334 id
745 2301 798 2335 sit.
825 2302 982 2336 Varietas

310 2354 593 2390 tamenlectionis
599 2353 780 2387 materiam
791 2353 983 2387 emendan-

310 2408 346 2441 di
363 2408 494 2452 largam
517 2405 722 2452 suppeditat.
750 2406 854 2440 Forte
879 2406 983 2440 Ovid.

310 2459 443 2504 scripsit
457 2472 464 2492 :
481 2462 632 2502 irrumpit
645 2461 680 2492 in
692 2471 808 2492 annos.
826 2458 898 2491 Cic.
911 2458 983 2503 Lig.

313 2514 332 2545 5
345 2537 354 2554 ,
375 2515 549 2555 irrumpere
563 2512 720 2554 infletum
733 2537 741 2550 ‚
767 2523 850 2544 eum
866 2510 983 2543 inter—

313 2562 440 2607 pellare
453 2588 462 2605 ,
479 2563 696 2607 abrumpere.
709 2563 817 2597 Tacit.
830 2562 898 2596 An.
912 2562 964 2596 IV
973 2589 982 2605 ,

314 2614 355 2658 67
368 2640 376 2654 ‚
395 2617 569 2657 irrumpere
582 2618 720 2659 quietem
732 2614 857 2648 eodem
872 2627 984 2648 sensu.

315 2665 412 2700 Tum
426 2671 504 2700 ante
520 2669 604 2700 diem
616 2694 624 2708 ,
642 2667 767 2703 scilicet
786 2668 855 2700 sato
874 2662 986 2701 desti-

315 2727 461 2762 natum,
485 2726 524 2753 ut
550 2720 626 2753 Art.
654 2720 770 2754 Amat.
794 2720 872 2763 ΙΙΙ,
901 2721 984 2769 739;

318 2769 414 2816 Virg.
431 2769 571 2805 AEneid.
590 2770 643 2806 IV
655 2795 665 2812 ,
686 2770 760 2816 696.

1079 747 1148 793 149.
1162 747 1286 780 Pietas.
1304 745 1416 780 Amor
1430 747 1700 793 consanguineo-

1030 810 1112 831 rum
1130 805 1296 837 mutuus;
1325 801 1417 832 victa
1429 798 1531 841 jacet
1552 800 1702 845 graviter

1032 850 1163 885 dictum
1172 877 1181 894 ‚
1197 851 1333 896 expulsa
1345 858 1405 887 est.
1421 851 1629 897 Metaphora
1642 867 1701 899 pe-

1032 901 1094 935 tita
1119 902 1160 936 ab
1189 901 1343 937 hostibus
1377 909 1436 937 aut
1461 903 1701 950 gladiatoribus

1033 955 1138 1002 victis.

1079 1008 1151 1040 150.
1176 1009 1276 1051 Virgo
1291 1008 1437 1043 Astroea.
1453 1008 1611 1053 Justitia,
1627 1020 1703 1054 quae

1033 1059 1139 1093 etiam
1155 1060 1353 1105 simpliciter
1373 1064 1491 1106 Virgo,
1522 1069 1557 1097 et
1578 1075 1596 1096 a
1616 1061 1704 1097 Cae-

1034 1124 1108 1145 sare
1124 1111 1446 1156 Germ.J'11.5t1'.=-sirna
1460 1117 1552 1158 virgo
1567 1113 1703 1149 dicitur.

1035 1162 1169 1198 Relicta
1182 1171 1273 1198 terra
1286 1190 1295 1206 ‚
1311 1164 1407 1199 Jovis
1422 1164 1459 1198 in
1470 1164 1553 1199 caelo
1566 1164 1705 1199 resedit.

1035 1233 1079 1240 -
1090 1213 1386 1251 Ultimdcaelestum
1393 1242 1402 1256 ‚
1413 1223 1487 1250 erat
1498 1215 1592 1250 enim
1599 1215 1705 1251 etiam

1034 1266 1102 1300 hoc
1130 1266 1164 1300 in
1193 1266 1288 1300 aurei
1309 1267 1414 1302 seculi
1434 1267 1557 1312 bonis,
1582 1275 1623 1303 ut
1645 1266 1706 1302 Dii

1036 1326 1222 1364 praesentes
1242 1318 1403 1355 homines
1428 1319 1592 1355 viserent.
1615 1319 1705 1355 Fast.

1037 1370 1055 1404 I
1068 1397 1077 1414 ,
1098 1372 1170 1416 247.

1083 1422 1245 1456 151-162.
1262 1423 1451 1467 Neve-foret
1464 1430 1527 1458 etc.
1543 1424 1709 1468 Giganta-

1036 1477 1171 1509 machia
1180 1501 1189 1515 ‚
1209 1487 1314 1519 quarn
1324 1476 1454 1511 Noster
1466 1476 1581 1521 paucis
1597 1470 1709 1512 trans-

1035 1526 1143 1560 mittit
1160 1552 1169 1569 ,
1205 1526 1380 1561 Hesiodus
1412 1526 1512 1572 plane
1548 1527 1708 1574 neglexit.

1039 1578 1131 1622 Quae
1142 1578 1290 1612 Homer.
1305 1577 1375 1612 Od.
1388 1583 1413 1612 λ.
1429 1579 1582 1626 304—193
1599 1580 1709 1625 Apol-

1037 1628 1108 1663 lon.
1121 1629 1151 1673 Ι,
1166 1630 1247 1673 484;
1262 1628 1358 1675 Virg.
1370 1628 1497 1675 Georg.
1511 1630 1540 1673 Ι,
1555 1631 1706 1674 280—83;

1041 1679 1118 1714 Col.
1132 1680 1215 1714 AEn.
1228 1678 1293 1724 VI,
1309 1682 1371 1716 580
1384 1695 1392 1723 ;
1407 1680 1565 1726 Apollod.
1578 1682 1595 1717 I
1606 1709 1616 1727 ,
1633 1693 1707 1728 vn,

1040 1735 1062 1777 4
1073 1759 1082 1776 ,
1098 1732 1211 1768 Otum
1222 1740 1256 1767 et
1270 1732 1467 1778 Ephialtem
1480 1759 1489 1777 ,
1510 1733 1589 1768 Aloi
1602 1734 1689 1770 filios
1699 1762 1708 1780 ,

1040 1792 1169 1819 statura
1175 1784 1329 1830 corporis
1334 1783 1526 1832 prodigiosa
1535 1813 1545 1830 ‚
1556 1799 1688 1832 parasse
1699 1815 1709 1831 ‚

1042 1844 1077 1871 et
1091 1863 1099 1881 ,
1119 1837 1185 1871 nisi
1201 1837 1242 1871 ab
1259 1837 1419 1882 Apolline
1436 1838 1564 1884 sagittis
1586 1839 1711 1875 confixi

1042 1895 1156 1923 essent
1170 1914 1179 1931 ,
1197 1889 1410 1933 perfecturos
1425 1890 1526 1925 suisse
1539 1891 1711 1934 scribunt,

1042 1953 1082 1974 ea
1099 1941 1225 1975 Noster
1241 1940 1313 1983 hic,
1329 1948 1431 1985 atque
1448 1942 1537 1976 Fast.
1551 1943 1594 1982 V,
1614 1943 1655 1977 35
1669 1970 1678 1987 ,
1693 1957 1710 1977 a

1046 1993 1246 2035 Gigantibus
1256 1993 1343 2025 sacta
1353 2005 1424 2027 esse
1435 1999 1563 2028 narrat.
1575 1994 1711 2028 Verum

1047 2045 1229 2088 Gigantas,
1241 2050 1378 2088 Γηγενεῖς
1385 2071 1394 2088 ,
1403 2046 1596 2090 Terrigenas
1603 2073 1611 2087 ‚
1628 2059 1712 2092 quos

1046 2095 1176 2139 Terra,
1200 2094 1384 2141 indignans
1400 2096 1481 2130 Jovi
1504 2097 1549 2131 ob
1571 2092 1714 2134 Titanas
1762 2121 1765 2123 >

1044 2148 1082 2182 in
1098 2147 1284 2182 Tartarum
1299 2149 1492 2193 conjectos,
1510 2163 1551 2184 ex
1566 2150 1714 2186 Tartaro

1045 2199 1197 2244 peperit,
1221 2206 1256 2234 et
1272 2212 1423 2245 quorum
1438 2200 1582 2235 nomina
1599 2201 1714 2237 schol.

1046 2252 1190 2287 Hesiod.
1201 2252 1244 2287 ad
1257 2253 1324 2288 Th.
1338 2253 1410 2296 185,
1423 2253 1554 2300 Hygia.
1564 2263 1715 2300 praesert.

1047 2319 1079 2351 p.
1096 2306 1116 2339 3
1129 2332 1138 2349 ,
1155 2304 1284 2340 habent
1296 2332 1305 2350 ,
1327 2306 1440 2351 potius
1455 2306 1491 2341 in
1508 2307 1714 2342 Macedonia

1046 2368 1124 2389 saxa
1140 2363 1241 2401 atque
1258 2369 1414 2390 accensas
1432 2357 1571 2392 arbores
1587 2358 1622 2392 in
1642 2371 1715 2394 cae—

1047 2408 1121 2442 lum
1139 2408 1302 2453 jaculatos
1315 2421 1385 2442 esse
1408 2416 1510 2454 atque
1527 2422 1546 2444 a
1563 2409 1717 2446 Caelico-

1047 2459 1087 2493 lis
1100 2486 1109 2502 ,
1133 2459 1285 2493 Hercule
1302 2459 1338 2492 in
1355 2460 1555 2494 societatem
1568 2461 1694 2496 adscito
1706 2489 1716 2506 ,

1048 2512 1267 2555 interfectos,
1286 2512 1340 2545 alii
1357 2512 1517 2553 tradunt,
1543 2521 1581 2549 ut
1598 2514 1717 2560 Eurip.

1051 2563 1126 2597 Ion.
1145 2564 1298 2604 205—18;
1318 2563 1475 2608 Apollod.
1494 2564 1532 2608 Ι,
1547 2565 1579 2600 6.
1596 2565 1717 2610 Itaque

1051 2613 1155 2649 Ovid.
1175 2613 1261 2648 duos
1278 2614 1428 2649 diversos
1441 2615 1580 2662 mythos
1594 2616 1718 2649 consu-

1050 2669 1113 2710 din
1125 2669 1160 2702 in
1175 2681 1243 2714 quo
1252 2670 1341 2703 sorte
1352 2676 1506 2704 auctores
1515 2669 1647 2712 habuit,
1659 2676 1719 2704 aut

1052 2719 1291 2767 Pherecydem
1306 2727 1341 2754 et
1356 2720 1554 2754 Acusilaum
1565 2746 1574 2763 ‚
1590 2720 1648 2764 qui
1661 2719 1719 2754 illa

1052 2770 1257 2815 attigerant,
1281 2777 1339 2805 aut
1351 2771 1476 2816 priscos
1490 2777 1608 2816 poetas
1621 2796 1631 2815 ‚
1660 2770 1720 2817 qui
