1832 3100
395 225 1085 298 METAMORPHOSEJON
1121 228 1249 274 LIB.
1290 231 1330 274 1.

1510 233 1569 295 67

149 320 403 372 Adfectasse
426 319 576 369 ferunt
596 338 784 383 regnum
803 318 972 370 caeleste
1000 320 1211 384 Gigantas
1234 342 1244 380 ;

148 402 342 470 Altaque
369 413 607 466 congestos
632 401 844 451 struxisse
868 402 924 451 ad
948 402 1091 452 sidera
1109 416 1298 453 montes.

149 485 266 534 Tum
288 496 414 552 pater
438 485 721 551 omnipotens
742 484 879 533 misso
900 484 1112 552 perfregit
1134 486 1379 554 Olympum

149 566 378 627 Fulmine‚
403 579 449 616 et
470 567 664 617 excussit
684 567 884 634 subjecto
909 568 1067 618 Pelion
1092 570 1231 619 Ossae.

1514 589 1576 624 155

152 649 330 700 Obruta
353 649 470 699 mole
489 669 567 699 sua
592 669 730 717 quum
753 669 937 717 corpora
962 651 1055 700 dira
1074 652 1269 717 jacerent
1289 672 1299 711 ;

151 731 380 781 Perfusam
401 731 544 781 multo
568 744 776 782 natorum
799 733 1013 797 sanguine
1035 735 1218 783 Terram

150 862 456 909 Gigantomachias
470 864 688 910 scripserant.
702 864 829 899 Horat.

151 915 209 951 ΙΙΙ
222 942 232 958 ,
260 915 332 951 Od.
349 927 388 951 lv
400 942 410 961 ,
438 916 551 965 49-63
564 943 574 960 ,
599 916 739 964 mythos
756 917 831 952 illos

150 967 341 1014 distinguit.
349 968 393 1003 In
405 967 589 1004 Claudiani
602 969 831 1016 Gigantoma-

150 1019 228 1055 chia
241 1019 408 1067 Gigantes
420 1028 454 1055 et
468 1020 531 1056 hos
545 1028 580 1056 et
593 1021 675 1056 alios
691 1028 831 1057 montes

150 1072 357 1119 jaculantur.
374 1073 442 1108 Vix
457 1073 602 1109 dubium
621 1082 740 1110 autem
757 1081 829 1118 est,

152 1127 239 1173 quin
259 1126 435 1175 Olympus
451 1127 493 1162 ab
508 1127 598 1163 Ossa
614 1135 715 1163 terrae
731 1135 832 1163 motu

150 1178 308 1214 revulsus
333 1179 510 1225 originem
534 1179 658 1214 sabulae
674 1178 831 1214 dederit:

151 1229 281 1266 strabo
289 1257 300 1275 ‚
311 1230 365 1266 IX
377 1257 386 1274 ,
402 1243 434 1276 p.
445 1231 521 1265 658.
531 1230 700 1277 Gigantes
714 1238 833 1266 autem

151 1283 255 1318 fuisse
271 1283 439 1319 videntur
453 1283 616 1319 homines
630 1284 759 1319 viribus
774 1297 834 1319 va-

153 1335 284 1380 lentes,
303 1336 436 1371 seroces
452 1344 487 1372 et
500 1337 689 1372 insolentes
707 1344 779 1371 tam
794 1337 830 1371 in

154 1386 293 1432 Deum,
313 1400 419 1433 quam
430 1388 465 1422 in
484 1387 662 1430 homines;
681 1401 833 1434 quorum

153 1441 320 1476 ferociam
345 1441 455 1487 prisca
483 1447 564 1476 aetas
577 1468 586 1485 ,
620 1442 684 1476 sub
713 1454 833 1476 sensus

154 1493 275 1528 omnia
285 1505 411 1528 vocans
421 1519 432 1537 ‚
450 1493 498 1528 sic
509 1493 673 1539 expressit
685 1520 694 1537 ,
711 1500 750 1528 ut
760 1506 834 1528 cor-

153 1557 240 1592 pora
260 1544 450 1588 immania,
478 1551 512 1579 et
532 1545 643 1579 multa
666 1545 807 1580 brachia
822 1572 832 1590 ,

152 1597 191 1633 in
203 1597 329 1643 quibus
338 1596 438 1632 sedes
447 1596 595 1641 roboris,
606 1597 646 1631 iis
656 1596 768 1641 daret,
781 1604 836 1632 at-

154 1664 222 1698 que
233 1658 373 1686 montes
386 1651 427 1685 ab
438 1650 479 1686 iis
493 1650 535 1685 ad
546 1651 669 1686 caelum
681 1658 834 1687 exstruc-

153 1709 209 1738 tos
225 1702 387 1749 fingeret.
408 1721 453 1729 —-
467 1704 558 1738 Neue
572 1710 636 1738 etc.
655 1702 712 1738 Sic
728 1716 835 1738 com—

154 1755 261 1791 mode
277 1755 352 1792 haec
368 1763 607 1791 annectuntur
622 1756 837 1791 anteceden-

154 1808 257 1845 tibus.
274 1827 320 1836 —-
333 1809 472 1844 Arduus
482 1835 497 1854 ‚⁴
513 1809 615 1855 longe
635 1817 794 1845 remotus
816 1823 837 1845 a

155 1861 268 1896 turbis
276 1861 424 1896 terrenis
434 1886 444 1905 ‚
458 1867 561 1906 atque
572 1861 679 1896 etiam
689 1862 836 1897 difficilis

157 1912 334 1949 adscensu.
359 1914 534 1949 Fecerunt
558 1921 676 1949 autem
695 1914 762 1950 hoc
784 1915 837 1961 gi-

157 1973 280 2013 gantes
299 1966 453 2012 impulsu
477 1967 620 2007 matris,
650 1967 838 2002 invidentis

156 2018 314 2054 oelicolis
329 2031 491 2064 regnum.
511 2020 649 2054 Fulmen
667 2018 838 2065 Cyclopes

158 2068 242 2103 Jovi
266 2069 303 2104 in
319 2069 588 2104 Titanomachia
611 2069 839 2104 ministrave-

159 2129 242 2158 rant
255 2122 388 2169 (Apoll.
400 2123 431 2167 1,
443 2134 486 2167 11,
504 2124 550 2166 1);
564 2135 675 2168 eoque
688 2135 752 2168 pro
763 2122 839 2158 telis

161 2175 291 2212 deinde
307 2177 344 2211 in
354 2177 518 2212 omnibus
529 2177 654 2223 pugnis
666 2190 746 2212 usus
756 2183 818 2212 est.

208 2242 221 2264 1
229 2231 280 2264 52.
293 2229 498 2274 Adfectasse
503 2229 624 2274 strunt
634 2242 767 2274 regnum
775 2243 842 2264 ca·-

161 2283 245 2316 Ieste
265 2282 446 2326 thgantas.
463 2281 633 2317 Similiter
653 2282 745 2317 Fast.
763 2281 818 2317 ΙΙΙ
830 2308 840 2327 ,

162 2337 229 2385 439
239 2349 248 2372 ι
260 2337 346 2372 Post
354 2349 457 2371 ausos
466 2340 581 2372 celum
590 2337 762 2382 adfectare
776 2338 842 2372 Gi-

160 2394 308 2434 gantas,-
323 2396 360 2425 et
373 2391 478 2426 Pont.
496 2390 563 2435 IV,
579 2390 643 2436 Ep.
666 2401 756 2435 vm,
781 2393 844 2439 59:

163 2441 201 2474 A
201 2441 389 2486 affectantes
395 2444 543 2477 celestia
552 2455 655 2487 regna
663 2444 696 2477 G
698 2446 845 2486 1jqantas.

168 2496 335 2539 Gigantes
350 2495 494 2541 quidem
510 2496 600 2531 male
615 2508 623 2530 ι
641 2502 791 2541 quatuor
805 2508 846 2530 ex

166 2547 421 2593 antiquioribus
449 2548 638 2593 Gigantas-5
663 2548 711 2583 sic
737 2547 846 2583 resti-

166 2598 343 2635 tuendum
353 2600 555 2636 censuimus
565 2599 620 2635 hic
630 2607 664 2635 et
675 2600 764 2635 alibi.
779 2602 847 2635 Ed.

216 2654 287 2688 155.
309 2653 474 2696 Subjecto.
492 2652 587 2686 Ante
608 2652 730 2687 Heius.
749 2651 847 2687 edeb.

167 2706 353 2751 subjectum
363 2707 481 2740 Pelion
499 2707 594 2741 Ossae
605 2732 613 2747 ,
634 2704 728 2750 quod
739 2705 851 2739 insul—

169 2757 347 2800 sum-Nec
361 2757 487 2795 melior
503 2756 613 2794 altera
625 2755 749 2793 Heius.
768 2767 850 2792 con-

895 865 975 910 ject.
997 864 1183 909 subjectam
1197 865 1293 899 Pelio
1312 866 1446 901 Ossam.
1474 866 1579 904 Unus

897 916 1059 951 Ambros.
1085 929 1162 962 pro-
1176 916 1311 952 diversa
1327 917 1402 952 lect.
1427 920 1580 964 subjecto

895 970 992 1003 Pelio
1008 969 1142 1011 Ossam,
1158 968 1251 1015 quod
1262 969 1392 1005 invexit
1405 971 1527 1007 Heins.
1538 980 1579 1008 ut

896 1019 984 1054 adeo
1005 1019 1110 1055 Ovid.
1133 1020 1321 1065 eumdem,
1348 1035 1455 1067 quem
1477 1024 1576 1070 Virg.

897 1072 1026 1118 Georg.
1043 1072 1059 1106 I
1074 1099 1083 1116 ‚
1103 1074 1168 1107 280
1182 1099 1191 1117 ,
1211 1074 1388 1108 montium
1414 1075 1578 1111 ordinem

897 1133 1034 1161 secutus
1049 1126 1102 1161 sit.
1121 1126 1192 1162 Sed
1205 1128 1372 1173 quoniam
1385 1141 1459 1164 non
1470 1129 1579 1165 modo

899 1177 990 1222 apud
1001 1178 1110 1212 Hom.
1128 1185 1234 1223 atque
1245 1180 1407 1225 Propert.
1421 1181 1470 1225 II,
1481 1193 1508 1226 1,
1525 1195 1577 1230 19,
1602 1215 1605 1217 .

899 1230 960 1264 sed
975 1231 1082 1265 etiam
1096 1232 1187 1276 apud
1203 1232 1373 1268 Nostrum
1386 1233 1510 1268 Amor.
1522 1234 1558 1269 II
1569 1261 1579 1279 ,

898 1293 912 1315 1
926 1308 935 1326 ,
965 1283 1003 1316 13
1015 1308 1025 1326 ‚
1046 1290 1184 1318 montes
1206 1284 1254 1318 issi
1278 1285 1325 1320 sic
1342 1285 1558 1320 collocantur
1570 1313 1580 1329 ,

897 1341 938 1370 ut
960 1336 1113 1370 maximo
1136 1336 1294 1384 Olympo
1318 1338 1438 1372 minor
1464 1338 1553 1374 Ossa
1567 1366 1578 1384 ,

898 1392 934 1420 et
951 1386 1033 1421 huic
1056 1388 1225 1423 minimus
1252 1389 1373 1424 Pelion
1400 1391 1583 1436 impositus

897 1438 941 1472 sit
954 1452 962 1480 3
980 1446 1166 1485 propterea
1178 1453 1243 1475 nos
1255 1454 1329 1476 non
1346 1442 1581 1479 dubitavimus

898 1491 1059 1536 amplecti
1086 1492 1164 1527 lect.
1186 1494 1382 1528 multorum
1406 1495 1515 1530 MSS.
1541 1507 1584 1531 ex

898 1545 1169 1589 vetustioribus,
1199 1559 1305 1591 quam
1329 1548 1434 1582 etiam
1461 1548 1583 1584 Barth.

900 1595 942 1629 ad
956 1596 1056 1631 Statii
1075 1597 1188 1633 Theb.
1208 1599 1240 1633 X
1252 1625 1262 1643 ,
1282 1600 1346 1642 846
1358 1626 1367 1643 ,
1389 1601 1530 1646 probat,
1546 1608 1583 1636 et

900 1659 920 1681 a
943 1660 1012 1692 qua
1038 1656 1176 1684 tantum
1198 1650 1235 1684 in
1262 1653 1397 1699 syntaxi
1418 1653 1583 1688 aberrant

898 1700 1041 1736 secund.
1068 1702 1177 1737 Palat.
1195 1710 1230 1738 et
1253 1716 1345 1739 unus
1368 1705 1504 1740 Bersm.
1522 1706 1584 1751 qui

901 1750 1032 1787 habent
1048 1755 1200 1797 subjecto
1212 1757 1333 1792 Pelion
1350 1757 1451 1791 Ossa.

952 1806 1024 1840 156.
1059 1809 1206 1851 Corpora
1229 1811 1316 1843 dira.
1343 1809 1457 1844 Erant
1478 1809 1583 1844 enim

901 1860 1071 1894 immania
1101 1866 1259 1895 monstra
1271 1887 1280 1902 ‚
1318 1861 1442 1906 quibus
1472 1869 1586 1897 mater

902 1920 1071 1948 staturam
1090 1913 1272 1958 ingentem
1285 1940 1293 1954 ‚
1318 1921 1484 1949 centenas
1500 1927 1584 1950 ma·-

901 1979 969 2001 nus
988 1991 998 2009 ,
1024 1965 1269 2011 quinquagena
1293 1967 1404 2012 capita
1426 1993 1435 2010 ,
1459 1975 1494 2002 et
1520 1980 1585 2013 pro

902 2018 1061 2053 cruribus
1077 2030 1207 2063 angues
1223 2018 1368 2054 dederat
1385 2032 1392 2054 ε
1412 2019 1502 2055 Fast.
1524 2019 1556 2052 V
1571 2046 1582 2063 ,

903 2069 957 2104 35.
986 2069 1041 2104 De
1061 2071 1174 2105 forma
1202 2070 1258 2105 illa
1287 2071 1476 2118 symbolica
1487 2098 1496 2112 ‚
1514 2071 1584 2107 vid.

904 2121 1024 2169 Heyn.
1044 2123 1328 2167 Antiquan'schen
1342 2124 1378 2159 A
1379 2124 1556 2168 ussaelzen
1568 2150 1579 2164 ,

904 2180 928 2208 t.
946 2174 982 2209 11
995 2200 1005 2218 ,
1026 2188 1058 2220 p.
1078 2176 1128 2210 58.
1141 2193 1185 2200 -
1199 2176 1367 2210 Molesua
1379 2203 1387 2217 ,
1406 2176 1586 2210 montibus
1604 2179 1607 2181 ’

906 2238 926 2261 a
939 2239 975 2261 se
993 2227 1182 2262 exstructis.
1199 2227 1323 2262 Senec.
1339 2227 1484 2275 Thyest.
1499 2241 1588 2262 vers.

910 2279 1015 2322 1084,
1042 2278 1078 2312 hi
1094 2285 1163 2314 tres
1179 2286 1319 2314 montes
1334 2286 1505 2315 vocantur
1520 2284 1589 2314 ter-

905 2336 1038 2377 gemina
1051 2334 1165 2367 moles.
1548 2361 1550 2363 ,

955 2386 1026 2428 157.
1057 2384 1204 2418 Multo...
1216 2387 1389 2428 sanguine.
1408 2383 1531 2418 Heius.
1549 2395 1590 2418 ex

910 2450 984 2472 uno
1008 2438 1105 2473 Leid.
1129 2437 1259 2473 arridet
1279 2441 1393 2472 merito
1415 2441 1591 2482 sanguine.

911 2492 1028 2527 Immo
1039 2492 1076 2526 in
1086 2495 1188 2526 multo
1197 2504 1298 2527 causa
1307 2493 1548 2534 incalesce-nd&
1557 2497 1594 2525 et

912 2549 1036 2581 multus
1046 2560 1118 2582 esse
1135 2546 1285 2581 debebat
1300 2546 1510 2581 immanium
1527 2545 1595 2582 Gi-

914 2606 1059 2644 gantum
1088 2610 1202 2635 cruor.
1233 2598 1305 2633 Pro
1340 2599 1474 2634 Terram
1504 2610 1596 2633 unus

915 2651 1039 2686 Heius.
1051 2655 1198 2690 matrem,
1211 2650 1305 2695 quod
1315 2650 1455 2697 praefert
1470 2649 1594 2685 Burm.

915 2709 956 2736 ut
969 2702 1016 2737 sic
1032 2701 1224 2746 indicetur,
1244 2702 1365 2737 Terrae
1381 2701 1469 2737 filios
1492 2701 1597 2736 fuisse

916 2753 1095 2804 Gigantas.
1104 2753 1222 2790 Immo
1236 2755 1372 2790 Terram
1381 2758 1533 2789 natorum
1544 2764 1586 2790 eo
1596 2768 1608 2776 -
