1832 3100
261 260 347 303 260

639 258 690 303 P.
730 257 964 303 ov1D11
989 255 1288 313 NASONIS

255 356 463 420 Dumque
484 353 621 419 petit,
646 352 836 419 petitur;
862 352 1112 418 pariterque
1135 351 1357 410 incendit,
1383 362 1426 399 et
1448 350 1582 400 ardet.

253 431 383 480 Irrita
405 430 549 479 fallaci
573 429 749 496 quoties
774 428 896 478 dedit
920 428 1069 477 oscula
1092 428 1232 477 fonti!

255 510 309 556 In
332 508 496 557 medias
524 508 718 574 quoties,
741 507 883 555 visum
907 505 1127 571 captantia
1149 504 1312 555 collum
1329 544 1342 564 ,

252 586 439 634 Brachia
460 584 612 634 mersit
633 603 791 650 aqnas;
816 601 896 631 nec
915 601 960 631 se
986 581 1219 648 deprendit
1239 583 1285 630 in
1307 583 1422 631 illis!

254 663 378 726 Quid
401 662 566 720 videat,
591 662 754 718 nescit;
780 660 879 716 sed,
904 658 1026 725 quod
1047 659 1191 717 videt,
1214 659 1359 708 uritur
1380 659 1458 708 illo
1479 679 1491 718 3

1600 674 1665 718 430

254 741 403 806 Atque
425 738 578 787 oculos
600 737 738 794 idem,
765 736 841 803 qui
866 736 1055 802 decipit,
1081 736 1236 785 incitat
1255 755 1389 785 error.

255 820 465 879 Credule,
492 819 599 886 quid
617 820 780 867 frustra
803 817 1032 867 simulacra
1053 818 1224 880 fugacia
1247 819 1430 884 captas?

255 903 391 967 Quod
413 903 549 969 petis,
574 912 640 949 est
661 918 882 965 nusquam
902 919 912 946 :
938 900 1061 965 quod
1081 918 1221 957 amas,
1245 911 1457 957 avertere,
1481 897 1664 965 perdes:

252 986 344 1032 Ista
365 1001 629 1050 repercussae
648 1019 659 1039 ,
683 1000 814 1048 quam
837 980 978 1029 cernis
993 1018 1005 1039 ‚
1029 980 1232 1043 imaginis
1254 980 1413 1028 umbra
1435 994 1530 1030 est:

251 1066 326 1115 Nil
347 1065 482 1114 habet
503 1065 588 1114 ista
606 1064 698 1121 sui;
721 1075 953 1128 tecumque
974 1062 1201 1128 venitque,
1223 1073 1485 1128 manetque;

1600 1075 1666 1120 435

250 1149 415 1197 Tecum
442 1145 660 1202 discedat,
687 1145 725 1193 si
750 1156 798 1192 tu
823 1143 1047 1193 discedere
1070 1143 1229 1210 possis.

249 1231 355 1278 Non
378 1228 504 1277 illum
530 1228 722 1285 CereriS,
749 1246 841 1276 non
863 1226 990 1274 illum
1012 1245 1116 1274 cura
1140 1225 1301 1292 quietis

248 1312 520 1361 Abstrahere
540 1311 644 1359 inde
668 1321 818 1377 potest
838 1329 847 1357 :
869 1309 946 1357 sed
971 1327 1108 1375 opaca
1130 1308 1256 1355 fusus
1279 1307 1325 1354 in
1345 1306 1483 1355 herba

249 1394 429 1461 Spectat
446 1392 669 1458 inexpleto
690 1391 942 1440 mendacem
964 1389 1131 1438 lumine
1154 1388 1367 1445 formam;

249 1477 421 1541 Perque
445 1473 598 1522 oculos
622 1473 738 1539 perit
759 1473 853 1537 ipse
876 1489 1007 1528 suos3
1033 1469 1302 1536 paulumque
1325 1468 1524 1527 levatus„

1598 1483 1664 1529 440

254 1557 323 1606 Ad
344 1557 673 1604 circumstantes
695 1552 879 1600 tendens
899 1571 977 1600 sua
999 1551 1179 1599 brachia
1202 1550 1332 1598 silvas
1346 1587 1359 1608 ,

255 1661 279 1683 «
301 1637 493 1704 Ecquis,
519 1636 564 1683 io
585 1634 724 1693 silvae,
752 1632 991 1691 crudelius,
1016 1632 1189 1698 inquit,
1213 1631 1411 1680 amavit?

250 1779 328 1814 vide
340 1778 382 1813 ad
392 1778 468 1812 353.
482 1794 528 1802 —
543 1776 750 1819 Imprudens,
769 1773 926 1807 nesciens

990 1775 1101 1808 Fusus
1111 1797 1119 1812 ‚
1136 1771 1215 1806 alibi
1223 1772 1422 1811 reclinatus,
1440 1773 1586 1811 stratus,
1601 1771 1666 1803 ab-

250 1833 346 1867 illam
356 1829 545 1874 imaginem
556 1839 627 1862 esse
640 1825 803 1860 umbram
818 1837 926 1859 suam.
982 1825 1107 1869 sectus.
1136 1822 1208 1857 Sed
1233 1829 1269 1857 et
1292 1834 1401 1868 graece
1418 1822 1467 1857 sic
1482 1827 1584 1866 χυθεὶς
1598 1847 1608 1865 ,
1626 1829 1666 1856 ut

248 1903 294 1912 ·-
306 1885 374 1927 Qui
374 1884 527 1927 probat...
537 1881 642 1914 ardel.
654 1877 836 1923 Frigidum
847 1889 927 1911 acu-

249 1949 344 1971 men.
366 1936 513 1969 Probare
521 1960 528 1974 ‚
548 1931 734 1978 pulchrum
749 1937 785 1964 et
807 1941 926 1964 amore

252 1989 399 2033 dignum
414 1985 577 2031 judicare.
585 2001 629 2010 —-
640 1985 708 2026 Qui
708 1984 832 2026 proba!
837 2007 847 2024 ,
858 1982 925 2015 ille.

250 2041 369 2076 Nostri
379 2038 497 2083 Regii,
507 2040 588 2081 ipse.
602 2053 646 2063 -—
656 2036 784 2069 Incitat
793 2035 908 2067 oculos
915 2058 925 2074 ‚

251 2092 363 2126 irritat
379 2101 537 2124 amorem
552 2101 614 2133 per
633 2085 758 2120 oculos.

294 2143 519 2187 432.1Credule
526 2167 534 2179 ,
548 2141 629 2184 quid
626 2138 760 2181 frustra
770 2143 834 2170 ctc.
844 2135 868 2169 J
870 2147 928 2169 am

253 2208 356 2241 supra
362 2206 464 2228 versu
472 2194 492 2235 4
499 2205 547 2237 17,
559 2197 661 2236 poeta
668 2189 764 2223 hunc
771 2200 929 2223 errorem

252 2246 465 2282 indicaverat
478 2259 485 2286 3
499 2244 614 2287 itaque
629 2248 688 2276 aut
698 2240 772 2275 haec
782 2266 791 2283 ,
805 2238 929 2274 autilla

253 2296 438 2333 resecanda
455 2296 610 2330 fuissent.
632 2311 676 2320 -
697 2293 797 2335 Quod
814 2303 928 2332 amas,

252 2355 397 2385 avertere
407 2377 415 2388 ,
429 2346 622 2392 perdes.Tu
635 2344 742 2379 modo
752 2350 785 2377 te
798 2349 927 2386 averte,

255 2401 351 2436 nulla
363 2400 429 2435 erit
444 2400 568 2434 umbra
580 2423 590 2442 ,
606 2397 694 2431 nihil
711 2394 806 2440 quod
823 2407 927 2429 ames.

255 2455 365 2488 Ed.—
370 2454 430 2487 Nil
438 2453 539 2485 habel
547 2453 615 2483 Ista
623 2451 691 2487 sui,
709 2459 781 2481 non
796 2453 930 2481 constat

256 2517 363 2550 perse
379 2531 388 2548 ,
403 2502 488 2536 nihi!
503 2501 607 2535 habet
624 2500 814 2545 proprium.
831 2498 929 2532 Bene

256 2557 303 2591 sic
319 2554 524 2590 describitur
537 2552 847 2587 umbra—Tecum
857 2552 931 2584 dis-

254 2610 362 2644 cedat.
375 2605 523 2640 Codices
535 2603 644 2639 nostri
654 2603 767 2647 Regii,
775 2604 930 2636 discedet.

302 2659 374 2701 437.
399 2660 474 2691 Nau
498 2659 593 2691 illum
622 2655 749 2688 Cereris·
772 2660 836 2687 etc.
859 2653 931 2687 Nec

259 2708 426 2746 Ovidium
436 2707 612 2742 brevitatis
621 2718 702 2740 cura
711 2706 752 2739 ab
761 2705 826 2738 hoc
834 2705 931 2738 sonte

256 2769 292 2798 et
310 2774 328 2796 a
342 2760 500 2797 Narcisso
514 2757 714 2795 abstrahere
733 2755 855 2800 potuit.
888 2771 931 2781 —·

992 1875 1120 1910 Anacr.
1132 1873 1202 1909 od.
1213 1884 1264 1907 Lu
1273 1900 1282 1917 ‚
1302 1874 1401 1908 15.—
1411 1874 1528 1918 Opaca
1536 1899 1546 1914 ,
1558 1886 1665 1919 quam

992 1932 1112 1972 opacat
1120 1925 1212 1960 silva.
1221 1942 1264 1951 —
1274 1924 1440 1960 Heinsius
1449 1925 1666 1969 conjecturat

991 1989 1098 2021 opaca
1107 1980 1143 2011 in
1151 1979 1288 2017 umbra,·
1305 1976 1379 2011 sine
1395 1977 1667 2011 causa—laea:-

986 2032 1095 2073 pklo,
1122 2028 1217 2073 quod
1232 2027 1499 2073 contemplanda
1514 2028 1666 2074 imagine

992 2082 1133 2125 expleti,
1150 2079 1264 2114 satiari
1275 2092 1349 2114 nou
1360 2085 1556 2125 poterat.—-
1565 2080 1666 2115 Men-

993 2135 1108 2166 dacem
1119 2159 1129 2173 ,
1150 2144 1227 2176 quae
1242 2131 1424 2166 videbatur
1441 2144 1513 2167 esse
1528 2132 1641 2167 forma
1653 2157 1664 2175 ,

994 2197 1108 2229 neque
1124 2191 1243 2218 tamen
1259 2190 1344 2218 erat.
1359 2201 1406 2210 —
1420 2183 1556 2218 Falsam
1573 2183 1665 2218 ado-

993 2238 1152 2273 lescentis
1160 2237 1319 2283 figuram.
1328 2238 1394 2270 Ed.
1402 2253 1446 2263 ·—·
1455 2234 1604 2282 Elegans
1615 2243 1666 2271 est

994 2289 1051 2324 hie
1067 2303 1147 2324 usus
1163 2289 1259 2325 verbi
1269 2291 1407 2323 mentiri.

1038 2342 1113 2385 440.
1136 2343 1341 2385 Paulumque
1359 2341 1495 2374 levatus.
1518 2339 1666 2384 Neapo-

994 2393 1121 2427 litanus
1134 2418 1143 2435 ,
1158 2395 1283 2430 leuata,
1313 2390 1404 2436 quod
1422 2402 1496 2424 non
1513 2390 1667 2435 displicet

996 2445 1153 2480 Heinsio.
1173 2444 1258 2478 Mox
1274 2444 1500 2478 Burmannus
1511 2469 1522 2486 ‚
1539 2456 1580 2477 ex
1595 2455 1668 2478 uno

996 2496 1133 2530 Heinsii
1143 2502 1178 2529 et
1189 2495 1291 2530 tertio
1299 2493 1458 2529 Leidensi
1469 2494 1592 2539 probat
1601 2499 1666 2528 len-

994 2550 1047 2582 dt'l
1058 2575 1065 2585 ,
1098 2555 1201 2592 atque
1228 2559 1269 2582 ex
1293 2547 1420 2581 eodem
1445 2545 1606 2581 Leidensi
1632 2552 1671 2580 et

995 2599 1130 2634 duobus
1148 2599 1283 2644 Regiis,
1305 2600 1354 2633 Et
1366 2601 1458 2644 quis,
1478 2604 1517 2632 ut
1535 2603 1665 2631 rotun-

995 2651 1073 2684 dior
1088 2651 1131 2685 sit
1146 2650 1265 2685 oratio.
1275 2650 1386 2684 -Sic
1396 2649 1475 2684 etin
1487 2661 1587 2683 versu
1603 2649 1667 2692 444

995 2710 1115 2737 noster
1138 2702 1267 2748 Regius
1283 2701 1333 2744 A,
1349 2703 1399 2734 Et
1407 2713 1499 2744 quem
1509 2711 1573 2745 pro
1589 2701 1667 2733 Ec·—

994 2767 1102 2799 quem,
1125 2766 1244 2789 errore
1255 2752 1353 2788 sacili.
1370 2753 1436 2786 Ed.
