1832 3100
282 233 342 289 64
652 236 703 278 P.
747 235 984 283 OVIDII
1020 238 1327 285 NASONIS

282 325 518 375 Fluctibus
543 325 709 389 ignotis
732 328 996 379 insultavere
1015 331 1195 390 carinae;

284 410 662 477 Communemque
682 411 807 478 prius
822 449 834 469 ,
860 431 940 461 ceu
963 412 1131 462 lumina
1148 403 1266 463 Solis
1286 428 1330 464 et
1349 434 1475 465 auras
1487 429 1506 475 ‚⁷

1637 431 1698 466 135

283 493 450 541 Cautus
474 492 658 540 humum
681 491 820 554 longo
846 494 1036 555 signavit
1054 492 1192 543 limite
1214 515 1406 544 mensor.

281 574 374 622 Nec
397 585 570 622 tantum
594 584 763 636 segetes
786 573 1078 641 alimentaque
1102 575 1249 625 debita
1274 577 1392 626 dives

281 657 555 706 Poscebatur
575 656 736 705 humus
757 675 768 715 ;
793 656 869 705 sed
892 657 1004 705 itum
1028 670 1094 707 est
1116 659 1164 707 in
1186 659 1351 708 viscera
1372 672 1524 719 terrae3

325 799 395 843 134.
403 799 543 842 Ignaris.
553 797 718 843 Optimus
725 797 854 834 Medic.
865 802 958 843 igna-

278 853 344 891 ris,
365 863 434 895 quo
449 862 523 885 voc.
542 849 706 884 Tacitum
721 862 809 895 saepe
827 851 877 885 uti
894 864 958 897 pro

277 905 409 945 &quotus
435 907 560 935 monet
588 901 712 936 Heins.
742 901 812 936 Sed
846 902 958 938 Taciti

276 953 442 988 idiotismi
463 966 536 988 non
558 952 601 987 ad
620 953 791 988 Ovidium
801 955 957 989 transse-

278 1005 390 1040 rendi.
415 1024 459 1032 ·—
485 1007 690 1040 Insultavere
718 1006 926 1041 contemtim
944 1033 955 1050 ‚

277 1057 486 1092 insultavere
514 1064 682 1102 tanquam
697 1058 828 1102 aequori
843 1058 933 1093 victo
946 1071 955 1101 ;

277 1124 318 1144 ex
327 1110 444 1155 inepta
457 1110 584 1144 scilicet
593 1111 767 1145 Veterum
777 1111 955 1157 opinione,

280 1164 376 1209 quasi
386 1164 570 1199 insolentia
580 1164 622 1199 sit
634 1165 809 1210 navigare.
825 1166 957 1201 Xerxes

277 1219 375 1261 aquis
385 1218 555 1250 insultans
566 1223 617 1251 est
628 1216 720 1261 apud
730 1217 867 1252 Lucret.
882 1218 937 1252 III
947 1244 956 1262 ,

282 1270 376 1312 1045.
396 1268 520 1303 Horat.
540 1269 557 1302 Ι
571 1294 580 1311 ,
599 1268 726 1303 Od.111
739 1294 749 1311 ,
768 1271 828 1312 24:
845 1271 957 1313 Impia·

277 1335 344 1356 non
360 1324 528 1365 tangenda
543 1326 633 1356 rates
648 1323 844 1356 transiliunt
857 1324 957 1356 vada.

281 1373 395 1408 Tibul.
412 1373 429 1407 Ι
441 1399 450 1416 ,
469 1383 535 1416 111,
554 1373 614 1419 37:
628 1374 784 1407 Nondum
800 1376 958 1407 ceruleas

273 1426 377 1469 pinus
394 1428 616 1458 contemserat
629 1426 748 1458 undas.
775 1422 959 1458 Claudian.

281 1476 323 1510 R.
341 1476 379 1510 P.
396 1475 490 1520 praes.
512 1489 525 1508 1
535 1488 547 1508 1
569 1487 577 1508 ε
593 1481 699 1508 nauta
715 1487 821 1518 vagus
836 1475 957 1508 exsul—

281 1531 335 1560 lat
338 1529 470 1570 pelago.
482 1525 567 1559 Sine
579 1525 774 1560 insolentiae
789 1524 933 1559 notione
946 1550 956 1568 ,

282 1591 346 1624 pro
365 1579 495 1614 insilire
510 1605 519 1622 ,
539 1581 700 1612 insultare
722 1578 849 1623 legitur
867 1577 958 1623 apud

283 1631 391 1665 Tacit.
412 1630 480 1665 An.
500 1630 536 1664 II
548 1656 557 1673 ,
576 1630 754 1664 &Batavi
766 1631 843 1663 dum
857 1632 960 1664 insul-

281 1688 357 1718 tant
369 1687 466 1727 aquis
477 1710 485 1723 ,
508 1687 674 1726 artemque
686 1684 831 1716 natandi
839 1688 958 1717 oslen-

283 1740 367 1769 tant.
383 1733 454 1769 Sed
472 1741 600 1779 quanta
617 1733 801 1768 commoda
817 1733 959 1768 redun—

284 1785 443 1820 daverint
460 1785 502 1819 ad
524 1798 632 1830 genus
649 1785 846 1818 humanum
860 1798 879 1819 e
894 1797 960 1818 na-

283 1838 457 1884 vigatione
477 1838 620 1872 inventa
645 1845 679 1872 et
698 1838 829 1872 exculta
842 1865 852 1881 ,
881 1838 959 1872 satis

284 1898 412 1924 notum
437 1897 498 1925 est.
527 1890 573 1924 E't
600 1896 740 1924 tantum
770 1890 886 1932 abest,
920 1896 960 1923 ut

283 1942 381 1976 Deus
410 1941 555 1976 Oceano
587 1942 772 1986 interjecto
802 1941 960 1986 gentium

283 1993 575 2028 consuetudinem
598 1992 768 2038 impedire
787 1991 957 2036 voluerit,

284 2052 324 2079 ut
341 2044 395 2078 vel
412 2045 657 2079 remotissimas
677 2051 784 2078 terras
810 2055 852 2077 eo
877 2056 960 2078 arc-

283 2098 351 2132 tius
366 2096 596 2140 conjunxerit.
619 2115 662 2123 —
680 2096 835 2130 Gronov.
853 2103 889 2130 et
906 2096 961 2130 alii

285 2150 401 2194 plures
417 2150 631 2182 exsultavere.
647 2148 763 2192 AEque
780 2149 880 2182 bene.

270 2213 275 2218 ’
331 2201 402 2235 135.
423 2201 645 2235 Communem.
667 2198 721 2233 Cs.
743 2199 865 2234 Amor.
882 2200 959 2245 III,

285 2264 352 2287 v111
366 2278 375 2295 ‚
396 2252 532 2295 35-44;
552 2251 682 2285 Justin.
700 2251 845 2294 XLIII,
865 2263 878 2285 1
892 2278 900 2294 ‚
921 2252 960 2286 3:

290 2308 412 2340 Omnia
419 2307 606 2339 communia
614 2308 649 2337 et
658 2305 803 2337 indivisa
812 2307 963 2337 omnibus

275 2358 418 2401 suerunt
426 2385 434 2398 ,
450 2360 660 2393 velutiunum
668 2359 963 2398 canem-pamma-

286 2413 376 2443 m'um
390 2414 487 2443 esset.
507 2407 560 2442 Cs.
578 2408 673 2452 Virg.
687 2406 814 2452 Georg.
831 2407 847 2440 I
861 2432 870 2449 ,
891 2407 962 2440 126.

287 2460 442 2506 Explicat
456 2461 610 2494 Lactant.
627 2460 710 2493 Inst.
723 2458 756 2490 V
766 2484 775 2501 ‚
788 2469 811 2492 v
821 2484 830 2502 ,
846 2472 861 2504 7
875 2458 940 2492 :sic
950 2484 959 2501 ,

288 2519 360 2545 tam
388 2512 544 2546 liberales
569 2511 671 2547 fuisse
697 2510 857 2545 homines
872 2536 881 2554 ,
922 2517 962 2544 ut

288 2570 385 2597 natas
405 2564 470 2597 sibi
492 2564 608 2608 fruges
628 2575 698 2596 non
722 2561 960 2604 includerent,

288 2614 348 2648 sed
360 2627 528 2659 pauperes
537 2614 579 2648 ad
590 2615 877 2649 communionem
886 2626 962 2659 pro-

289 2665 354 2710 prii
370 2665 604 2701 admitterent.
622 2685 666 2693 --
683 2668 749 2701 Ceu
760 2669 886 2701 lumina
898 2674 962 2701 etc.

291 2716 344 2752 Cf.
364 2717 417 2752 VI
430 2743 439 2761 ,
468 2718 541 2753 350.
573 2721 632 2752 Τὸν
656 2723 735 2759 ἥλιον
752 2722 800 2754 τὶν
818 2723 912 2755 κοινὸν
928 2725 963 2753 et

1023 804 1072 836 τᾶν
1097 801 1169 850 ἀέρα
1190 804 1240 837 τᾶν
1256 804 1353 838 nocua„
1371 801 1455 836 dixit
1472 800 1673 837 Menander
1684 826 1695 846 ,

1022 866 1054 897 p.
1077 853 1136 895 184
1149 879 1157 895 ‚
1178 853 1250 887 260.
1261 870 1305 879 —··
1320 853 1445 888 Auras.
1459 853 1576 899 Vulgo
1590 867 1695 896 auroe,

1021 903 1148 937 scilicet
1166 907 1254 938 sunt.

1069 955 1141 990 135.
1171 958 1298 990 Cautus
1323 962 1359 990 et
1385 963 1488 1002 auget
1519 957 1699 992 avaritiam

1021 1006 1208 1041 hominum
1221 1033 1230 1050 ‚
1249 1014 1283 1041 et
1297 1007 1512 1053 diligentiam
1528 1009 1698 1044 mensoris

1023 1059 1182 1095 declarat.
1204 1078 1248 1086 --
1263 1062 1381 1105 longo
1392 1064 1496 1097 limite
1506 1089 1515 1103 ‚
1541 1069 1580 1097 ut
1595 1063 1699 1109 paulo

1023 1118 1103 1146 ante
1117 1139 1127 1156 ,
1147 1115 1256 1157 longis
1272 1114 1377 1147 sulcis
1395 1125 1406 1146 ,·
1419 1115 1554 1157 signare
1571 1116 1677 1149 limite
1687 1140 1698 1159 ,

1024 1163 1177 1198 dividere
1195 1177 1312 1210 agros,
1336 1164 1446 1198 limite
1459 1191 1469 1208 ,
1486 1164 1576 1210 signi
1595 1165 1673 1201 loco
1686 1192 1696 1210 ,

1022 1215 1115 1250 inter
1124 1228 1182 1250 eos
1193 1214 1322 1251 relicto,
1333 1216 1474 1250 Praeivit
1490 1215 1588 1262 Virg.
1602 1216 1634 1252 d.
1653 1217 1696 1252 l.:

1022 1280 1083 1301 nec
1097 1270 1229 1311 slgrnare
1245 1269 1374 1312 quidem
1390 1272 1454 1302 aut
1459 1271 1586 1312 partiri
1595 1271 1699 1304 linu'te

1021 1332 1175 1364 campum
1192 1320 1261 1352 Fas
1277 1324 1358 1353 erat.
1375 1319 1531 1354 Variavit
1546 1319 1613 1356 hoc
1627 1320 1699 1356 Se-

1022 1383 1097 1405 nec.
1115 1371 1221 1415 Hipp.
1240 1369 1314 1404 526.

1071 1422 1140 1468 137.
1156 1424 1261 1455 Diues
1274 1423 1403 1464 humus,
1415 1427 1562 1473 Zu'd'oepog
1579 1425 1699 1474 ἄρουρα.

1022 1475 1150 1507 Debita
1171 1486 1244 1508 non
1261 1481 1343 1509 sunt
1355 1501 1364 1518 ,
1383 1482 1423 1509 ut
1440 1475 1588 1510 Lenzius
1603 1476 1698 1521 vult,

1023 1526 1066 1560 ad
1083 1526 1190 1560 vitam
1207 1527 1470 1562 sustentandam
1486 1529 1676 1564 necessaria
1687 1555 1697 1574 ,

1022 1577 1081 1612 sed
1093 1603 1102 1620 ,
1121 1577 1331 1623 elegantiore
1346 1591 1451 1613 sensu
1462 1605 1471 1622 ,
1491 1591 1568 1624 quae
1585 1587 1696 1622 terra,

1022 1629 1078 1663 cui
1103 1630 1235 1663 semina
1249 1656 1258 1674 ,
1285 1636 1452 1674 tanquam
1475 1629 1671 1676 depositum
1686 1658 1697 1676 ,

1024 1680 1217 1715 creduntur
1232 1707 1241 1724 ,
1258 1681 1460 1716 hominibus
1476 1681 1590 1717 debet.

1072 1731 1143 1765 138.
1163 1733 1251 1766 Itum
1266 1736 1319 1766 est
1338 1739 1402 1767 etc.
1427 1732 1598 1778 Neapolit.
1611 1759 1620 1777 ,
1638 1746 1703 1777 per

1024 1786 1155 1817 viscera
1166 1810 1173 1823 ,
1210 1783 1305 1828 quod
1332 1783 1568 1829 respuendum
1582 1811 1592 1828 ,
1620 1784 1700 1830 quia

1024 1835 1240 1881 profunditas
1262 1836 1393 1882 magis,
1423 1849 1528 1881 quam
1553 1836 1699 1872 latitudo

1025 1888 1356 1923 metallisodinarum
1369 1915 1378 1932 ,
1398 1888 1455 1923 hie
1477 1890 1641 1935 tangitur.
1655 1908 1700 1916 -·

1024 1943 1078 1974 Ire
1096 1945 1132 1974 in
1154 1943 1283 1974 wls-cera
1295 1968 1303 1982 ‚
1324 1946 1496 1985 penetrare
1515 1945 1550 1976 ιἰι
1570 1945 1702 1976 viscera

1025 1997 1116 2027 terra
1129 2019 1136 2031 ‚
1164 1996 1294 2026 viscera
1317 1993 1391 2037 ejus
1405 1994 1576 2027 extrahere
1593 1993 1699 2028 etiam

1026 2057 1079 2089 ap.
1098 2044 1187 2078 Plin.
1204 2043 1251 2078 H.
1270 2044 1312 2078 N.
1333 2044 1397 2088 33,
1420 2057 1432 2077 ι
1452 2057 1477 2078 s.
1497 2058 1510 2078 1
1528 2044 1616 2087 ,11,
1635 2045 1697 2088 63,

1026 2095 1085 2130 ubi
1102 2108 1219 2141 graves
1234 2095 1276 2129 de
1288 2095 1353 2130 hac
1365 2108 1402 2129 re
1417 2096 1573 2140 querelas
1583 2095 1699 2131 habes.

1027 2146 1150 2181 Senec.
1168 2145 1289 2181 Octav.
1306 2159 1392 2181 vers.
1413 2147 1477 2190 416
1489 2160 1496 2180 :
1509 2147 1578 2181 Sed
1586 2150 1622 2180 ln
1631 2160 1700 2191 pa-

1025 2202 1127 2232 rentis
1151 2202 1281 2232 viscera
1297 2201 1436 2232 intravit
1456 2191 1524 2232 suae
1548 2199 1704 2233 Deterior

1026 2251 1362 2295 oelas;eru1tfi¹rrum
1376 2252 1501 2291 Graue,
1513 2264 1700 2295 aurumque.

1025 2305 1192 2350 —Stygizs
1201 2306 1333 2344 umbris,
1347 2316 1440 2346 orco,
1454 2304 1491 2337 in
1502 2315 1571 2349 quo
1580 2306 1701 2337 umbra

1026 2368 1087 2390 seu
1099 2368 1218 2390 manes
1231 2355 1273 2389 ad
1286 2355 1350 2402 Sty
1351 2355 1441 2401 giam
1453 2354 1616 2400 paludem
1627 2367 1700 2389 ver-

1026 2414 1157 2441 santur.
1165 2407 1267 2440 Hanc
1279 2406 1443 2440 Veteres·
1434 2419 1470 2440 m
1483 2405 1597 2440 media
1609 2413 1681 2440 teri
1683 2419 1701 2441 a

1029 2460 1228 2504 ponebant3
1247 2459 1406 2504 intelligit
1421 2472 1503 2504 ergo
1518 2471 1600 2505 opes
1611 2459 1702 2494 altis·

1028 2511 1113 2544 sime
1132 2511 1289 2544 latentes.
1307 2510 1398 2544 Satis
1414 2510 1526 2556 lepide
1545 2511 1635 2545 Plin.
1653 2510 1701 2544 H.

1028 2564 1072 2597 N.
1094 2563 1153 2606 11,
1172 2564 1237 2606 63,
1235 2549 1316 2597 ubi
1340 2563 1382 2598 de
1399 2564 1463 2599 hac
1479 2563 1604 2598 eadem
1620 2576 1701 2597 ava-

1028 2616 1105 2650 ritia
1118 2616 1292 2661 queritur,
1310 2618 1351 2650 Sl
1356 2619 1423 2650 ulli
1427 2621 1552 2657 essent,
1567 2615 1698 2660 inquit,

1027 2667 1129 2712 insen
1132 2695 1140 2708 ,
1150 2681 1229 2712 sam
1238 2668 1388 2712 profecto
1398 2670 1477 2702 illos
1488 2671 1637 2702 avaritia·
1647 2671 1699 2700 a't—

1027 2733 1088 2765 que
1100 2722 1238 2755 luxuriae
1252 2723 1405 2757 cuniculi
1412 2720 1615 2764 resedissent.
