1832 3100
366 177 1060 227 METAMORPHOSEON
1099 179 1232 223 LIB.
1272 180 1364 225 IV.

1474 179 1555 225 351·

138 278 317 334 Laevum
338 272 592 332 Mercuri03
615 272 820 322 dextrum
846 272 955 329 tibi,
979 271 1140 320 bellica
1162 273 1313 336 virgo3

138 355 232 405 Ara
251 352 377 403 Jovis
398 350 543 401 media
566 360 635 400 est
653 369 665 398 ε
688 361 909 400 mactatur
927 368 1056 398 vacca
1076 349 1315 410 Minervae;

139 431 320 501 Alipedi
341 429 537 488 vitulus3
561 441 714 478 taurus
738 428 848 487 tibi,
875 447 1043 479 summe
1067 428 1282 476 Deorum.
1312 448 1316 452 ·

1500 444 1566 491 755
1620 483 1625 497 ἱ

141 509 352 559 Protinus
374 506 692 557 Andromedan
706 545 719 565 ‚
745 518 790 556 et
809 506 921 555 tanti
941 505 1121 573 praemia
1141 505 1248 554 facti

142 590 350 640 Indotata
371 590 490 658 rapit
510 610 520 638 :
546 589 681 638 taedas
708 590 973 656 Hymenaeus
991 589 1222 655 Amorque

143 672 413 741 Praecipiunt
432 693 442 722 :
466 672 601 737 largis
626 673 843 722 satiantur
864 671 1079 728 odoribus
1096 671 1246 734 ignes;

142 818 271 849 verunt
281 839 291 858 ,
303 810 388 858 quid
399 811 474 847 veri
484 811 549 848 sub
558 824 600 846 ea
609 811 715 847 lateat
729 823 738 847 t
754 810 824 846 vid.

141 867 292 904 Pausan.
303 865 467 902 Corinth.
479 879 512 912 p.
523 879 535 900 1
543 867 598 912 59,
609 865 668 900 ubi
677 872 713 901 et
724 877 826 900 suam

142 925 179 955 et
188 918 305 965 Procli
314 917 528 955 sententiam
542 918 654 953 affert.
665 917 718 952 Ex
732 918 826 953 Pau-

142 973 248 1010 sanie
256 972 425 1019 opinione
435 998 444 1015 ,
460 971 614 1007 Medusa
628 971 694 1006 suit
704 970 827 1016 regina

143 1039 269 1062 eorum
290 1025 502 1072 populorum
515 1051 524 1068 ‚
552 1025 614 1071 qui
640 1024 684 1060 ad
711 1024 827 1059 lacum

144 1077 371 1114 Tritonidem
398 1078 436 1113 in
470 1077 588 1113 Africa
613 1076 826 1113 habitabant.

145 1131 241 1167 Ausa
248 1130 306 1166 illa
314 1142 398 1166 cum
408 1130 539 1167 Perseo
549 1128 730 1176 congredi,
738 1128 828 1164 victa

145 1191 199 1220 est
213 1190 249 1219 et
265 1182 446 1219 trucidata.
471 1183 621 1218 Perseus
636 1181 828 1217 admiratus

145 1238 222 1284 ejus
231 1237 384 1272 sormam
392 1262 402 1280 ,
416 1242 520 1282 caput
530 1235 562 1282 ej
567 1249 606 1272 us
615 1235 807 1281 amputavit
817 1261 827 1278 ,

146 1297 252 1336 atque
259 1301 379 1326 secum
389 1289 427 1324 in
438 1287 611 1326 Graeciam
624 1287 757 1331 attulit,
769 1287 830 1322 ubi

147 1342 323 1390 sepultum
347 1349 409 1379 est.
435 1341 616 1378 Diodorus
631 1366 641 1386 ‚
666 1341 724 1376 lib.
752 1341 806 1376 IV
817 1367 828 1385 ,

146 1404 268 1434 censet
285 1424 295 1442 ,
327 1396 433 1432 fuisse
466 1395 653 1442 Gorgones
682 1395 830 1430 seminas

146 1449 324 1486 bellicosas
336 1449 372 1485 in
386 1449 517 1492 Africa,
528 1446 831 1493 quemadmodum

149 1502 350 1539 Amazones
374 1502 414 1537 in
439 1500 583 1550 Scythia
597 1516 605 1544 ;
638 1514 696 1537 eas
721 1514 793 1536 esse
811 1514 831 1536 a

148 1553 280 1591 Perseo
289 1553 485 1591 debellatas.
498 1553 616 1589 Aliam
625 1553 831 1599 opinionem

148 1606 370 1652 amplectitur
381 1604 534 1651 Palaeph.
542 1605 598 1649 32,
609 1603 712 1639 aliam
723 1604 830 1640 etiam

147 1657 307 1703 Proetus,
318 1657 422 1694 aliam
433 1670 553 1693 rursus
560 1657 737 1704 Didymus
748 1671 757 1699 ;
768 1655 831 1692 sed

147 1723 272 1748 omnes
294 1723 372 1747 rem
392 1710 595 1756 conjectura
613 1710 746 1755 assequi
762 1721 830 1745 co-

146 1762 455 1799 nantum—Sacra
466 1762 548 1799 fecit
565 1769 709 1808 propter
723 1762 832 1797 victo-

146 1817 236 1852 riam
247 1843 258 1862 ,
275 1829 480 1863 quanquam
496 1823 532 1852 et
546 1816 686 1862 nuptias
702 1815 758 1851 illa
774 1829 833 1851 an—

146 1869 308 1906 tecedere
324 1869 492 1905 solebant.
510 1869 609 1904 Fecit
624 1875 744 1903 autem
760 1870 835 1902 Μ’-

147 1935 253 1957 nervo
276 1928 313 1958 et
332 1923 502 1956 Mercurio
519 1948 527 1962 ,
554 1920 680 1966 quibus
706 1921 831 1955 eximie

148 1986 268 2018 carus,
286 1980 324 2008 et
338 1986 357 2008 a
373 1973 499 2018 quibus
514 1972 654 2016 adjutus
667 1972 703 2006 in
720 1984 832 2017 expe-

150 2023 284 2060 ditione
302 2031 426 2060 contra
442 2022 632 2059 Medusam
644 2049 653 2067 ,
672 2022 764 2068 quod
781 2036 833 2057 re-

149 2077 237 2123 liqui
252 2077 396 2126 mythici
409 2076 536 2113 diserte
549 2077 834 2112 tradunt—Fo-

150 2143 226 2172 cos,
249 2132 523 2166 aram—Dexter
530 2130 627 2165 focus
640 2131 834 2175 assignatur

152 2183 338 2219 Minerva.
354 2183 406 2219 Ea
416 2184 512 2218 enim
522 2183 547 2217 J
548 2183 605 2217 ovi
620 2195 692 2228 prae
701 2183 834 2218 caeteris

149 2236 268 2273 liberis
279 2250 359 2273 cara
369 2264 378 2281 ,
397 2250 554 2273 summos
572 2236 724 2271 honores
739 2249 834 2271 con-

150 2296 298 2336 sequuta
309 2297 379 2332 επις
395 2290 496 2336 eique
511 2290 618 2325 etiam
631 2289 698 2324 hoc
711 2289 834 2325 datum

148 2349 224 2378 erat
237 2369 247 2387 ‚
271 2350 312 2378 ut
327 2355 467 2389 semper
483 2342 527 2377 ad
543 2342 702 2377 dextram
727 2343 834 2388 patris

149 2393 288 2430 sederet
301 2421 311 2439 ,
333 2407 400 2430 nec
415 2408 574 2441 unquam
591 2408 611 2430 a
626 2395 734 2430 latere
758 2395 834 2441 ejus

151 2445 356 2485 discederet.
381 2448 507 2482 Horat.
526 2447 562 2492 1,
591 2446 661 2483 Od.
680 2459 734 2482 xn
748 2474 757 2492 ,
784 2462 806 2496 9
824 2460 832 2483 :

152 2498 230 2534 vide
241 2499 434 2544 spanhem.
443 2499 488 2535 ad
502 2498 758 2535 Callimachum
771 2527 780 2543 ,
800 2501 834 2536 h.

153 2552 317 2599 Apollod.
341 2566 429 2588 vers.
453 2567 496 2600 29
506 2579 516 2597 ‚
545 2560 580 2588 et
608 2554 729 2589 Lavac.
759 2554 833 2589 Pal.

152 2617 240 2640 vers.
261 2605 335 2640 132.
360 2605 535 2640 Eamdem
553 2606 660 2654 igitur
675 2606 835 2653 dignita-

153 2663 228 2692 tem
243 2657 274 2694 ei
289 2665 537 2693 concesserunt
552 2666 588 2693 et
599 2666 710 2705 poetae
726 2666 762 2694 et
778 2671 834 2693 ar-

154 2709 284 2754 tificem
307 2723 461 2756 namque
487 2711 595 2746 etiam
618 2712 656 2749 in
680 2712 835 2746 nummis

890 810 1010 846 multis
1021 810 1103 845 Jovi
1115 812 1266 860 σῦνθμνος
1280 809 1473 845 exhibetur.
1487 809 1573 846 Cui-

891 876 959 908 que
976 862 1056 898 Deo
1072 868 1178 898 certae
1188 862 1338 898 victimae
1355 870 1457 898 erant
1473 863 1575 899 desti-

889 923 995 960 natae,
1007 922 1043 951 et
1057 915 1262 959 cavebatur,
1276 928 1324 951 ne
1333 918 1449 957 aliena
1463 918 1576 951 hostia

891 969 968 1015 quis
978 969 1182 1015 placaretur.
1192 968 1286 1004 Ptin.
1297 968 1346 1003 H.
1355 968 1509 1013 N.V111,
1519 971 1573 1013 45.

937 1021 1009 1066 756.
1025 1022 1274 1056 Andromedan.
1302 1019 1426 1055 Codex
1442 1021 1574 1067 Regius

892 1072 923 1107 Β
936 1099 946 1116 ,
966 1073 1228 1117 Andromaden‚·
1249 1072 1419 1107 mendose
1431 1100 1440 1114 ‚
1455 1080 1496 1107 ut
1506 1085 1578 1108 sae-

893 1126 970 1172 pius
985 1127 1022 1162 in
1041 1125 1149 1161 MSS.
1167 1127 1313 1161 nomina
1330 1126 1471 1172 propria
1490 1138 1577 1161 cor-

893 1186 1121 1225 rumpuntur.
1137 1180 1204 1213 Ed.
1221 1197 1266 1206 ·-·
1282 1181 1332 1213 Et
1345 1182 1443 1213 tanti.
1462 1178 1581 1213 Hein-

893 1231 963 1266 sius
980 1232 1199 1277 conjecturat
1215 1236 1254 1266 ut
1266 1234 1364 1265 tanti.
1385 1230 1488 1277 Regii
1503 1243 1581 1265 nos-

894 1285 940 1319 tri
967 1284 1101 1320 habent
1126 1290 1162 1320 et
1190 1288 1287 1320 tanti.
1313 1303 1358 1311 ·—-
1386 1283 1524 1331 Copula
1546 1288 1582 1319 el

895 1337 1013 1373 turbat
1029 1351 1172 1373 sensum
1185 1364 1194 1382 ‚
1219 1337 1315 1384 quod
1331 1338 1438 1373 etiam
1455 1338 1580 1372 Hein—

895 1392 965 1426 sius
986 1393 1094 1427 sensit
1107 1418 1117 1436 ,
1138 1392 1198 1438 qui
1225 1405 1305 1427 eam
1329 1398 1444 1427 mutat
1464 1392 1501 1426 in
1522 1398 1578 1432 ut,

895 1445 957 1480 sed
973 1446 1098 1480 melius
1122 1446 1254 1481 abesset
1267 1472 1277 1489 ‚
1304 1453 1343 1481 ut
1357 1449 1498 1490 premia
1518 1459 1582 1492 per

896 1498 1151 1545 appositionem
1168 1498 1329 1534 additum
1343 1506 1443 1534 esset.
1459 1517 1503 1525 —·
1519 1501 1581 1534 ln-

895 1555 1015 1587 dotata
1027 1578 1037 1596 ,
1054 1552 1129 1587 sine
1148 1564 1259 1598 regno
1270 1579 1280 1596 ,
1297 1552 1391 1598 quod
1410 1552 1483 1588 doti
1496 1566 1581 1598 pro-

895 1605 1066 1640 miserant
1079 1612 1243 1651 parentes
1255 1631 1264 1649 ‚
1278 1618 1379 1640 versu
1394 1607 1585 1651 705.——Ba-

890 1661 955 1704 pit.
972 1650 1074 1693 Idem
1091 1658 1260 1693 Heinsius
1271 1671 1312 1693 ex
1324 1671 1398 1693 uno
1408 1658 1581 1693 Gronovii

897 1717 933 1745 et
965 1710 1163 1746 Barberino
1191 1707 1332 1756 praefert
1362 1715 1465 1756 capii,
1499 1712 1582 1746 Non

898 1763 1049 1797 arbitror
1061 1789 1070 1805 ‚
1090 1770 1230 1808 poetam
1252 1763 1406 1798 alludere
1423 1776 1582 1798 consue—

898 1815 1013 1849 tudini
1029 1815 1201 1849 Romana:
1213 1842 1222 1858 ,
1241 1828 1310 1860 qua
1326 1827 1418 1849 nova
1435 1822 1546 1860 nupta
1563 1828 1581 1849 e

899 1868 1033 1914 gremio
1045 1869 1166 1903 matris
1176 1868 1584 1914 mpisimulabatur,quae

898 1928 973 1954 erat
987 1919 1173 1955 Constant.
1186 1920 1335 1956 Fanens.
1349 1921 1486 1967 opinio;
1500 1921 1561 1956 sed
1573 1948 1581 1964 ‚

897 1973 924 2008 si
945 1973 1047 2008 lectio
1062 1986 1145 2008 sana
1163 2000 1172 2017 ,
1189 1973 1256 2009 hoe
1269 1974 1418 2009 verbum
1428 1974 1526 2020 capio
1540 1974 1583 2009 de

899 2026 1024 2061 ardore
1051 2033 1086 2061 et
1114 2027 1338 2062 festinatione
1352 2057 1362 2074 ‚
1395 2034 1463 2073 qua
1486 2027 1583 2062 laetus

899 2080 1050 2115 Perseus
1063 2106 1072 2124 ‚
1090 2087 1205 2126 spreta
1220 2079 1302 2115 dote
1314 2107 1324 2124 ‚
1347 2080 1500 2126 puellam
1521 2081 1583 2126 ip-

898 2144 972 2167 sam
989 2132 1052 2167 sibi
1066 2131 1237 2176 vindicat,
1256 2139 1292 2167 et
1306 2132 1347 2166 ad
1365 2133 1499 2179 regiam
1517 2132 1584 2168 Ce-

899 2186 981 2232 phei
996 2186 1102 2221 ducit.
1121 2186 1218 2221 Hinc
1234 2186 1342 2220 etiam
1359 2186 1500 2221 additur
1507 2200 1585 2231 pro-

898 2243 991 2274 linus
1006 2245 1041 2273 et
1056 2240 1223 2273 indolata.

944 2292 1017 2337 758.
1034 2293 1247 2335 Praecipiunt.
1273 2289 1441 2325 Heinsius
1458 2303 1476 2324 e
1493 2289 1585 2324 Flo-

899 2345 1042 2380 rentino
1058 2345 1094 2380 S.
1112 2344 1226 2379 Marci
1248 2350 1430 2389 receperat
1445 2356 1585 2387 pra-cu-

899 2401 1006 2440 !lunl,·
1029 2398 1134 2443 vulgo
1160 2396 1341 2442 legebatur
1358 2398 1558 2440 proect'pt'unt
1571 2422 1579 2435 ,

901 2450 997 2496 quod
1014 2449 1146 2485 habent
1161 2462 1301 2495 quoque
1323 2448 1434 2482 nostri
1460 2447 1584 2493 Regii,

900 2512 936 2539 et
958 2503 1220 2539 restituendum
1237 2502 1458 2542 censuimus;
1478 2513 1560 2535 narn
1574 2526 1583 2544 ‚

901 2568 984 2601 pace
1007 2555 1246 2590 recentiorum
1270 2553 1426 2595 dicatur,
1445 2565 1584 2597 pra-cu-

901 2611 990 2642 lt'unl
1004 2614 1055 2642 est
1078 2619 1143 2640 vox
1164 2606 1309 2640 barbara
1333 2605 1432 2649 cujus
1459 2617 1585 2639 exem-

901 2659 999 2704 plum
1024 2658 1162 2693 nullum
1188 2658 1224 2692 in
1255 2657 1451 2694 auctoribus
1474 2670 1584 2702 repe-

901 2711 1012 2754 ritur3
1030 2724 1137 2756 quare
1147 2714 1306 2756 praeculit
1325 2710 1420 2756 quod
1436 2709 1530 2745 vides
1546 2710 1583 2742 in
