1832 3100
362 237 1047 286 METAMORPHOSEON
1079 242 1207 286 LIB.
1238 243 1329 287 VI.

1474 243 1562 305 467

144 333 373 399 Tantaque
394 350 487 380 nox
508 330 643 379 animi
663 342 755 388 est,
786 353 808 374 «
835 332 936 398 Ityn
960 332 1047 380 huc
1073 334 1274 383 arcessite
1290 374 1302 395 ‚
1325 359 1348 380 »
1375 336 1499 385 dixit.

145 408 433 460 Dissimulare
457 408 615 475 nequit
638 407 829 457 crudelia
853 408 1010 471 gaudia
1035 410 1206 459 Procne
1222 449 1234 470 ‚

146 489 333 554 Jamque
356 504 446 535 suae
469 485 652 552 cupiens
674 485 882 534 exsistere
905 486 1064 534 nuntia
1085 485 1220 535 cladis
1242 507 1252 545 ;

151 587 176 610 α
198 567 326 614 Intus
347 564 510 623 habes,
532 564 654 630 quod
673 564 822 631 poscis
838 602 850 622 ‚
875 586 897 606 »
919 563 1006 612 ait:
1035 564 1334 631 circumspicit
1357 565 1431 615 ille
1446 604 1458 625 ‚
1501 582 1568 617 655

147 644 298 711 Atque
321 643 404 692 ubi
430 643 489 695 sit
509 643 691 709 quaerit;
718 642 955 709 quaerenti,
982 642 1230 709 iterumque
1257 645 1453 703 vocanti,

150 721 276 771 Sicut
297 732 392 770 erat
418 720 583 787 sparsis
607 719 755 768 furiali
779 710 893 768 caede
916 718 1110 785 capillis,

148 797 376 858 Prosiliit,
401 801 614 866 Ityosque
639 809 773 864 caput
790 796 1037 846 Philomela
1061 809 1291 847 cruentum

150 880 278 930 Misit
297 881 345 929 in
370 899 446 928 ora
466 879 582 947 patri
602 899 612 928 ε
631 898 712 927 nec
737 891 935 946 tempore
959 879 1115 928 maluit
1138 879 1233 928 ullo

153 965 293 1014 Posse
313 964 463 1032 loqui,
488 975 533 1013 et
554 962 722 1012 meritis
747 964 898 1012 testari
922 963 1080 1026 gaudia
1104 963 1247 1013 dictis.

1508 983 1574 1016 660

153 1039 371 1096 Thracius
392 1045 563 1112 ingenti
586 1064 758 1094 mensas
783 1044 973 1094 clamore
994 1045 1198 1113 repellit,

152 1129 456 1197 Vipereasque
478 1128 564 1177 ciet
586 1127 739 1194 Stygia
763 1127 815 1176 de
836 1127 946 1176 valle
969 1147 1145 1176 sorores
1163 1148 1174 1177 z

155 1215 218 1262 Et
237 1213 372 1262 modo
387 1248 399 1271 ‚
426 1213 465 1261 si
488 1212 657 1279 possit,
683 1224 876 1260 reserato
901 1223 1078 1278 pectore
1105 1212 1222 1260 diras

158 1298 348 1360 Egerere
368 1295 472 1344 inde
496 1294 652 1362 dapes,
674 1294 958 1361 demersaque
981 1295 1146 1343 viscera
1169 1296 1327 1358 gestit:

157 1377 258 1428 Flet
278 1377 440 1435 modo,
465 1396 600 1443 seque
622 1388 751 1425 vocat
774 1377 958 1425 bustum
981 1377 1230 1426 miserabile
1255 1378 1347 1426 nati
1368 1398 1379 1426 τ

1519 1394 1586 1428 665

158 1462 290 1510 Nunc
313 1459 515 1526 sequitur
533 1458 655 1506 nudo
679 1458 847 1522 genitas
871 1459 1101 1508 Pandione
1123 1459 1253 1508 ferro.

159 1618 238 1641 cera
249 1617 314 1640 sua
328 1606 512 1639 w‘sceAbus
524 1607 598 1638 suis
611 1606 731 1644 aleret,
750 1603 841 1648 Infe—

159 1661 244 1693 lices
260 1660 458 1692 cadauerum
471 1659 630 1701 reliquias
641 1658 840 1691 etc.—-Ver-

160 1711 206 1746 bo
218 1723 390 1756 congerere
402 1721 485 1744 mox
499 1709 690 1755 opponitur
703 1722 840 1753 egerere.

160 1765 306 1807 —Noae,
331 1763 464 1798 caecitas
475 1789 486 1807 ‚
504 1762 714 1809 ignorantia.

205 1815 280 1862 657.
302 1816 408 1850 Caede.
420 1815 525 1850 Unus
533 1828 622 1849 more
633 1814 728 1860 quod
742 1814 842 1849 valde

162 1867 318 1914 placebat
329 1866 481 1902 Ciosanb
491 1880 500 1907 ;
509 1866 684 1901 Gruterus
694 1866 845 1900 malebat

153 1921 286 1966 sure‘ale'
299 1933 318 1954 e
340 1921 428 1953 sede.
454 1918 557 1963 Regii
582 1919 692 1953 nostri
714 1918 846 1952 habent

165 1974 265 2008 cede.
280 1990 325 1998 --
340 1973 474 2005 Meritis
486 1972 607 2012 dict1‘s,
629 1970 847 2006 convenien-

168 2024 260 2060 tibus
277 2023 401 2058 verbis.
418 2024 484 2058 Ed.

183 2120 185 2123 ι
212 2076 289 2112 661.
306 2077 464 2120 ,Hc-pellit.
482 2073 604 2110 Codex
620 2075 751 2120 Regius
763 2074 811 2115 Β,
829 2087 849 2109 a

169 2129 284 2176 prima
308 2141 417 2163 manu
428 2154 438 2172 ,
462 2131 607 2173 replevit.
625 2145 669 2154 —-··
691 2129 849 2171 Vipereos

168 2186 314 2227 sorores‘,
325 2183 362 2231 id
374 2189 426 2218 est
437 2210 446 2228 ,
457 2182 593 2225 Furias,
604 2181 768 2216 audacter
783 2180 850 2216 dic-

170 2242 248 2270 tum
258 2261 267 2280 ,
279 2248 429 2281 quarum
441 2235 549 2270 comis
562 2234 690 2279 viperae
699 2234 849 2268 intextae.

169 2307 214 2314 —
222 2290 360 2330 Pectus,
375 2287 588 2323 ventriculus
601 2301 608 2329 ;
619 2292 764 2322 reserato
770 2299 853 2330 pcc-

170 2345 265 2375 {orec
285 2353 389 2381 erere,
402 2339 451 2374 nil
461 2339 527 2374 nisi
542 2366 552 2383 ‚
569 2351 744 2374 evomere.
756 2338 852 2373 Gro-

170 2394 251 2428 nov*
275 2407 342 2429 nus
352 2393 497 2440 quidem
507 2394 611 2429 habet
621 2421 630 2438 ,
640 2407 704 2440 pro
710 2407 848 2438 egerere,

170 2449 232 2480 exi
247 2459 310 2485 ere,
321 2446 413 2492 quod
421 2459 518 2492 aeque
532 2446 670 2492 elegans
680 2446 852 2480 Burman-

171 2509 239 2534 nus
254 2497 406 2542 judicat;
424 2506 459 2533 at
478 2498 626 2534 Codices
642 2499 752 2533 nostri
767 2498 853 2533 dant

171 2563 299 2596 egerere
314 2550 406 2596 quod
426 2558 519 2586 recte
538 2551 687 2586 servavit
703 2550 756 2585 Cl.
774 2552 853 2585 Gie-

173 2604 234 2645 rig.
244 2599 311 2635 Ed.
321 2619 366 2628 ·-
373 2603 597 2647 Demersaque
605 2601 757 2647 praetulit
766 2601 854 2635 Bur-

174 2665 329 2701 mannus
353 2652 446 2698 quod
464 2660 499 2687 et
518 2653 630 2698 Regio
657 2653 852 2698 placuerat3

176 2717 262 2740 nam
273 2704 410 2751 vulgata
420 2707 642 2749 Immensaque
657 2705 775 2749 inepta
794 2711 854 2738 est.

181 2757 330 2794 Plurimi
339 2765 500 2794 veterum
511 2769 713 2802 emenaque,
729 2756 782 2791 vel
798 2761 855 2791 im-

903 1617 1073 1650 met-saque
1082 1617 1094 1648 ,·
1109 1605 1232 1640 tertius
1249 1605 1450 1649 Mediceus,
1469 1605 1588 1641 Jureti

905 1664 1064 1702 excerpta
1075 1663 1110 1691 et
1120 1664 1272 1702 quatuor
1282 1657 1337 1691 alii
1351 1684 1360 1700 ,
1377 1671 1570 1703 semesaque
1578 1686 1588 1700 ,

906 1709 1001 1756 quod
1019 1710 1168 1745 Heinsio
1182 1710 1589 1755 probabatur.—Codex

907 1762 1038 1807 Regius
1056 1762 1087 1796 A
1102 1788 1112 1804 ‚
1130 1766 1368 1805 immenaquffi
1392 1761 1514 1796 Codex
1534 1763 1565 1797 B
1577 1788 1587 1806 ‚

907 1826 1098 1858 emet-saque
1111 1826 1121 1847 .·
1135 1820 1274 1858 praestat
1290 1813 1392 1847 lectio
1408 1814 1591 1848 Burman—

908 1866 957 1900 ni.
971 1867 1038 1900 Ed.
1054 1883 1097 1893 ··—
1110 1867 1273 1909 Demergi
1292 1866 1418 1911 passim
1438 1866 1481 1901 de
1507 1867 1590 1902 cibis

910 1913 1102 1960 devoratis,
1117 1923 1156 1950 ut
1171 1917 1253 1960 XV,
1270 1919 1352 1958 105;
1371 1917 1453 1951 ibid.
1471 1918 1592 1964 387.—

911 1970 1054 2003 Buslum
1066 1981 1078 2011 ,ε
1094 1972 1215 2014 τύμὸον.
1232 1969 1414 2015 Longinus
1427 1997 1436 2014 ‚
1451 1971 1475 2005 s.
1487 1972 1507 2006 3
1520 1998 1529 2015 ,
1543 1972 1590 2006 vi·

912 2028 1051 2067 tuperat
1058 2020 1227 2067 Gorgiam
1236 2021 1359 2058 Leont.
1370 2023 1429 2067 qui
1437 2023 1593 2058 vultures

913 2072 1046 2107 dixerat
1060 2086 1132 2108 esse
1143 2076 1296 2118 sepulcra
1310 2078 1403 2115 viva,
1422 2087 1528 2120 quam
1541 2089 1593 2110 re-

913 2127 1184 2173 prehensionem
1201 2127 1307 2162 etiam
1324 2128 1360 2162 in
1377 2128 1445 2163 hoc
1464 2132 1595 2164 bustum

913 2181 1102 2213 miserabile
1111 2179 1235 2214 cadere
1244 2180 1378 2215 Tollius
1388 2188 1423 2215 et
1429 2181 1595 2216 Pearcius

914 2231 956 2266 ad
974 2231 1073 2266 illum
1086 2231 1237 2277 Longini
1248 2232 1366 2267 locum
1382 2233 1594 2268 existimant.

915 2284 1054 2318 Verum
1070 2284 1250 2330 Longinus
1267 2297 1339 2319 non
1357 2284 1423 2320 nisi
1440 2289 1517 2320 viva
1532 2299 1595 2320 se·-

909 2338 1030 2381 pulcra
1038 2336 1230 2382 vituperat,
1243 2337 1323 2382 quia
1334 2337 1428 2372 nulla
1439 2337 1596 2383 sepulcra

915 2390 993 2421 viva
1008 2395 1091 2422 sunt
1107 2401 1115 2422 :
1130 2387 1210 2422 vide
1229 2388 1370 2423 Ernesti
1389 2389 1470 2424 Init.
1487 2388 1594 2424 Rhe-

918 2447 984 2474 tor.
1002 2441 1118 2488 §.319
1132 2441 1173 2475 In
1187 2441 1328 2487 Gorgiae
1341 2441 1466 2491 vitium
1476 2441 1599 2476 incidit

918 2493 1101 2528 Lucretius
1111 2520 1121 2537 ,
1135 2494 1183 2537 V,
1195 2507 1257 2541 991
1273 2507 1280 2527 ε
1297 2496 1382 2528 Viva
1392 2497 1511 2528 videns
1521 2497 1598 2528 vieo

918 2550 1052 2591 sepeliri
1058 2551 1191 2582 viscera
1202 2550 1308 2581 buslo.
1320 2547 1438 2581 Etiam
1451 2546 1507 2582 alii
1519 2560 1599 2593 poe-

920 2608 963 2636 tae
974 2607 1136 2636 ventrem
1149 2613 1230 2635 cum
1245 2601 1404 2646 sepulcro
1415 2614 1599 2647 compara-

919 2659 1015 2687 runt.
1041 2653 1268 2687 Burmannus
1293 2652 1410 2687 laudat
1426 2653 1599 2700 Lycophr-

922 2703 1016 2738 Cass.
1033 2704 1185 2751 159,qui
1202 2704 1244 2739 de
1257 2704 1390 2739 Cerere
1406 2705 1599 2740 mandente

922 2755 1062 2802 Pelopis
1090 2756 1281 2793 humerum
1308 2756 1392 2793 dicit
1412 2770 1419 2792 :
1443 2760 1602 2802 ἔτύμέενπ
