1832 3100
402 206 1105 253 METAMORPHOSEON
1136 209 1269 253 LIB.
1303 211 1403 254 ΙΙΙ.

1535 208 1620 252 263

197 323 221 345 «
246 302 354 367 Quo
376 300 529 364 fugis?
552 320 579 348 o
601 318 804 364 remane;
828 319 911 349 nec
932 319 1002 349 me
1016 337 1028 359 ,
1054 300 1269 359 crudelis,
1296 313 1514 350 amantem

196 402 222 424 >›
245 380 432 438 Desere,
456 378 658 432 clamavit
678 398 688 427 :
707 377 838 427 liceat
854 415 866 436 ‚
893 377 1018 445 quod
1043 388 1220 440 tangere
1241 396 1332 426 non
1356 390 1449 436 est,

197 455 488 524 »pAdspicere
505 493 517 515 ‚
544 468 588 506 et
611 456 774 505 misero
798 456 995 524 praebere
1019 455 1226 505 alimenta
1248 456 1401 504 furori.
1434 480 1457 501 υ

194 535 406 601 Dumque
430 532 579 591 dolet,
606 553 777 583 summa
800 546 967 584 vestem
990 534 1176 584 deduxit
1198 534 1255 583 ab
1277 553 1354 583 ora
1372 571 1384 592 ‚

1561 548 1627 593 48η

194 613 414 680 Nudaque
434 612 692 676 marmoreis
710 613 932 679 percussit
953 625 1136 681 pectora
1158 611 1332 680 palmis.

194 692 380 742 Pectora
403 703 631 741 traxerunt
650 703 830 741 tenuem
854 711 1063 760 percussa
1086 691 1324 750 ruborem3

192 771 298 819 Nou
320 768 472 828 aliter,
499 789 633 838 quam
654 789 790 837 poma
814 770 990 829 solent,
1016 789 1113 838 quae
1137 768 1324 818 candida
1347 780 1496 835 parte,

191 849 322 897 Parte
340 848 507 899 rubent
527 868 538 897 :
563 861 640 898 aut
654 886 667 908 ‚
691 860 743 898 ut
765 848 898 898 variis
920 847 1038 897 solet
1057 867 1142 896 uva
1164 847 1349 896 racemis

189 927 362 975 Ducere
383 946 683 994 purpureum,
708 927 914 976 nondum
933 938 1130 985 matura,
1157 925 1366 974 colorem.

1557 938 1624 983 485

190 1005 304 1069 Quae
325 1003 457 1074 simul
481 1004 685 1073 adspexit
707 1005 946 1073 liquefacta
964 1023 1120 1054 rursus
1144 1004 1192 1052 in
1215 1003 1334 1052 unda
1350 1041 1363 1062 ‚

191 1083 296 1131 Non
319 1081 424 1133 tulit
441 1082 658 1143 ulterius;
685 1083 785 1142 sed,
811 1096 863 1133 ut
888 1083 1162 1132 intabescere
1183 1081 1303 1132 flavae

237 1215 312 1259 477.
332 1214 364 1248 0
373 1227 516 1249 remane.
537 1215 569 1249 0
583 1221 664 1249 ante
674 1227 807 1249 remane
822 1227 874 1249 re-

193 1264 286 1310 cepit
299 1265 528 1301 Burmannus
542 1278 584 1301 ex
597 1266 742 1308 Vossio;
760 1265 876 1301 Heiu-

194 1318 264 1353 sius
279 1318 466 1364 suadebat,
483 1333 541 1355 oro
556 1333 672 1361 mane,
694 1326 735 1354 ut
751 1319 875 1354 ultima

193 1373 231 1407 in
244 1386 302 1408 om
324 1373 542 1419 corripiatur.
562 1393 610 1402 —
628 1375 747 1410 Nostri
773 1373 875 1420 Regii

192 1424 324 1462 habent
337 1452 348 1470 ‚
372 1428 447 1470 Quo
472 1427 599 1472 refugis
611 1454 620 1468 ‚
654 1440 795 1461 remane.
827 1426 874 1460 Et

192 1476 284 1513 hanc
299 1477 487 1514 lectionem
503 1480 621 1515 forsan
638 1493 720 1514 vera
736 1479 790 1514 sit.
805 1479 873 1512 Ed.

190 1530 507 1575 —Miterosumri,·
524 1531 620 1576 quod
632 1531 794 1566 homines
806 1530 873 1564 mi-

187 1594 284 1617 seros
295 1582 397 1618 saciat
409 1608 419 1626 ,
440 1583 500 1628 qui
515 1583 575 1618 illo
590 1590 769 1618 vexantur.

228 1634 304 1678 480.
315 1634 450 1670 summa
463 1639 587 1670 veslem
597 1637 739 1671 deduxit
746 1637 791 1669 ab
801 1648 871 1670 ora.

186 1683 336 1721 Codices
359 1685 463 1732 Regii
480 1687 614 1732 nostri,
632 1700 764 1722 summo
785 1701 871 1723 ves-

181 1742 313 1784 temque
334 1740 472 1774 redu-til
491 1742 537 1774 ab
561 1753 627 1774 ore.
654 1740 696 1776 Id
714 1747 786 1784 est,
804 1754 871 1776 re·-

182 1791 280 1828 duxit
311 1799 446 1828 vestem
475 1806 553 1840 quae
579 1801 696 1830 totum
730 1794 871 1840 tegebat

183 1858 309 1893 corpus
323 1871 333 1891 ,
360 1852 490 1892 praeter
505 1859 544 1882 os
569 1854 606 1882 et
621 1847 758 1882 faciem.
786 1847 869 1882 Non

184 1898 277 1934 male
290 1913 300 1940 3
317 1897 379 1934 sed
392 1897 549 1945 displicet
559 1898 655 1944 quod
670 1902 704 1935 τὲ
718 1912 782 1944 que
793 1906 871 1944 post

183 1948 378 1985 secundam
392 1963 517 1986 vocem
532 1951 732 1997 rejiciatur;
747 1951 870 1997 impe—

185 2001 279 2037 ditus
295 2010 464 2048 praeterea
478 2003 611 2049 phrasis
620 2003 729 2048 ordo,
739 2004 806 2039 nisi
818 2004 870 2038 in-

186 2053 386 2099 terpunctio
394 2061 563 2090 mutetur.
576 2054 756 2091 Servanda
763 2055 870 2101 igitur

185 2105 326 2152 vulgata
335 2105 449 2142 lectio.
463 2109 530 2143 Ed.
543 2126 588 2133 -—
603 2110 690 2149 Ora,
713 2115 870 2143 extrema

186 2170 266 2204 pars
277 2159 399 2203 vestis,
416 2159 491 2204 vel,
512 2168 551 2195 ut
567 2160 635 2195 hoc
649 2160 726 2196 loco
740 2161 778 2195 in
792 2174 869 2207 pec-

185 2217 262 2245 tore
284 2209 443 2257 (summa
457 2238 467 2253 ‚
497 2214 675 2257 suprema)
694 2214 751 2249 vel
776 2214 869 2249 infra

183 2261 307 2309 (ima).
322 2263 407 2299 Jam
418 2265 525 2308 utu,
540 2265 631 2300 Fast.
641 2266 870 2312 347tlut11'cas

179 2328 243 2349 ora
250 2318 432 2351 subducere
441 2319 485 2351 ab
494 2320 564 2352 ima
571 2331 678 2353 sensu
689 2319 866 2363 obscoeno,

179 2366 228 2402 sic
234 2366 269 2402 h.
276 2367 297 2403 l.
307 2373 432 2403 vestem
439 2370 601 2405 deducere
606 2383 738 2406 summa
742 2374 786 2406 ab
794 2385 865 2414 ora,

180 2418 276 2464 quod
293 2420 407 2456 facere
423 2421 603 2467 solebant,
627 2423 687 2469 qui
709 2423 867 2469 planctus

177 2484 281 2525 causa
295 2480 416 2518 pectus
431 2474 637 2518 nudabant;
662 2476 732 2511 vid.
751 2477 867 2512 Hein-

178 2522 249 2558 sius
265 2523 309 2559 ad
325 2523 360 2559 h.
379 2524 400 2560 Ι.
417 2551 426 2570 ,
444 2533 480 2561 et
488 2527 717 2563 Burmannus
729 2527 772 2562 ad
785 2527 869 2564 Am.

179 2575 197 2611 1
208 2603 218 2617 ,
236 2586 314 2621 vn,
333 2577 387 2622 48.
406 2576 461 2613 Cs.
478 2586 514 2628 et
529 2579 620 2614 insra
633 2581 681 2626 V,
695 2581 771 2628 399.
786 2580 867 2616 Hoc

181 2634 301 2663 autem
329 2628 544 2675 figmentum
574 2632 780 2678 praeclarum
805 2641 867 2669 est.

181 2700 226 2708 ·—-
244 2683 280 2716 Τ
273 2696 389 2718 enuem
404 2687 563 2720 ruborem.
585 2685 812 2725 Florentinus
828 2688 865 2723 S.

182 2731 299 2770 {Marci
316 2761 326 2780 ,
353 2736 488 2782 primus
503 2737 695 2774 Vaticanus
707 2765 717 2783 ,
734 2746 770 2774 et
794 2739 866 2775 duo

941 1213 1019 1257 alii,
1029 1211 1335 1248 roseum—Nostri
1354 1210 1455 1258 Regii
1468 1237 1477 1255 ,
1489 1216 1627 1245 tenuem.

939 1284 985 1293 —-
1003 1267 1147 1301 Tenuem
1167 1269 1316 1301 ruborem
1333 1264 1482 1300 illustrat
1500 1263 1629 1310 duplici

942 1321 1206 1366 comparatione
1221 1346 1230 1363 ,
1250 1332 1328 1365 quae
1345 1318 1526 1365 probanda
1543 1318 1629 1363 qui-

941 1373 1024 1408 dem
1041 1380 1093 1407 est
1106 1387 1115 1414 ;
1133 1372 1193 1408 sed
1207 1386 1251 1407 an
1265 1371 1507 1407 admirabilem
1518 1371 1627 1416 phan-

941 1423 1034 1459 tasiae
1050 1423 1123 1458 vim
1148 1423 1297 1470 prodat,
1317 1431 1352 1458 et
1368 1422 1474 1469 digna
1495 1423 1539 1458 sit
1563 1423 1626 1457 in·—

940 1478 1045 1524 genio
1058 1478 1190 1516 summi
1214 1471 1328 1524 poetae
1342 1504 1352 1522 ‚
1378 1485 1419 1512 ut
1446 1477 1626 1513 Schirach.

938 1532 1092 1575 videtur,
1107 1532 1236 1566 nescio.
1249 1532 1331 1578 Non
1346 1531 1515 1566 debemus
1524 1531 1624 1566 nimii

938 1596 1011 1618 esse
1022 1583 1059 1618 in
1071 1583 1254 1618 laudandis
1265 1590 1451 1629 poetarum
1461 1590 1623 1618 veterum

935 1636 1030 1672 locis.
1059 1637 1104 1672 In
1128 1637 1322 1683 posteriore
1340 1638 1457 1672 sorsan
1476 1637 1625 1682 respexit

937 1690 1030 1724 Hor.
1047 1689 1084 1724 II
1095 1716 1105 1733 ,
1117 1687 1188 1725 Od.
1199 1701 1236 1733 v,
1252 1702 1292 1724 ιο
1308 1703 1317 1725 :
1332 1691 1415 1724 Jam
1427 1691 1495 1724 tibi
1503 1691 1625 1723 lt'vidos

936 1744 1136 1788 Dtklinguei
1149 1743 1343 1778 Autumnus
1357 1755 1508 1777 racemos
1516 1768 1524 1783 ,
1542 1744 1628 1776 Pur-

929 1809 1036 1840 pureo
1051 1799 1170 1831 varius
1182 1799 1303 1831 colore.
1324 1795 1419 1830 Alias
1433 1795 1539 1839 hujus
1556 1808 1624 1840 ge—

936 1847 1031 1882 neris
1049 1847 1296 1882 similitudines
1310 1847 1449 1892 collegit
1463 1846 1623 1882 Brouck—

936 1898 1056 1935 husius
1068 1900 1112 1934 ad
1124 1901 1286 1946 Propert.
1304 1900 1341 1935 11
1353 1926 1362 1943 ,
1377 1911 1407 1934 11
1416 1926 1426 1943 ‚
1440 1911 1493 1934 20.
1502 1900 1626 1933 —Du—

934 1965 1010 1987 cere
1023 1956 1182 1995 colorem,
1212 1961 1253 1988 ut
1278 1953 1315 1988 iu
1343 1952 1624 1999 Metamorphos.

934 2002 1025 2038 libro
1048 2005 1161 2050 VIII,
1190 2005 1253 2053 760
1265 2032 1275 2050 ,
1298 2008 1417 2040 ducere
1433 2008 1622 2051 pallorem5

935 2063 976 2091 ut
991 2064 1095 2092 antea
1107 2057 1242 2093 dixerat
1259 2058 1357 2104 Virg.
1380 2057 1454 2093 Ecl.
1469 2069 1510 2092 lx
1523 2083 1534 2101 ‚
1553 2060 1595 2105 49
1608 2084 1618 2101 ,

933 2110 1070 2144 ducere!
1086 2123 1152 2144 uva
1166 2113 1318 2145 colorem.

979 2161 1054 2205 486.
1072 2161 1294 2208 liquefacta,
1321 2161 1419 2208 quod
1435 2170 1470 2197 et
1490 2161 1623 2196 habent

934 2214 1046 2249 nostri
1059 2214 1209 2251 Codices
1220 2216 1334 2262 Regii,
1347 2215 1499 2251 offendit
1511 2215 1621 2250 Hein-

932 2267 1025 2302 sium
1038 2294 1048 2312 ‚
1076 2269 1157 2314 quia
1172 2282 1253 2304 cera
1268 2269 1404 2305 dicatur
1431 2271 1597 2314 liquefieri
1607 2296 1616 2308 ‚

934 2333 1007 2355 non
1027 2325 1130 2356 unda.
1152 2323 1382 2357 Burmannus
1402 2323 1512 2356 refert
1527 2322 1620 2356 inter

931 2373 1120 2419 singularia
1132 2373 1263 2411 Ovidii.
1279 2375 1413 2410 Passim
1423 2373 1516 2418 apud
1528 2374 1620 2408 Nos-

934 2433 1030 2461 trum
1046 2430 1175 2473 liquida
1190 2442 1280 2473 aqua
1294 2440 1359 2473 pro
1370 2426 1515 2473 limpida
1526 2453 1536 2470 ,
1554 2427 1620 2461 cla·

932 2492 971 2513 ra
988 2505 998 2523 ,
1015 2486 1055 2514 ut
1070 2482 1132 2524 451
1151 2507 1161 2523 ,
1180 2481 1267 2522 etl,
1290 2481 1366 2525 370.
1385 2479 1540 2523 Plinius,
1560 2478 1594 2510 V
1609 2506 1618 2521 ,

933 2532 1000 2577 Ep.
1017 2543 1057 2567 Vl
1073 2537 1210 2577 :purius
1219 2535 1335 2568 caelum
1345 2559 1354 2574 ‚
1367 2546 1433 2581 ‘aer
1443 2534 1620 2578 l1'qm'de'or5

933 2585 1108 2632 Panegyr.
1127 2587 1180 2626 82,
1196 2587 1326 2630 liquida
1325 2587 1482 2631 flumina.
1495 2584 1618 2629 Itaque

932 2636 1115 2682 limpidam
1132 2637 1308 2672 redditam
1330 2643 1426 2672 recte
1451 2636 1620 2682 liquefac—

931 2694 1002 2724 lam
1019 2689 1155 2725 dixeris.
1168 2708 1212 2717 ·—
1233 2691 1282 2724 Ut
1288 2692 1506 2725 intabescere.
1532 2688 1622 2724 Cod.

935 2741 989 2777 Re
994 2742 1069 2787 gius
1085 2741 1116 2777 Β
1127 2767 1138 2788 ,
1156 2745 1212 2778 uli
1220 2745 1437 2779 intabescere.
