<?xml version="1.0" encoding="UTF-8"?>
<!DOCTYPE html PUBLIC "-//W3C//DTD XHTML 1.0 Transitional//EN"
    "http://www.w3.org/TR/xhtml1/DTD/xhtml1-transitional.dtd">
<html xmlns="http://www.w3.org/1999/xhtml" xml:lang="en" lang="en">
 <head>
  <title>
</title>
<meta http-equiv="Content-Type" content="text/html;charset=utf-8" />
  <meta name='ocr-system' content='tesseract 3.04.00' />
  <meta name='ocr-capabilities' content='ocr_page ocr_carea ocr_par ocr_line ocrx_word'/>
</head>
<body>
  <div class='ocr_page' id='page_1' title='image "./quaeextantomniao03oviduoft_0155.png"; bbox 0 0 1832 3100; ppageno 0'>
   <div class='ocr_carea' id='block_1_1' title="bbox 380 246 1290 294">
    <p class='ocr_par' dir='ltr' id='par_1_1' title="bbox 380 246 1290 294">
     <span class='ocr_line' id='line_1_1' title="bbox 380 246 1290 294; baseline 0.002 -2"><span class='ocrx_word' id='word_1_1' title='bbox 380 246 1065 293; x_wconf 86' lang='lat' dir='ltr'>METAMORPHOSEON</span> <span class='ocrx_word' id='word_1_2' title='bbox 1098 251 1214 294; x_wconf 90' lang='lat' dir='ltr'>LIB.</span> <span class='ocrx_word' id='word_1_3' title='bbox 1251 251 1290 294; x_wconf 93' lang='lat' dir='ltr'>I.</span> 
     </span>
    </p>
   </div>
   <div class='ocr_carea' id='block_1_2' title="bbox 1477 252 1556 296">
    <p class='ocr_par' dir='ltr' id='par_1_2' title="bbox 1477 252 1556 296">
     <span class='ocr_line' id='line_1_2' title="bbox 1477 252 1556 296; baseline 0.025 -2"><span class='ocrx_word' id='word_1_4' title='bbox 1477 252 1556 296; x_wconf 84' lang='lat'>123</span> 
     </span>
    </p>
   </div>
   <div class='ocr_carea' id='block_1_3' title="bbox 122 341 1377 409">
    <p class='ocr_par' dir='ltr' id='par_1_3' title="bbox 122 341 1377 409">
     <span class='ocr_line' id='line_1_3' title="bbox 122 341 1377 409; baseline 0.002 -20"><span class='ocrx_word' id='word_1_5' title='bbox 122 342 253 389; x_wconf 88' lang='lat' dir='ltr'>Ferre</span> <span class='ocrx_word' id='word_1_6' title='bbox 275 350 427 407; x_wconf 87' lang='lat' dir='ltr'>potest</span> <span class='ocrx_word' id='word_1_7' title='bbox 446 359 455 398; x_wconf 94' lang='lat'>;</span> <span class='ocrx_word' id='word_1_8' title='bbox 476 351 720 406; x_wconf 87' lang='lat' dir='ltr'>natumque</span> <span class='ocrx_word' id='word_1_9' title='bbox 741 353 892 398; x_wconf 89' lang='lat' dir='ltr'>vocat,</span> <span class='ocrx_word' id='word_1_10' title='bbox 920 360 1051 408; x_wconf 90' lang='lat' dir='ltr'>quem</span> <span class='ocrx_word' id='word_1_11' title='bbox 1074 341 1221 390; x_wconf 83' lang='lat' dir='ltr'>lucida</span> <span class='ocrx_word' id='word_1_12' title='bbox 1245 355 1377 409; x_wconf 87' lang='lat' dir='ltr'>partu</span> 
     </span>
    </p>
   </div>
   <div class='ocr_carea' id='block_1_4' title="bbox 98 417 1311 486">
    <p class='ocr_par' dir='ltr' id='par_1_4' title="bbox 98 417 1311 486">
     <span class='ocr_line' id='line_1_4' title="bbox 98 417 1311 486; baseline 0.002 -20"><span class='ocrx_word' id='word_1_13' title='bbox 98 436 100 438; x_wconf 87' lang='grc'><strong><em>·</em></strong></span> <span class='ocrx_word' id='word_1_14' title='bbox 123 417 266 467; x_wconf 85' lang='lat' dir='ltr'>Pleias</span> <span class='ocrx_word' id='word_1_15' title='bbox 291 417 419 467; x_wconf 85' lang='lat' dir='ltr'>enixa</span> <span class='ocrx_word' id='word_1_16' title='bbox 442 429 535 477; x_wconf 85' lang='lat' dir='ltr'>est;</span> <span class='ocrx_word' id='word_1_17' title='bbox 561 417 742 485; x_wconf 88' lang='lat' dir='ltr'>letoque</span> <span class='ocrx_word' id='word_1_18' title='bbox 766 419 862 478; x_wconf 88' lang='lat' dir='ltr'>det,</span> <span class='ocrx_word' id='word_1_19' title='bbox 884 419 1097 486; x_wconf 84' lang='lat' dir='ltr'>imperat,</span> <span class='ocrx_word' id='word_1_20' title='bbox 1125 422 1311 482; x_wconf 82' lang='lat' dir='ltr'><strong>Argum.</strong></span> 
     </span>
    </p>
   </div>
   <div class='ocr_carea' id='block_1_5' title="bbox 1495 438 1563 484">
    <p class='ocr_par' dir='ltr' id='par_1_5' title="bbox 1495 438 1563 484">
     <span class='ocr_line' id='line_1_5' title="bbox 1495 438 1563 484; baseline -0.029 -12"><span class='ocrx_word' id='word_1_21' title='bbox 1495 438 1563 484; x_wconf 83' lang='lat'>670</span> 
     </span>
    </p>
   </div>
   <div class='ocr_carea' id='block_1_6' title="bbox 121 495 1356 799">
    <p class='ocr_par' dir='ltr' id='par_1_6' title="bbox 121 495 1356 799">
     <span class='ocr_line' id='line_1_6' title="bbox 123 495 1355 565; baseline 0.002 -21"><span class='ocrx_word' id='word_1_22' title='bbox 123 496 262 544; x_wconf 82' lang='lat' dir='ltr'>Parva</span> <span class='ocrx_word' id='word_1_23' title='bbox 284 515 410 544; x_wconf 86' lang='lat' dir='ltr'>mora</span> <span class='ocrx_word' id='word_1_24' title='bbox 433 507 524 554; x_wconf 79' lang='lat' dir='ltr'>est,</span> <span class='ocrx_word' id='word_1_25' title='bbox 549 495 638 545; x_wconf 87' lang='lat' dir='ltr'>alas</span> <span class='ocrx_word' id='word_1_26' title='bbox 657 496 875 563; x_wconf 85' lang='lat' dir='ltr'>pedibus,</span> <span class='ocrx_word' id='word_1_27' title='bbox 901 498 1157 564; x_wconf 83' lang='lat' dir='ltr'>virgamque</span> <span class='ocrx_word' id='word_1_28' title='bbox 1180 500 1355 565; x_wconf 86' lang='lat' dir='ltr'>potenti</span> 
     </span>
     <span class='ocr_line' id='line_1_7' title="bbox 122 572 1356 642; baseline 0.002 -21"><span class='ocrx_word' id='word_1_29' title='bbox 122 572 419 622; x_wconf 86' lang='lat' dir='ltr'>Somniferam</span> <span class='ocrx_word' id='word_1_30' title='bbox 440 574 651 623; x_wconf 86' lang='lat' dir='ltr'>sumsisse</span> <span class='ocrx_word' id='word_1_31' title='bbox 676 594 836 634; x_wconf 88' lang='lat' dir='ltr'>manu,</span> <span class='ocrx_word' id='word_1_32' title='bbox 862 575 1143 642; x_wconf 76' lang='lat' dir='ltr'>tegimenque</span> <span class='ocrx_word' id='word_1_33' title='bbox 1168 575 1356 642; x_wconf 85' lang='lat' dir='ltr'>capillis.</span> 
     </span>
     <span class='ocr_line' id='line_1_8' title="bbox 122 651 1262 719; baseline 0.002 -20"><span class='ocrx_word' id='word_1_34' title='bbox 122 651 228 700; x_wconf 69' lang='lat' dir='ltr'>Haec</span> <span class='ocrx_word' id='word_1_35' title='bbox 253 651 334 700; x_wconf 89' lang='lat' dir='ltr'>ubi</span> <span class='ocrx_word' id='word_1_36' title='bbox 359 651 605 718; x_wconf 85' lang='lat' dir='ltr'>disposuit,</span> <span class='ocrx_word' id='word_1_37' title='bbox 630 653 774 719; x_wconf 87' lang='lat' dir='ltr'>patria</span> <span class='ocrx_word' id='word_1_38' title='bbox 794 654 905 702; x_wconf 89' lang='lat' dir='ltr'>Jove</span> <span class='ocrx_word' id='word_1_39' title='bbox 929 665 1062 702; x_wconf 85' lang='lat' dir='ltr'>natus</span> <span class='ocrx_word' id='word_1_40' title='bbox 1081 653 1137 702; x_wconf 89' lang='lat' dir='ltr'>ab</span> <span class='ocrx_word' id='word_1_41' title='bbox 1164 672 1262 702; x_wconf 89' lang='lat' dir='ltr'>arce</span> 
     </span>
     <span class='ocr_line' id='line_1_9' title="bbox 121 728 1203 799; baseline 0.001 -22"><span class='ocrx_word' id='word_1_42' title='bbox 121 728 288 778; x_wconf 88' lang='lat' dir='ltr'>Desilit</span> <span class='ocrx_word' id='word_1_43' title='bbox 309 729 358 779; x_wconf 88' lang='lat' dir='ltr'>in</span> <span class='ocrx_word' id='word_1_44' title='bbox 380 741 519 779; x_wconf 87' lang='lat' dir='ltr'>terras</span> <span class='ocrx_word' id='word_1_45' title='bbox 540 751 550 779; x_wconf 88' lang='lat'>:</span> <span class='ocrx_word' id='word_1_46' title='bbox 574 730 665 779; x_wconf 90' lang='lat' dir='ltr'>illic</span> <span class='ocrx_word' id='word_1_47' title='bbox 686 731 967 799; x_wconf 83' lang='lat' dir='ltr'>tegimenque</span> <span class='ocrx_word' id='word_1_48' title='bbox 987 731 1203 790; x_wconf 87' lang='lat' dir='ltr'>removit,</span> 
     </span>
    </p>
   </div>
   <div class='ocr_carea' id='block_1_7' title="bbox 119 807 1357 878">
    <p class='ocr_par' dir='ltr' id='par_1_7' title="bbox 119 807 1357 878">
     <span class='ocr_line' id='line_1_10' title="bbox 119 807 1357 878; baseline 0.002 -23"><span class='ocrx_word' id='word_1_49' title='bbox 119 807 182 855; x_wconf 86' lang='lat' dir='ltr'>Et</span> <span class='ocrx_word' id='word_1_50' title='bbox 202 808 359 874; x_wconf 83' lang='lat' dir='ltr'>posuit</span> <span class='ocrx_word' id='word_1_51' title='bbox 375 827 546 876; x_wconf 87' lang='lat' dir='ltr'>pennas</span> <span class='ocrx_word' id='word_1_52' title='bbox 568 828 578 857; x_wconf 90' lang='lat'>:</span> <span class='ocrx_word' id='word_1_53' title='bbox 600 810 913 878; x_wconf 85' lang='lat' dir='ltr'>tantummodo</span> <span class='ocrx_word' id='word_1_54' title='bbox 936 810 1061 874; x_wconf 84' lang='lat' dir='ltr'>virga</span> <span class='ocrx_word' id='word_1_55' title='bbox 1081 821 1254 859; x_wconf 84' lang='lat' dir='ltr'>retenta</span> <span class='ocrx_word' id='word_1_56' title='bbox 1277 821 1357 859; x_wconf 85' lang='lat' dir='ltr'>est.</span> 
     </span>
    </p>
   </div>
   <div class='ocr_carea' id='block_1_8' title="bbox 1500 823 1568 870">
    <p class='ocr_par' dir='ltr' id='par_1_8' title="bbox 1500 823 1568 870">
     <span class='ocr_line' id='line_1_11' title="bbox 1500 823 1568 870; baseline -0.029 -11"><span class='ocrx_word' id='word_1_57' title='bbox 1500 823 1568 870; x_wconf 89' lang='grc'>675</span> 
     </span>
    </p>
   </div>
   <div class='ocr_carea' id='block_1_9' title="bbox 118 881 1285 1025">
    <p class='ocr_par' dir='ltr' id='par_1_9' title="bbox 118 881 1285 1016">
     <span class='ocr_line' id='line_1_12' title="bbox 119 881 1251 956; baseline 0.004 -22"><span class='ocrx_word' id='word_1_58' title='bbox 119 886 217 934; x_wconf 85' lang='lat' dir='ltr'>Hac</span> <span class='ocrx_word' id='word_1_59' title='bbox 240 885 354 950; x_wconf 85' lang='lat' dir='ltr'>agit,</span> <span class='ocrx_word' id='word_1_60' title='bbox 377 898 432 936; x_wconf 87' lang='lat' dir='ltr'>ut</span> <span class='ocrx_word' id='word_1_61' title='bbox 448 881 628 954; x_wconf 83' lang='lat' dir='ltr'>pastor,</span> <span class='ocrx_word' id='word_1_62' title='bbox 648 907 730 955; x_wconf 91' lang='lat' dir='ltr'>per</span> <span class='ocrx_word' id='word_1_63' title='bbox 754 887 880 937; x_wconf 86' lang='lat' dir='ltr'>devia</span> <span class='ocrx_word' id='word_1_64' title='bbox 904 908 1007 938; x_wconf 90' lang='lat' dir='ltr'>rura</span> <span class='ocrx_word' id='word_1_65' title='bbox 1032 888 1223 956; x_wconf 82' lang='lat' dir='ltr'>capellas</span> <span class='ocrx_word' id='word_1_66' title='bbox 1240 927 1251 947; x_wconf 90' lang='lat'><strong>‚</strong></span> 
     </span>
     <span class='ocr_line' id='line_1_13' title="bbox 118 963 1285 1025; baseline 0.003 -13"><span class='ocrx_word' id='word_1_67' title='bbox 118 963 241 1013; x_wconf 86' lang='lat' dir='ltr'>Dum</span> <span class='ocrx_word' id='word_1_68' title='bbox 263 964 390 1013; x_wconf 86' lang='lat' dir='ltr'>venit·</span> <span class='ocrx_word' id='word_1_69' title='bbox 405 964 647 1025; x_wconf 86' lang='lat' dir='ltr'>abductas,</span> <span class='ocrx_word' id='word_1_70' title='bbox 637 985 646 994; x_wconf 87' lang='lat'>·</span> <span class='ocrx_word' id='word_1_71' title='bbox 678 977 722 1014; x_wconf 89' lang='lat' dir='ltr'>et</span> <span class='ocrx_word' id='word_1_72' title='bbox 745 967 927 1015; x_wconf 86' lang='lat' dir='ltr'>structis</span> <span class='ocrx_word' id='word_1_73' title='bbox 952 979 1100 1016; x_wconf 88' lang='lat' dir='ltr'>cantat</span> <span class='ocrx_word' id='word_1_74' title='bbox 1123 967 1285 1016; x_wconf 86' lang='lat' dir='ltr'>avenis.</span> 
     </span>
    </p>
   </div>
   <div class='ocr_carea' id='block_1_10' title="bbox 117 1096 814 2840">
    <p class='ocr_par' dir='ltr' id='par_1_10' title="bbox 119 1096 812 1308">
     <span class='ocr_line' id='line_1_14' title="bbox 119 1096 810 1156; baseline 0.004 -18"><span class='ocrx_word' id='word_1_75' title='bbox 119 1104 167 1143; x_wconf 74' lang='lat' dir='ltr'>cis</span> <span class='ocrx_word' id='word_1_76' title='bbox 184 1103 297 1139; x_wconf 70' lang='lat' dir='ltr'>(lictus</span> <span class='ocrx_word' id='word_1_77' title='bbox 313 1110 365 1139; x_wconf 69' lang='lat' dir='ltr'>est</span> <span class='ocrx_word' id='word_1_78' title='bbox 384 1096 600 1156; x_wconf 64' lang='grc' dir='ltr'>Αργειφέντης.</span> <span class='ocrx_word' id='word_1_79' title='bbox 617 1108 810 1142; x_wconf 82' lang='lat' dir='ltr'>—Phoro-</span> 
     </span>
     <span class='ocr_line' id='line_1_15' title="bbox 119 1155 812 1203; baseline 0.004 -13"><span class='ocrx_word' id='word_1_80' title='bbox 119 1157 229 1191; x_wconf 79' lang='lat' dir='ltr'>nidos.</span> <span class='ocrx_word' id='word_1_81' title='bbox 246 1155 280 1190; x_wconf 85' lang='lat' dir='ltr'>A</span> <span class='ocrx_word' id='word_1_82' title='bbox 289 1157 464 1192; x_wconf 80' lang='lat' dir='ltr'>Phoroneo</span> <span class='ocrx_word' id='word_1_83' title='bbox 475 1157 652 1203; x_wconf 83' lang='lat' dir='ltr'>originem</span> <span class='ocrx_word' id='word_1_84' title='bbox 662 1157 812 1193; x_wconf 87' lang='lat' dir='ltr'>ducebat</span> 
     </span>
     <span class='ocr_line' id='line_1_16' title="bbox 121 1208 813 1253; baseline 0.004 -10"><span class='ocrx_word' id='word_1_85' title='bbox 121 1215 158 1243; x_wconf 88' lang='lat' dir='ltr'>et</span> <span class='ocrx_word' id='word_1_86' title='bbox 170 1208 691 1253; x_wconf 72' lang='lat' dir='ltr'>Inachus11,etlasus11:vide</span> <span class='ocrx_word' id='word_1_87' title='bbox 703 1211 813 1246; x_wconf 88' lang='lat' dir='ltr'>Mun-</span> 
     </span>
     <span class='ocr_line' id='line_1_17' title="bbox 121 1235 590 1308; baseline 0.004 -14"><span class='ocrx_word' id='word_1_88' title='bbox 121 1259 196 1294; x_wconf 83' lang='lat' dir='ltr'>ker.</span> <span class='ocrx_word' id='word_1_89' title='bbox 215 1259 258 1294; x_wconf 84' lang='lat' dir='ltr'>ad</span> <span class='ocrx_word' id='word_1_90' title='bbox 274 1235 409 1308; x_wconf 69' lang='lat' dir='ltr'>Hygi’n.</span> <span class='ocrx_word' id='word_1_91' title='bbox 425 1261 493 1295; x_wconf 85' lang='lat' dir='ltr'>sab.</span> <span class='ocrx_word' id='word_1_92' title='bbox 519 1263 590 1306; x_wconf 74' lang='lat'>145.</span> 
     </span>
    </p>

    <p class='ocr_par' dir='ltr' id='par_1_11' title="bbox 167 1313 812 1362">
     <span class='ocr_line' id='line_1_18' title="bbox 167 1313 812 1362; baseline 0.006 -14"><span class='ocrx_word' id='word_1_93' title='bbox 167 1313 245 1361; x_wconf 81' lang='lat'>669.</span> <span class='ocrx_word' id='word_1_94' title='bbox 254 1315 381 1349; x_wconf 78' lang='lat' dir='ltr'>Natum</span> <span class='ocrx_word' id='word_1_95' title='bbox 387 1319 499 1355; x_wconf 83' lang='lat' dir='ltr'>vocal,</span> <span class='ocrx_word' id='word_1_96' title='bbox 511 1327 584 1350; x_wconf 89' lang='lat' dir='ltr'>non</span> <span class='ocrx_word' id='word_1_97' title='bbox 596 1316 718 1361; x_wconf 89' lang='lat' dir='ltr'>modo,</span> <span class='ocrx_word' id='word_1_98' title='bbox 731 1317 812 1362; x_wconf 88' lang='lat' dir='ltr'>quia</span> 
     </span>
    </p>

    <p class='ocr_par' dir='ltr' id='par_1_12' title="bbox 117 1365 812 2157">
     <span class='ocr_line' id='line_1_19' title="bbox 124 1365 810 1414; baseline 0.007 -14"><span class='ocrx_word' id='word_1_99' title='bbox 124 1365 287 1401; x_wconf 80' lang='lat' dir='ltr'>minister</span> <span class='ocrx_word' id='word_1_100' title='bbox 302 1373 355 1402; x_wconf 83' lang='lat' dir='ltr'>est</span> <span class='ocrx_word' id='word_1_101' title='bbox 366 1393 377 1410; x_wconf 88' lang='lat'>,</span> <span class='ocrx_word' id='word_1_102' title='bbox 394 1374 434 1405; x_wconf 84' lang='lat' dir='ltr'>ut</span> <span class='ocrx_word' id='word_1_103' title='bbox 444 1369 607 1403; x_wconf 89' lang='lat' dir='ltr'>omnium</span> <span class='ocrx_word' id='word_1_104' title='bbox 624 1369 786 1404; x_wconf 88' lang='lat' dir='ltr'>Deorum</span> <span class='ocrx_word' id='word_1_105' title='bbox 800 1397 810 1414; x_wconf 90' lang='lat'>,</span> 
     </span>
     <span class='ocr_line' id='line_1_20' title="bbox 122 1416 811 1469; baseline 0.009 -18"><span class='ocrx_word' id='word_1_106' title='bbox 122 1417 171 1452; x_wconf 88' lang='lat' dir='ltr'>ita</span> <span class='ocrx_word' id='word_1_107' title='bbox 179 1417 203 1453; x_wconf 88' lang='lat' dir='ltr'>J</span> <span class='ocrx_word' id='word_1_108' title='bbox 205 1416 278 1455; x_wconf 88' lang='lat' dir='ltr'>ovis</span> <span class='ocrx_word' id='word_1_109' title='bbox 285 1417 469 1465; x_wconf 75' lang='lat' dir='ltr'>inprimis,</span> <span class='ocrx_word' id='word_1_110' title='bbox 478 1420 574 1455; x_wconf 84' lang='lat' dir='ltr'>unde</span> <span class='ocrx_word' id='word_1_111' title='bbox 586 1422 811 1469; x_wconf 62' lang='lat' dir='ltr'>d&#39;eoeropofdic·</span> 
     </span>
     <span class='ocr_line' id='line_1_21' title="bbox 123 1471 809 1521; baseline 0.009 -14"><span class='ocrx_word' id='word_1_112' title='bbox 123 1479 180 1508; x_wconf 79' lang='lat' dir='ltr'>tus</span> <span class='ocrx_word' id='word_1_113' title='bbox 194 1471 419 1520; x_wconf 70' lang='lat' dir='ltr'>(Hemsterh.</span> <span class='ocrx_word' id='word_1_114' title='bbox 437 1473 482 1509; x_wconf 86' lang='lat' dir='ltr'>ad</span> <span class='ocrx_word' id='word_1_115' title='bbox 504 1473 649 1511; x_wconf 84' lang='lat' dir='ltr'>Luciau.</span> <span class='ocrx_word' id='word_1_116' title='bbox 665 1483 750 1511; x_wconf 85' lang='lat' dir='ltr'>tom.</span> <span class='ocrx_word' id='word_1_117' title='bbox 770 1478 809 1521; x_wconf 89' lang='lat'>1,</span> 
     </span>
     <span class='ocr_line' id='line_1_22' title="bbox 123 1527 809 1575; baseline 0.005 -13"><span class='ocrx_word' id='word_1_118' title='bbox 123 1541 158 1574; x_wconf 87' lang='lat' dir='ltr'>p.</span> <span class='ocrx_word' id='word_1_119' title='bbox 169 1527 249 1575; x_wconf 75' lang='grc'>489)</span> <span class='ocrx_word' id='word_1_120' title='bbox 261 1554 272 1572; x_wconf 84' lang='grc'>,</span> <span class='ocrx_word' id='word_1_121' title='bbox 289 1527 474 1564; x_wconf 72' lang='lat' dir='ltr'>sedetiam</span> <span class='ocrx_word' id='word_1_122' title='bbox 497 1529 579 1574; x_wconf 85' lang='lat' dir='ltr'>quia</span> <span class='ocrx_word' id='word_1_123' title='bbox 596 1530 809 1574; x_wconf 85' lang='lat' dir='ltr'>calliditate,</span> 
     </span>
     <span class='ocr_line' id='line_1_23' title="bbox 123 1579 808 1626; baseline 0.005 -12"><span class='ocrx_word' id='word_1_124' title='bbox 123 1592 193 1625; x_wconf 84' lang='lat' dir='ltr'>qua</span> <span class='ocrx_word' id='word_1_125' title='bbox 213 1579 373 1626; x_wconf 83' lang='lat' dir='ltr'>pollebat</span> <span class='ocrx_word' id='word_1_126' title='bbox 382 1580 587 1619; x_wconf 81' lang='lat' dir='ltr'>Mercurius</span> <span class='ocrx_word' id='word_1_127' title='bbox 612 1582 755 1625; x_wconf 83' lang='lat' dir='ltr'>(Horat.</span> <span class='ocrx_word' id='word_1_128' title='bbox 770 1583 808 1623; x_wconf 90' lang='grc' dir='ltr'>Ι,</span> 
     </span>
     <span class='ocr_line' id='line_1_24' title="bbox 122 1632 811 1680; baseline 0.001 -11"><span class='ocrx_word' id='word_1_129' title='bbox 122 1632 196 1669; x_wconf 88' lang='lat' dir='ltr'>Od.</span> <span class='ocrx_word' id='word_1_130' title='bbox 205 1645 228 1668; x_wconf 87' lang='lat' dir='ltr'>x</span> <span class='ocrx_word' id='word_1_131' title='bbox 241 1659 259 1677; x_wconf 85' lang='lat'><em>,</em></span> <span class='ocrx_word' id='word_1_132' title='bbox 267 1632 395 1680; x_wconf 75' lang='lat'><strong>7—16),</strong></span> <span class='ocrx_word' id='word_1_133' title='bbox 405 1647 504 1670; x_wconf 85' lang='lat' dir='ltr'>nunc</span> <span class='ocrx_word' id='word_1_134' title='bbox 514 1642 695 1680; x_wconf 82' lang='lat' dir='ltr'>opuserat.</span> <span class='ocrx_word' id='word_1_135' title='bbox 707 1635 811 1671; x_wconf 89' lang='lat' dir='ltr'>Idem</span> 
     </span>
     <span class='ocr_line' id='line_1_25' title="bbox 121 1684 808 1732; baseline 0.003 -11"><span class='ocrx_word' id='word_1_136' title='bbox 121 1684 220 1721; x_wconf 75' lang='lat' dir='ltr'>Jovis</span> <span class='ocrx_word' id='word_1_137' title='bbox 245 1685 425 1722; x_wconf 83' lang='lat' dir='ltr'>amoribus</span> <span class='ocrx_word' id='word_1_138' title='bbox 448 1686 595 1722; x_wconf 79' lang='lat' dir='ltr'>inservit</span> <span class='ocrx_word' id='word_1_139' title='bbox 615 1687 724 1722; x_wconf 88' lang='lat' dir='ltr'>etiam</span> <span class='ocrx_word' id='word_1_140' title='bbox 748 1688 808 1732; x_wconf 87' lang='lat' dir='ltr'>II,</span> 
     </span>
     <span class='ocr_line' id='line_1_26' title="bbox 121 1737 808 1786; baseline 0.001 -13"><span class='ocrx_word' id='word_1_141' title='bbox 121 1738 187 1773; x_wconf 75' lang='lat'>835</span> <span class='ocrx_word' id='word_1_142' title='bbox 202 1751 277 1784; x_wconf 84' lang='lat' dir='ltr'>sqq.</span> <span class='ocrx_word' id='word_1_143' title='bbox 306 1737 363 1774; x_wconf 81' lang='lat' dir='ltr'>Cf.</span> <span class='ocrx_word' id='word_1_144' title='bbox 387 1752 470 1774; x_wconf 87' lang='lat' dir='ltr'>cum</span> <span class='ocrx_word' id='word_1_145' title='bbox 489 1740 566 1775; x_wconf 86' lang='lat' dir='ltr'>loco</span> <span class='ocrx_word' id='word_1_146' title='bbox 581 1753 631 1786; x_wconf 89' lang='lat' dir='ltr'>sq.</span> <span class='ocrx_word' id='word_1_147' title='bbox 657 1741 808 1775; x_wconf 81' lang='lat' dir='ltr'>Homer.</span> 
     </span>
     <span class='ocr_line' id='line_1_27' title="bbox 121 1790 808 1840; baseline 0 -13"><span class='ocrx_word' id='word_1_148' title='bbox 121 1790 194 1827; x_wconf 83' lang='lat' dir='ltr'>Od.</span> <span class='ocrx_word' id='word_1_149' title='bbox 210 1799 236 1827; x_wconf 86' lang='lat' dir='ltr'>E</span> <span class='ocrx_word' id='word_1_150' title='bbox 249 1818 260 1836; x_wconf 86' lang='lat'>‚</span> <span class='ocrx_word' id='word_1_151' title='bbox 277 1793 320 1836; x_wconf 76' lang='lat'>43</span> <span class='ocrx_word' id='word_1_152' title='bbox 334 1806 431 1838; x_wconf 79' lang='lat' dir='ltr'>sqq.;</span> <span class='ocrx_word' id='word_1_153' title='bbox 450 1793 574 1840; x_wconf 75' lang='lat' dir='ltr'>virgil.</span> <span class='ocrx_word' id='word_1_154' title='bbox 584 1794 728 1829; x_wconf 83' lang='lat' dir='ltr'>AEneid.</span> <span class='ocrx_word' id='word_1_155' title='bbox 741 1795 808 1839; x_wconf 89' lang='lat' dir='ltr'>IV,</span> 
     </span>
     <span class='ocr_line' id='line_1_28' title="bbox 122 1842 760 1891; baseline 0.006 -12"><span class='ocrx_word' id='word_1_156' title='bbox 122 1846 295 1891; x_wconf 77' lang='lat' dir='ltr'>238sqq.;</span> <span class='ocrx_word' id='word_1_157' title='bbox 314 1842 466 1891; x_wconf 76' lang='lat' dir='ltr'>Statius,</span> <span class='ocrx_word' id='word_1_158' title='bbox 488 1847 601 1884; x_wconf 87' lang='lat' dir='ltr'>Theb.</span> <span class='ocrx_word' id='word_1_159' title='bbox 623 1849 660 1891; x_wconf 68' lang='lat'>13</span> <span class='ocrx_word' id='word_1_160' title='bbox 683 1849 760 1883; x_wconf 82' lang='lat'>303.</span> 
     </span>
     <span class='ocr_line' id='line_1_29' title="bbox 117 1897 808 1944; baseline 0.004 -12"><span class='ocrx_word' id='word_1_161' title='bbox 117 1900 119 1903; x_wconf 79' lang='grc'><strong>’</strong></span> <span class='ocrx_word' id='word_1_162' title='bbox 165 1897 242 1943; x_wconf 86' lang='grc'><strong>670.</strong></span> <span class='ocrx_word' id='word_1_163' title='bbox 258 1900 387 1940; x_wconf 81' lang='lat' dir='ltr'>Pleias,</span> <span class='ocrx_word' id='word_1_164' title='bbox 406 1900 523 1941; x_wconf 83' lang='lat' dir='ltr'>Maia,</span> <span class='ocrx_word' id='word_1_165' title='bbox 543 1901 699 1935; x_wconf 81' lang='lat' dir='ltr'>Atlantis</span> <span class='ocrx_word' id='word_1_166' title='bbox 714 1900 783 1935; x_wconf 81' lang='lat' dir='ltr'>filia</span> <span class='ocrx_word' id='word_1_167' title='bbox 798 1926 808 1944; x_wconf 91' lang='lat'>,</span> 
     </span>
     <span class='ocr_line' id='line_1_30' title="bbox 120 1952 811 2000; baseline 0.003 -14"><span class='ocrx_word' id='word_1_168' title='bbox 120 1963 193 1986; x_wconf 88' lang='lat' dir='ltr'>uua</span> <span class='ocrx_word' id='word_1_169' title='bbox 203 1965 245 1987; x_wconf 83' lang='lat' dir='ltr'>ex</span> <span class='ocrx_word' id='word_1_170' title='bbox 261 1952 473 1996; x_wconf 79' lang='lat' dir='ltr'>Pleiadibus,</span> <span class='ocrx_word' id='word_1_171' title='bbox 487 1967 565 2000; x_wconf 77' lang='lat' dir='ltr'>quae</span> <span class='ocrx_word' id='word_1_172' title='bbox 576 1962 659 1989; x_wconf 89' lang='lat' dir='ltr'>sunt</span> <span class='ocrx_word' id='word_1_173' title='bbox 673 1962 811 1999; x_wconf 73' lang='lat' dir='ltr'>septem</span> 
     </span>
     <span class='ocr_line' id='line_1_31' title="bbox 121 2003 812 2051; baseline 0.001 -13"><span class='ocrx_word' id='word_1_174' title='bbox 121 2003 227 2039; x_wconf 82' lang='lat' dir='ltr'>stellae</span> <span class='ocrx_word' id='word_1_175' title='bbox 237 2005 273 2049; x_wconf 81' lang='lat' dir='ltr'>&#39;m</span> <span class='ocrx_word' id='word_1_176' title='bbox 283 2004 388 2040; x_wconf 88' lang='lat' dir='ltr'>dorso</span> <span class='ocrx_word' id='word_1_177' title='bbox 398 2007 489 2041; x_wconf 87' lang='lat' dir='ltr'>tauri</span> <span class='ocrx_word' id='word_1_178' title='bbox 502 2021 511 2048; x_wconf 89' lang='lat'>;</span> <span class='ocrx_word' id='word_1_179' title='bbox 529 2009 663 2046; x_wconf 58' lang='lat' dir='ltr'>lucida,</span> <span class='ocrx_word' id='word_1_180' title='bbox 682 2006 812 2051; x_wconf 88' lang='lat' dir='ltr'>quippe</span> 
     </span>
     <span class='ocr_line' id='line_1_32' title="bbox 122 2054 812 2103; baseline 0.004 -14"><span class='ocrx_word' id='word_1_181' title='bbox 122 2054 227 2090; x_wconf 76' lang='lat' dir='ltr'>sidus.</span> <span class='ocrx_word' id='word_1_182' title='bbox 243 2075 289 2084; x_wconf 88' lang='lat'>-</span> <span class='ocrx_word' id='word_1_183' title='bbox 305 2058 461 2103; x_wconf 81' lang='lat' dir='ltr'>Leloque.</span> <span class='ocrx_word' id='word_1_184' title='bbox 482 2058 591 2093; x_wconf 90' lang='lat' dir='ltr'>Unde</span> <span class='ocrx_word' id='word_1_185' title='bbox 611 2071 747 2093; x_wconf 87' lang='lat' dir='ltr'>nomen</span> <span class='ocrx_word' id='word_1_186' title='bbox 763 2058 812 2092; x_wconf 90' lang='lat' dir='ltr'>illi</span> 
     </span>
     <span class='ocr_line' id='line_1_33' title="bbox 123 2099 717 2157; baseline 0.002 -13"><span class='ocrx_word' id='word_1_187' title='bbox 123 2099 342 2157; x_wconf 61' lang='grc' dir='ltr'>Ᾰργειςεᾶντης.</span> <span class='ocrx_word' id='word_1_188' title='bbox 715 2105 717 2108; x_wconf 33' lang='lat'><strong>⁴</strong></span> 
     </span>
    </p>

    <p class='ocr_par' dir='ltr' id='par_1_13' title="bbox 122 2160 814 2840">
     <span class='ocr_line' id='line_1_34' title="bbox 166 2160 811 2206; baseline 0.006 -12"><span class='ocrx_word' id='word_1_189' title='bbox 166 2160 242 2205; x_wconf 79' lang='lat'>671.</span> <span class='ocrx_word' id='word_1_190' title='bbox 264 2163 377 2197; x_wconf 66' lang='lat' dir='ltr'>Parva</span> <span class='ocrx_word' id='word_1_191' title='bbox 395 2174 489 2196; x_wconf 82' lang='lat' dir='ltr'>mora</span> <span class='ocrx_word' id='word_1_192' title='bbox 503 2166 557 2196; x_wconf 82' lang='lat' dir='ltr'>est</span> <span class='ocrx_word' id='word_1_193' title='bbox 571 2175 581 2196; x_wconf 77' lang='lat' dir='ltr'>t</span> <span class='ocrx_word' id='word_1_194' title='bbox 602 2163 785 2198; x_wconf 86' lang='lat' dir='ltr'>Homerus</span> <span class='ocrx_word' id='word_1_195' title='bbox 800 2189 811 2206; x_wconf 90' lang='lat'>‚</span> 
     </span>
     <span class='ocr_line' id='line_1_35' title="bbox 125 2213 813 2259; baseline 0.006 -11"><span class='ocrx_word' id='word_1_196' title='bbox 125 2213 190 2250; x_wconf 71' lang='grc' dir='ltr'>οὐδ’</span> <span class='ocrx_word' id='word_1_197' title='bbox 203 2214 331 2255; x_wconf 68' lang='grc' dir='ltr'>ἀπίθησε</span> <span class='ocrx_word' id='word_1_198' title='bbox 348 2227 356 2250; x_wconf 88' lang='lat'>:</span> <span class='ocrx_word' id='word_1_199' title='bbox 368 2228 479 2259; x_wconf 73' lang='lat' dir='ltr'>parva</span> <span class='ocrx_word' id='word_1_200' title='bbox 490 2243 499 2257; x_wconf 84' lang='lat'><strong>,</strong></span> <span class='ocrx_word' id='word_1_201' title='bbox 518 2215 540 2250; x_wconf 88' lang='lat' dir='ltr'>i.</span> <span class='ocrx_word' id='word_1_202' title='bbox 557 2229 588 2250; x_wconf 89' lang='lat' dir='ltr'>e.</span> <span class='ocrx_word' id='word_1_203' title='bbox 603 2216 728 2251; x_wconf 85' lang='lat' dir='ltr'>brevis.</span> <span class='ocrx_word' id='word_1_204' title='bbox 745 2217 813 2252; x_wconf 88' lang='lat' dir='ltr'>Lu-</span> 
     </span>
     <span class='ocr_line' id='line_1_36' title="bbox 122 2267 812 2312; baseline 0.006 -11"><span class='ocrx_word' id='word_1_205' title='bbox 122 2280 198 2302; x_wconf 87' lang='lat' dir='ltr'>can.</span> <span class='ocrx_word' id='word_1_206' title='bbox 206 2267 276 2311; x_wconf 86' lang='lat' dir='ltr'>-1V,</span> <span class='ocrx_word' id='word_1_207' title='bbox 288 2268 362 2312; x_wconf 74' lang='grc'><strong>476,</strong></span> <span class='ocrx_word' id='word_1_208' title='bbox 369 2282 478 2312; x_wconf 75' lang='grc' dir='ltr'><em>ραι-να</em></span> <span class='ocrx_word' id='word_1_209' title='bbox 487 2270 713 2304; x_wconf 63' lang='grc' dir='ltr'>ηοι.-Λ1α.σ.</span> <span class='ocrx_word' id='word_1_210' title='bbox 722 2270 812 2306; x_wconf 83' lang='lat' dir='ltr'>Inde</span> 
     </span>
     <span class='ocr_line' id='line_1_37' title="bbox 124 2319 812 2367; baseline 0.006 -13"><span class='ocrx_word' id='word_1_211' title='bbox 124 2319 253 2354; x_wconf 86' lang='lat' dir='ltr'>dicitur</span> <span class='ocrx_word' id='word_1_212' title='bbox 270 2322 375 2362; x_wconf 79' lang='lat' dir='ltr'>ales..</span> <span class='ocrx_word' id='word_1_213' title='bbox 387 2321 512 2357; x_wconf 81' lang='lat' dir='ltr'>Horat.</span> <span class='ocrx_word' id='word_1_214' title='bbox 530 2323 545 2357; x_wconf 93' lang='lat' dir='ltr'>l</span> <span class='ocrx_word' id='word_1_215' title='bbox 560 2349 568 2365; x_wconf 92' lang='lat'>,</span> <span class='ocrx_word' id='word_1_216' title='bbox 588 2322 660 2358; x_wconf 82' lang='lat' dir='ltr'>Od.</span> <span class='ocrx_word' id='word_1_217' title='bbox 677 2333 706 2356; x_wconf 85' lang='lat' dir='ltr'>n</span> <span class='ocrx_word' id='word_1_218' title='bbox 719 2350 728 2365; x_wconf 93' lang='lat'>,</span> <span class='ocrx_word' id='word_1_219' title='bbox 746 2324 788 2367; x_wconf 77' lang='grc'>43</span> <span class='ocrx_word' id='word_1_220' title='bbox 801 2349 812 2367; x_wconf 85' lang='grc'><em>,</em></span> 
     </span>
     <span class='ocr_line' id='line_1_38' title="bbox 123 2373 812 2420; baseline 0.003 -12"><span class='ocrx_word' id='word_1_221' title='bbox 123 2380 161 2408; x_wconf 90' lang='lat' dir='ltr'>et</span> <span class='ocrx_word' id='word_1_222' title='bbox 174 2376 285 2417; x_wconf 76' lang='lat' dir='ltr'>alipes</span> <span class='ocrx_word' id='word_1_223' title='bbox 304 2373 396 2409; x_wconf 82' lang='lat' dir='ltr'>infra</span> <span class='ocrx_word' id='word_1_224' title='bbox 415 2374 490 2418; x_wconf 92' lang='lat' dir='ltr'>IV,</span> <span class='ocrx_word' id='word_1_225' title='bbox 511 2376 586 2420; x_wconf 79' lang='lat'>576.</span> <span class='ocrx_word' id='word_1_226' title='bbox 606 2376 686 2410; x_wconf 81' lang='lat' dir='ltr'>Aloe</span> <span class='ocrx_word' id='word_1_227' title='bbox 703 2377 812 2411; x_wconf 87' lang='lat' dir='ltr'>Mer-</span> 
     </span>
     <span class='ocr_line' id='line_1_39' title="bbox 123 2424 814 2470; baseline 0.004 -10"><span class='ocrx_word' id='word_1_228' title='bbox 123 2424 213 2460; x_wconf 83' lang='lat' dir='ltr'>curii</span> <span class='ocrx_word' id='word_1_229' title='bbox 238 2424 405 2460; x_wconf 79' lang='lat' dir='ltr'>dicuntur</span> <span class='ocrx_word' id='word_1_230' title='bbox 432 2429 559 2461; x_wconf 79' lang='lat' dir='ltr'>talaria</span> <span class='ocrx_word' id='word_1_231' title='bbox 575 2454 582 2467; x_wconf 88' lang='lat'><em>,</em></span> <span class='ocrx_word' id='word_1_232' title='bbox 619 2432 728 2463; x_wconf 69' lang='grc' dir='ltr'>πεδιλα</span> <span class='ocrx_word' id='word_1_233' title='bbox 740 2454 749 2470; x_wconf 90' lang='grc'><em>,</em></span> <span class='ocrx_word' id='word_1_234' title='bbox 778 2434 814 2462; x_wconf 87' lang='lat' dir='ltr'>et</span> 
     </span>
     <span class='ocr_line' id='line_1_40' title="bbox 125 2477 814 2527; baseline 0.003 -14"><span class='ocrx_word' id='word_1_235' title='bbox 125 2484 226 2513; x_wconf 83' lang='lat' dir='ltr'>erant</span> <span class='ocrx_word' id='word_1_236' title='bbox 237 2490 365 2519; x_wconf 76' lang='lat' dir='ltr'>aureae,</span> <span class='ocrx_word' id='word_1_237' title='bbox 380 2477 502 2524; x_wconf 81' lang='lat' dir='ltr'>virgil.</span> <span class='ocrx_word' id='word_1_238' title='bbox 517 2479 551 2513; x_wconf 87' lang='lat' dir='ltr'>d.</span> <span class='ocrx_word' id='word_1_239' title='bbox 563 2479 584 2514; x_wconf 87' lang='lat' dir='ltr'>l.</span> <span class='ocrx_word' id='word_1_240' title='bbox 598 2480 671 2527; x_wconf 78' lang='lat'>239.</span> <span class='ocrx_word' id='word_1_241' title='bbox 688 2479 760 2514; x_wconf 89' lang='lat' dir='ltr'>Sed</span> <span class='ocrx_word' id='word_1_242' title='bbox 775 2487 814 2515; x_wconf 89' lang='lat' dir='ltr'>et</span> 
     </span>
     <span class='ocr_line' id='line_1_41' title="bbox 123 2529 811 2576; baseline 0.007 -13"><span class='ocrx_word' id='word_1_243' title='bbox 123 2529 235 2575; x_wconf 73' lang='lat' dir='ltr'>capite</span> <span class='ocrx_word' id='word_1_244' title='bbox 256 2529 324 2564; x_wconf 85' lang='lat' dir='ltr'>alas</span> <span class='ocrx_word' id='word_1_245' title='bbox 345 2530 456 2575; x_wconf 82' lang='lat' dir='ltr'>gerit,</span> <span class='ocrx_word' id='word_1_246' title='bbox 483 2537 520 2566; x_wconf 85' lang='lat' dir='ltr'>et</span> <span class='ocrx_word' id='word_1_247' title='bbox 540 2545 631 2567; x_wconf 84' lang='lat' dir='ltr'>nunc</span> <span class='ocrx_word' id='word_1_248' title='bbox 646 2535 811 2576; x_wconf 76' lang='lat' dir='ltr'>pedibus,</span> 
     </span>
     <span class='ocr_line' id='line_1_42' title="bbox 122 2581 812 2626; baseline 0.004 -10"><span class='ocrx_word' id='word_1_249' title='bbox 122 2595 212 2616; x_wconf 84' lang='lat' dir='ltr'>nunc</span> <span class='ocrx_word' id='word_1_250' title='bbox 211 2581 332 2626; x_wconf 75' lang='lat' dir='ltr'>fronte</span> <span class='ocrx_word' id='word_1_251' title='bbox 345 2586 448 2623; x_wconf 75' lang='lat' dir='ltr'>volat,</span> <span class='ocrx_word' id='word_1_252' title='bbox 469 2583 592 2618; x_wconf 90' lang='lat' dir='ltr'>Sidon.</span> <span class='ocrx_word' id='word_1_253' title='bbox 609 2583 729 2619; x_wconf 90' lang='lat' dir='ltr'>Carm.</span> <span class='ocrx_word' id='word_1_254' title='bbox 745 2596 812 2619; x_wconf 84' lang='lat' dir='ltr'>vn.</span> 
     </span>
     <span class='ocr_line' id='line_1_43' title="bbox 130 2634 813 2680; baseline 0.003 -10"><span class='ocrx_word' id='word_1_255' title='bbox 130 2637 252 2679; x_wconf 74' lang='lat' dir='ltr'>Virga.</span> <span class='ocrx_word' id='word_1_256' title='bbox 276 2634 449 2671; x_wconf 62' lang='lat' dir='ltr'>cadurcus</span> <span class='ocrx_word' id='word_1_257' title='bbox 464 2636 657 2680; x_wconf 80' lang='lat' dir='ltr'>Mercurii,</span> <span class='ocrx_word' id='word_1_258' title='bbox 676 2637 813 2673; x_wconf 87' lang='lat' dir='ltr'>duobus</span> 
     </span>
     <span class='ocr_line' id='line_1_44' title="bbox 123 2684 812 2735; baseline 0.004 -14"><span class='ocrx_word' id='word_1_259' title='bbox 123 2687 344 2733; x_wconf 74' lang='lat' dir='ltr'>serpentibus</span> <span class='ocrx_word' id='word_1_260' title='bbox 373 2684 652 2734; x_wconf 79' lang='lat' dir='ltr'>circumplicatus</span> <span class='ocrx_word' id='word_1_261' title='bbox 663 2716 672 2730; x_wconf 85' lang='lat'><strong><em>‚</em></strong></span> <span class='ocrx_word' id='word_1_262' title='bbox 705 2703 812 2735; x_wconf 89' lang='lat' dir='ltr'>quem</span> 
     </span>
     <span class='ocr_line' id='line_1_45' title="bbox 124 2739 813 2787; baseline 0.006 -14"><span class='ocrx_word' id='word_1_263' title='bbox 124 2739 232 2784; x_wconf 80' lang='lat' dir='ltr'>cipro</span> <span class='ocrx_word' id='word_1_264' title='bbox 248 2739 323 2787; x_wconf 78' lang='lat' dir='ltr'>lyra</span> <span class='ocrx_word' id='word_1_265' title='bbox 337 2740 485 2775; x_wconf 86' lang='lat' dir='ltr'>dederat</span> <span class='ocrx_word' id='word_1_266' title='bbox 500 2741 627 2787; x_wconf 87' lang='lat' dir='ltr'>Apollo</span> <span class='ocrx_word' id='word_1_267' title='bbox 641 2755 649 2776; x_wconf 73' lang='grc' dir='ltr'>ε</span> <span class='ocrx_word' id='word_1_268' title='bbox 663 2743 813 2777; x_wconf 88' lang='lat' dir='ltr'>Homer.</span> 
     </span>
     <span class='ocr_line' id='line_1_46' title="bbox 125 2791 812 2840; baseline 0.007 -14"><span class='ocrx_word' id='word_1_269' title='bbox 125 2791 159 2827; x_wconf 83' lang='lat' dir='ltr'>b.</span> <span class='ocrx_word' id='word_1_270' title='bbox 188 2792 300 2829; x_wconf 90' lang='lat' dir='ltr'>Merc.</span> <span class='ocrx_word' id='word_1_271' title='bbox 324 2794 400 2830; x_wconf 79' lang='lat'>526.</span> <span class='ocrx_word' id='word_1_272' title='bbox 442 2795 530 2830; x_wconf 87' lang='lat' dir='ltr'>Erat</span> <span class='ocrx_word' id='word_1_273' title='bbox 561 2808 688 2840; x_wconf 81' lang='lat' dir='ltr'>aurea,</span> <span class='ocrx_word' id='word_1_274' title='bbox 718 2795 812 2831; x_wconf 90' lang='lat' dir='ltr'>unde</span> 
     </span>
    </p>
   </div>
   <div class='ocr_carea' id='block_1_11' title="bbox 874 1109 1570 2842">
    <p class='ocr_par' dir='ltr' id='par_1_14' title="bbox 874 1109 1570 2146">
     <span class='ocr_line' id='line_1_47' title="bbox 878 1109 1570 1160; baseline 0.006 -17"><span class='ocrx_word' id='word_1_275' title='bbox 878 1109 1079 1144; x_wconf 85' lang='lat' dir='ltr'>Mercurius</span> <span class='ocrx_word' id='word_1_276' title='bbox 1091 1112 1293 1160; x_wconf 66' lang='grc' dir='ltr'>χρυσὸῤῥαπις</span> <span class='ocrx_word' id='word_1_277' title='bbox 1305 1122 1313 1144; x_wconf 89' lang='lat'>:</span> <span class='ocrx_word' id='word_1_278' title='bbox 1323 1110 1434 1144; x_wconf 88' lang='lat' dir='ltr'>Hom.</span> <span class='ocrx_word' id='word_1_279' title='bbox 1448 1109 1517 1146; x_wconf 87' lang='lat' dir='ltr'>Od.</span> <span class='ocrx_word' id='word_1_280' title='bbox 1527 1118 1570 1154; x_wconf 88' lang='lat' dir='ltr'>K,</span> 
     </span>
     <span class='ocr_line' id='line_1_48' title="bbox 878 1162 1568 1210; baseline 0.003 -14"><span class='ocrx_word' id='word_1_281' title='bbox 878 1175 951 1207; x_wconf 87' lang='lat'>277.</span> <span class='ocrx_word' id='word_1_282' title='bbox 997 1162 1084 1197; x_wconf 90' lang='lat' dir='ltr'>Erat</span> <span class='ocrx_word' id='word_1_283' title='bbox 1122 1162 1264 1208; x_wconf 89' lang='lat' dir='ltr'>proprie</span> <span class='ocrx_word' id='word_1_284' title='bbox 1301 1162 1394 1208; x_wconf 83' lang='lat' dir='ltr'>pacis</span> <span class='ocrx_word' id='word_1_285' title='bbox 1431 1162 1568 1210; x_wconf 86' lang='lat' dir='ltr'>insigne</span> 
     </span>
     <span class='ocr_line' id='line_1_49' title="bbox 878 1212 1570 1263; baseline 0.003 -15"><span class='ocrx_word' id='word_1_286' title='bbox 878 1212 1016 1263; x_wconf 61' lang='grc' dir='ltr'>(εἰρήνης</span> <span class='ocrx_word' id='word_1_287' title='bbox 1040 1216 1143 1258; x_wconf 64' lang='grc' dir='ltr'>ὄτλον,</span> <span class='ocrx_word' id='word_1_288' title='bbox 1165 1214 1280 1260; x_wconf 86' lang='lat' dir='ltr'>Orph.</span> <span class='ocrx_word' id='word_1_289' title='bbox 1296 1215 1330 1249; x_wconf 83' lang='lat' dir='ltr'>h.</span> <span class='ocrx_word' id='word_1_290' title='bbox 1355 1227 1461 1250; x_wconf 84' lang='lat' dir='ltr'>xxvn</span> <span class='ocrx_word' id='word_1_291' title='bbox 1472 1242 1482 1259; x_wconf 92' lang='lat'>,</span> <span class='ocrx_word' id='word_1_292' title='bbox 1512 1216 1570 1260; x_wconf 86' lang='lat'>7),</span> 
     </span>
     <span class='ocr_line' id='line_1_50' title="bbox 878 1266 1568 1312; baseline 0.003 -12"><span class='ocrx_word' id='word_1_293' title='bbox 878 1266 938 1301; x_wconf 82' lang='lat' dir='ltr'>sed</span> <span class='ocrx_word' id='word_1_294' title='bbox 948 1266 1073 1302; x_wconf 83' lang='lat' dir='ltr'>eadem</span> <span class='ocrx_word' id='word_1_295' title='bbox 1085 1278 1198 1312; x_wconf 87' lang='lat' dir='ltr'>quum</span> <span class='ocrx_word' id='word_1_296' title='bbox 1210 1267 1321 1302; x_wconf 87' lang='lat' dir='ltr'>multa</span> <span class='ocrx_word' id='word_1_297' title='bbox 1333 1267 1397 1302; x_wconf 87' lang='lat' dir='ltr'>alia</span> <span class='ocrx_word' id='word_1_298' title='bbox 1407 1267 1548 1302; x_wconf 82' lang='lat' dir='ltr'>efficere</span> <span class='ocrx_word' id='word_1_299' title='bbox 1559 1295 1568 1308; x_wconf 89' lang='lat'><strong><em>‚</em></strong></span> 
     </span>
     <span class='ocr_line' id='line_1_51' title="bbox 878 1320 1568 1365; baseline 0 -12"><span class='ocrx_word' id='word_1_300' title='bbox 878 1326 957 1353; x_wconf 89' lang='lat' dir='ltr'>tum</span> <span class='ocrx_word' id='word_1_301' title='bbox 966 1332 1116 1354; x_wconf 80' lang='lat' dir='ltr'>somnum</span> <span class='ocrx_word' id='word_1_302' title='bbox 1126 1320 1274 1355; x_wconf 78' lang='lat' dir='ltr'>excitare</span> <span class='ocrx_word' id='word_1_303' title='bbox 1286 1326 1444 1365; x_wconf 74' lang='lat' dir='ltr'>poterat:</span> <span class='ocrx_word' id='word_1_304' title='bbox 1457 1321 1568 1355; x_wconf 87' lang='lat' dir='ltr'>Hom.</span> 
     </span>
     <span class='ocr_line' id='line_1_52' title="bbox 878 1372 1565 1419; baseline 0.001 -12"><span class='ocrx_word' id='word_1_305' title='bbox 878 1372 917 1407; x_wconf 92' lang='lat' dir='ltr'>Il.</span> <span class='ocrx_word' id='word_1_306' title='bbox 929 1378 956 1409; x_wconf 81' lang='lat' dir='ltr'>A</span> <span class='ocrx_word' id='word_1_307' title='bbox 967 1400 976 1414; x_wconf 73' lang='lat'><em>‚</em></span> <span class='ocrx_word' id='word_1_308' title='bbox 994 1373 1059 1416; x_wconf 78' lang='lat'>334</span> <span class='ocrx_word' id='word_1_309' title='bbox 1073 1388 1081 1414; x_wconf 87' lang='lat'>;</span> <span class='ocrx_word' id='word_1_310' title='bbox 1097 1373 1221 1419; x_wconf 79' lang='lat' dir='ltr'>Virgil.</span> <span class='ocrx_word' id='word_1_311' title='bbox 1235 1372 1378 1407; x_wconf 89' lang='lat' dir='ltr'>AEneid.</span> <span class='ocrx_word' id='word_1_312' title='bbox 1393 1373 1459 1416; x_wconf 86' lang='lat' dir='ltr'>IV,</span> <span class='ocrx_word' id='word_1_313' title='bbox 1479 1375 1545 1418; x_wconf 75' lang='lat'>240</span> <span class='ocrx_word' id='word_1_314' title='bbox 1557 1401 1565 1415; x_wconf 93' lang='lat'><strong><em>‚</em></strong></span> 
     </span>
     <span class='ocr_line' id='line_1_53' title="bbox 877 1424 1569 1472; baseline 0.003 -14"><span class='ocrx_word' id='word_1_315' title='bbox 877 1424 936 1459; x_wconf 88' lang='lat' dir='ltr'>ubi</span> <span class='ocrx_word' id='word_1_316' title='bbox 953 1424 1049 1463; x_wconf 84' lang='lat' dir='ltr'>locus</span> <span class='ocrx_word' id='word_1_317' title='bbox 1064 1425 1191 1460; x_wconf 87' lang='lat' dir='ltr'>classic.</span> <span class='ocrx_word' id='word_1_318' title='bbox 1211 1424 1254 1459; x_wconf 90' lang='lat' dir='ltr'>de</span> <span class='ocrx_word' id='word_1_319' title='bbox 1273 1425 1459 1459; x_wconf 87' lang='lat' dir='ltr'>Mercurio</span> <span class='ocrx_word' id='word_1_320' title='bbox 1475 1425 1569 1472; x_wconf 79' lang='lat' dir='ltr'>ejus-</span> 
     </span>
     <span class='ocr_line' id='line_1_54' title="bbox 877 1478 1569 1524; baseline 0 -12"><span class='ocrx_word' id='word_1_321' title='bbox 877 1490 944 1522; x_wconf 89' lang='lat' dir='ltr'>que</span> <span class='ocrx_word' id='word_1_322' title='bbox 966 1478 1072 1524; x_wconf 86' lang='lat' dir='ltr'>virga.</span> <span class='ocrx_word' id='word_1_323' title='bbox 1101 1478 1198 1512; x_wconf 87' lang='lat' dir='ltr'>Hinc</span> <span class='ocrx_word' id='word_1_324' title='bbox 1220 1485 1367 1512; x_wconf 83' lang='lat' dir='ltr'>vocatur</span> <span class='ocrx_word' id='word_1_325' title='bbox 1382 1478 1569 1523; x_wconf 73' lang='lat' dir='ltr'>somm‘ftra</span> 
     </span>
     <span class='ocr_line' id='line_1_55' title="bbox 876 1529 1567 1578; baseline -0.001 -12"><span class='ocrx_word' id='word_1_326' title='bbox 876 1530 1062 1577; x_wconf 58' lang='lat' dir='ltr'>(amram</span> <span class='ocrx_word' id='word_1_327' title='bbox 1072 1543 1124 1576; x_wconf 89' lang='lat' dir='ltr'>ap.</span> <span class='ocrx_word' id='word_1_328' title='bbox 1141 1530 1256 1576; x_wconf 86' lang='lat' dir='ltr'>Orph.</span> <span class='ocrx_word' id='word_1_329' title='bbox 1272 1530 1396 1578; x_wconf 87' lang='lat' dir='ltr'>hymn.</span> <span class='ocrx_word' id='word_1_330' title='bbox 1418 1541 1491 1577; x_wconf 64' lang='lat' dir='ltr'><strong>LvJ,</strong></span> <span class='ocrx_word' id='word_1_331' title='bbox 1514 1529 1567 1576; x_wconf 84' lang='lat'>8),</span> 
     </span>
     <span class='ocr_line' id='line_1_56' title="bbox 876 1583 1570 1634; baseline -0.001 -16"><span class='ocrx_word' id='word_1_332' title='bbox 876 1590 912 1618; x_wconf 81' lang='lat' dir='ltr'>et</span> <span class='ocrx_word' id='word_1_333' title='bbox 942 1584 1099 1618; x_wconf 85' lang='lat' dir='ltr'>Mcrcur.</span> <span class='ocrx_word' id='word_1_334' title='bbox 1126 1583 1199 1629; x_wconf 86' lang='lat' dir='ltr'>ipse</span> <span class='ocrx_word' id='word_1_335' title='bbox 1232 1587 1352 1633; x_wconf 70' lang='grc' dir='ltr'><em>ἦγήτωρ</em></span> <span class='ocrx_word' id='word_1_336' title='bbox 1387 1585 1505 1634; x_wconf 67' lang='grc' dir='ltr'>ὄνείρων</span> <span class='ocrx_word' id='word_1_337' title='bbox 1533 1590 1570 1618; x_wconf 87' lang='lat' dir='ltr'>et</span> 
     </span>
     <span class='ocr_line' id='line_1_57' title="bbox 877 1635 1569 1687; baseline 0 -17"><span class='ocrx_word' id='word_1_338' title='bbox 877 1640 966 1671; x_wconf 78' lang='grc' dir='ltr'><strong><em>ὕπνου</em></strong></span> <span class='ocrx_word' id='word_1_339' title='bbox 977 1638 1146 1687; x_wconf 66' lang='grc' dir='ltr'><strong><em>προςάτης,</em></strong></span> <span class='ocrx_word' id='word_1_340' title='bbox 1157 1635 1289 1670; x_wconf 77' lang='lat' dir='ltr'>Athen.</span> <span class='ocrx_word' id='word_1_341' title='bbox 1301 1636 1358 1670; x_wconf 86' lang='lat' dir='ltr'>lib.</span> <span class='ocrx_word' id='word_1_342' title='bbox 1368 1636 1398 1679; x_wconf 89' lang='lat' dir='ltr'>I,</span> <span class='ocrx_word' id='word_1_343' title='bbox 1409 1649 1482 1681; x_wconf 84' lang='lat' dir='ltr'>cap.</span> <span class='ocrx_word' id='word_1_344' title='bbox 1492 1646 1569 1670; x_wconf 83' lang='lat' dir='ltr'>XIV.</span> 
     </span>
     <span class='ocr_line' id='line_1_58' title="bbox 877 1690 1567 1736; baseline -0.003 -11"><span class='ocrx_word' id='word_1_345' title='bbox 877 1690 983 1726; x_wconf 87' lang='lat' dir='ltr'>Hanc</span> <span class='ocrx_word' id='word_1_346' title='bbox 1005 1691 1141 1736; x_wconf 83' lang='lat' dir='ltr'>virgam</span> <span class='ocrx_word' id='word_1_347' title='bbox 1164 1690 1273 1725; x_wconf 89' lang='lat' dir='ltr'>sumit</span> <span class='ocrx_word' id='word_1_348' title='bbox 1282 1692 1419 1734; x_wconf 76' lang='lat' dir='ltr'>potenti</span> <span class='ocrx_word' id='word_1_349' title='bbox 1435 1703 1539 1723; x_wconf 85' lang='lat' dir='ltr'>marm</span> <span class='ocrx_word' id='word_1_350' title='bbox 1556 1702 1567 1723; x_wconf 86' lang='grc'>,’</span> 
     </span>
     <span class='ocr_line' id='line_1_59' title="bbox 877 1741 1567 1789; baseline 0 -14"><span class='ocrx_word' id='word_1_351' title='bbox 877 1741 954 1777; x_wconf 88' lang='lat' dir='ltr'>vide</span> <span class='ocrx_word' id='word_1_352' title='bbox 983 1741 1027 1776; x_wconf 89' lang='lat' dir='ltr'>ad</span> <span class='ocrx_word' id='word_1_353' title='bbox 1052 1755 1141 1777; x_wconf 87' lang='lat' dir='ltr'>vers.</span> <span class='ocrx_word' id='word_1_354' title='bbox 1177 1746 1241 1789; x_wconf 82' lang='lat'>595</span> <span class='ocrx_word' id='word_1_355' title='bbox 1256 1768 1265 1785; x_wconf 90' lang='lat'>,</span> <span class='ocrx_word' id='word_1_356' title='bbox 1297 1748 1334 1777; x_wconf 85' lang='lat' dir='ltr'>et</span> <span class='ocrx_word' id='word_1_357' title='bbox 1364 1741 1567 1776; x_wconf 87' lang='lat' dir='ltr'>Mercurius</span> 
     </span>
     <span class='ocr_line' id='line_1_60' title="bbox 874 1795 1566 1844; baseline -0.003 -15"><span class='ocrx_word' id='word_1_358' title='bbox 874 1807 1016 1841; x_wconf 83' lang='lat' dir='ltr'>semper</span> <span class='ocrx_word' id='word_1_359' title='bbox 1036 1802 1180 1842; x_wconf 83' lang='lat' dir='ltr'>apparet</span> <span class='ocrx_word' id='word_1_360' title='bbox 1204 1798 1323 1844; x_wconf 63' lang='grc' dir='ltr'><strong><em>κρατός.</em></strong></span> <span class='ocrx_word' id='word_1_361' title='bbox 1342 1813 1388 1821; x_wconf 87' lang='lat'><em>-</em></span> <span class='ocrx_word' id='word_1_362' title='bbox 1410 1795 1566 1838; x_wconf 75' lang='lat' dir='ltr'>Tegimen</span> 
     </span>
     <span class='ocr_line' id='line_1_61' title="bbox 874 1847 1568 1893; baseline -0.003 -12"><span class='ocrx_word' id='word_1_363' title='bbox 874 1847 985 1892; x_wconf 89' lang='lat' dir='ltr'>pileus</span> <span class='ocrx_word' id='word_1_364' title='bbox 999 1847 1109 1882; x_wconf 86' lang='lat' dir='ltr'>alatus</span> <span class='ocrx_word' id='word_1_365' title='bbox 1119 1873 1128 1891; x_wconf 94' lang='lat'>,</span> <span class='ocrx_word' id='word_1_366' title='bbox 1148 1847 1208 1893; x_wconf 88' lang='lat' dir='ltr'>qui</span> <span class='ocrx_word' id='word_1_367' title='bbox 1219 1852 1364 1890; x_wconf 78' lang='lat' dir='ltr'>petasus</span> <span class='ocrx_word' id='word_1_368' title='bbox 1383 1855 1419 1881; x_wconf 89' lang='lat' dir='ltr'>et</span> <span class='ocrx_word' id='word_1_369' title='bbox 1429 1848 1568 1890; x_wconf 75' lang='lat' dir='ltr'>galerus</span> 
     </span>
     <span class='ocr_line' id='line_1_62' title="bbox 876 1897 1563 1948; baseline -0.003 -14"><span class='ocrx_word' id='word_1_370' title='bbox 876 1899 1013 1934; x_wconf 85' lang='lat' dir='ltr'>dicitur.</span> <span class='ocrx_word' id='word_1_371' title='bbox 1041 1899 1270 1934; x_wconf 85' lang='lat' dir='ltr'>Sententiam</span> <span class='ocrx_word' id='word_1_372' title='bbox 1282 1925 1291 1942; x_wconf 94' lang='lat'>,</span> <span class='ocrx_word' id='word_1_373' title='bbox 1311 1898 1446 1944; x_wconf 86' lang='lat' dir='ltr'>paravit</span> <span class='ocrx_word' id='word_1_374' title='bbox 1462 1911 1499 1948; x_wconf 78' lang='lat' dir='ltr'>se</span> <span class='ocrx_word' id='word_1_375' title='bbox 1518 1897 1563 1932; x_wconf 85' lang='lat' dir='ltr'>ad</span> 
     </span>
     <span class='ocr_line' id='line_1_63' title="bbox 874 1950 1568 1995; baseline -0.004 -8"><span class='ocrx_word' id='word_1_376' title='bbox 874 1952 953 1992; x_wconf 87' lang='lat' dir='ltr'>iter,</span> <span class='ocrx_word' id='word_1_377' title='bbox 962 1953 1010 1987; x_wconf 89' lang='lat' dir='ltr'>ita</span> <span class='ocrx_word' id='word_1_378' title='bbox 1020 1953 1178 1987; x_wconf 88' lang='lat' dir='ltr'>elocutus</span> <span class='ocrx_word' id='word_1_379' title='bbox 1185 1959 1250 1995; x_wconf 87' lang='lat' dir='ltr'>est,</span> <span class='ocrx_word' id='word_1_380' title='bbox 1260 1959 1299 1986; x_wconf 87' lang='lat' dir='ltr'>ut</span> <span class='ocrx_word' id='word_1_381' title='bbox 1306 1963 1454 1986; x_wconf 81' lang='lat' dir='ltr'>omnem</span> <span class='ocrx_word' id='word_1_382' title='bbox 1462 1950 1568 1985; x_wconf 76' lang='lat' dir='ltr'>Mer-</span> 
     </span>
     <span class='ocr_line' id='line_1_64' title="bbox 875 2004 1566 2047; baseline -0.001 -9"><span class='ocrx_word' id='word_1_383' title='bbox 875 2005 962 2038; x_wconf 88' lang='lat' dir='ltr'>curii</span> <span class='ocrx_word' id='word_1_384' title='bbox 974 2005 1133 2039; x_wconf 83' lang='lat' dir='ltr'>habitum</span> <span class='ocrx_word' id='word_1_385' title='bbox 1146 2004 1370 2040; x_wconf 86' lang='lat' dir='ltr'>describeret.</span> <span class='ocrx_word' id='word_1_386' title='bbox 1384 2023 1429 2030; x_wconf 91' lang='grc'>--</span> <span class='ocrx_word' id='word_1_387' title='bbox 1439 2005 1566 2047; x_wconf 77' lang='lat' dir='ltr'>Dispo-</span> 
     </span>
     <span class='ocr_line' id='line_1_65' title="bbox 874 2057 1566 2103; baseline -0.003 -11"><span class='ocrx_word' id='word_1_388' title='bbox 874 2062 959 2099; x_wconf 81' lang='lat' dir='ltr'>suit,</span> <span class='ocrx_word' id='word_1_389' title='bbox 980 2058 1223 2103; x_wconf 26' lang='lat' dir='ltr'>quodquevsuo</span> <span class='ocrx_word' id='word_1_390' title='bbox 1239 2057 1316 2093; x_wconf 91' lang='lat' dir='ltr'>loco</span> <span class='ocrx_word' id='word_1_391' title='bbox 1330 2057 1505 2103; x_wconf 88' lang='lat' dir='ltr'>applicuit.</span> <span class='ocrx_word' id='word_1_392' title='bbox 1520 2074 1566 2082; x_wconf 90' lang='lat'><em>-</em></span> 
     </span>
     <span class='ocr_line' id='line_1_66' title="bbox 875 2109 1428 2146; baseline 0 -2"><span class='ocrx_word' id='word_1_393' title='bbox 875 2112 996 2145; x_wconf 78' lang='lat' dir='ltr'>Patria</span> <span class='ocrx_word' id='word_1_394' title='bbox 1011 2113 1057 2145; x_wconf 86' lang='lat' dir='ltr'>ab</span> <span class='ocrx_word' id='word_1_395' title='bbox 1078 2123 1182 2146; x_wconf 85' lang='lat' dir='ltr'>arce:</span> <span class='ocrx_word' id='word_1_396' title='bbox 1202 2110 1272 2144; x_wconf 86' lang='lat' dir='ltr'>vid.</span> <span class='ocrx_word' id='word_1_397' title='bbox 1292 2109 1335 2144; x_wconf 90' lang='lat' dir='ltr'>ad</span> <span class='ocrx_word' id='word_1_398' title='bbox 1358 2110 1428 2144; x_wconf 82' lang='lat'>163.</span> 
     </span>
    </p>

    <p class='ocr_par' dir='ltr' id='par_1_15' title="bbox 875 2164 1570 2369">
     <span class='ocr_line' id='line_1_67' title="bbox 919 2164 1565 2211; baseline 0.002 -13"><span class='ocrx_word' id='word_1_399' title='bbox 919 2164 995 2210; x_wconf 83' lang='lat'>676.</span> <span class='ocrx_word' id='word_1_400' title='bbox 1019 2165 1108 2209; x_wconf 66' lang='lat' dir='ltr'>Agit</span> <span class='ocrx_word' id='word_1_401' title='bbox 1122 2171 1203 2200; x_wconf 84' lang='lat' dir='ltr'>ante</span> <span class='ocrx_word' id='word_1_402' title='bbox 1217 2178 1255 2199; x_wconf 91' lang='lat' dir='ltr'>se</span> <span class='ocrx_word' id='word_1_403' title='bbox 1266 2190 1276 2208; x_wconf 93' lang='lat'>,</span> <span class='ocrx_word' id='word_1_404' title='bbox 1296 2164 1394 2211; x_wconf 86' lang='lat' dir='ltr'>virga</span> <span class='ocrx_word' id='word_1_405' title='bbox 1412 2176 1476 2210; x_wconf 87' lang='lat' dir='ltr'>pro</span> <span class='ocrx_word' id='word_1_406' title='bbox 1493 2164 1565 2199; x_wconf 89' lang='lat' dir='ltr'>ba—</span> 
     </span>
     <span class='ocr_line' id='line_1_68' title="bbox 875 2217 1570 2264; baseline -0.001 -11"><span class='ocrx_word' id='word_1_407' title='bbox 875 2217 954 2253; x_wconf 73' lang='lat' dir='ltr'>culo</span> <span class='ocrx_word' id='word_1_408' title='bbox 966 2218 1132 2264; x_wconf 54' lang='lat' dir='ltr'>‘pastorali</span> <span class='ocrx_word' id='word_1_409' title='bbox 1142 2225 1247 2252; x_wconf 85' lang='lat' dir='ltr'>utens</span> <span class='ocrx_word' id='word_1_410' title='bbox 1257 2244 1267 2261; x_wconf 90' lang='lat'><em>‚</em></span> <span class='ocrx_word' id='word_1_411' title='bbox 1282 2220 1436 2262; x_wconf 78' lang='lat' dir='ltr'>capellas</span> <span class='ocrx_word' id='word_1_412' title='bbox 1447 2244 1456 2258; x_wconf 92' lang='lat'>‚</span> <span class='ocrx_word' id='word_1_413' title='bbox 1481 2230 1570 2262; x_wconf 85' lang='lat' dir='ltr'>quas</span> 
     </span>
     <span class='ocr_line' id='line_1_69' title="bbox 876 2271 1565 2317; baseline -0.001 -12"><span class='ocrx_word' id='word_1_414' title='bbox 876 2277 912 2305; x_wconf 91' lang='lat' dir='ltr'>et</span> <span class='ocrx_word' id='word_1_415' title='bbox 937 2271 1058 2306; x_wconf 77' lang='lat' dir='ltr'>vicinis</span> <span class='ocrx_word' id='word_1_416' title='bbox 1077 2271 1167 2317; x_wconf 87' lang='lat' dir='ltr'>agris</span> <span class='ocrx_word' id='word_1_417' title='bbox 1190 2273 1389 2306; x_wconf 75' lang='lat' dir='ltr'>abduxerat.</span> <span class='ocrx_word' id='word_1_418' title='bbox 1405 2289 1451 2296; x_wconf 91' lang='lat'>·-·</span> <span class='ocrx_word' id='word_1_419' title='bbox 1472 2272 1565 2305; x_wconf 87' lang='lat' dir='ltr'>Dum</span> 
     </span>
     <span class='ocr_line' id='line_1_70' title="bbox 875 2323 1365 2369; baseline 0.002 -12"><span class='ocrx_word' id='word_1_420' title='bbox 875 2326 982 2364; x_wconf 81' lang='lat' dir='ltr'>vem&#39;t,</span> <span class='ocrx_word' id='word_1_421' title='bbox 1003 2323 1137 2358; x_wconf 87' lang='lat' dir='ltr'>accedit</span> <span class='ocrx_word' id='word_1_422' title='bbox 1154 2323 1197 2358; x_wconf 90' lang='lat' dir='ltr'>ad</span> <span class='ocrx_word' id='word_1_423' title='bbox 1216 2323 1365 2369; x_wconf 86' lang='lat' dir='ltr'>Argum.</span> 
     </span>
    </p>

    <p class='ocr_par' dir='ltr' id='par_1_16' title="bbox 875 2374 1570 2842">
     <span class='ocr_line' id='line_1_71' title="bbox 919 2374 1568 2421; baseline 0 -11"><span class='ocrx_word' id='word_1_424' title='bbox 919 2376 995 2421; x_wconf 89' lang='grc'><strong>677.</strong></span> <span class='ocrx_word' id='word_1_425' title='bbox 1006 2376 1198 2411; x_wconf 80' lang='lat' dir='ltr'>Abductas.</span> <span class='ocrx_word' id='word_1_426' title='bbox 1210 2376 1320 2411; x_wconf 81' lang='lat' dir='ltr'>Recte</span> <span class='ocrx_word' id='word_1_427' title='bbox 1331 2374 1429 2410; x_wconf 87' lang='lat' dir='ltr'>dedit</span> <span class='ocrx_word' id='word_1_428' title='bbox 1441 2374 1568 2410; x_wconf 83' lang='lat' dir='ltr'>Heius.</span> 
     </span>
     <span class='ocr_line' id='line_1_72' title="bbox 876 2427 1567 2474; baseline -0.001 -11"><span class='ocrx_word' id='word_1_429' title='bbox 876 2427 923 2463; x_wconf 87' lang='lat' dir='ltr'>de</span> <span class='ocrx_word' id='word_1_430' title='bbox 939 2441 1003 2463; x_wconf 92' lang='lat' dir='ltr'>suo</span> <span class='ocrx_word' id='word_1_431' title='bbox 1020 2442 1085 2474; x_wconf 86' lang='lat' dir='ltr'>pro</span> <span class='ocrx_word' id='word_1_432' title='bbox 1102 2430 1282 2463; x_wconf 80' lang='lat' dir='ltr'>adductas.</span> <span class='ocrx_word' id='word_1_433' title='bbox 1300 2447 1345 2454; x_wconf 94' lang='lat'><em>-</em></span> <span class='ocrx_word' id='word_1_434' title='bbox 1362 2428 1414 2461; x_wconf 77' lang='lat' dir='ltr'>Ex</span> <span class='ocrx_word' id='word_1_435' title='bbox 1430 2428 1567 2472; x_wconf 76' lang='lat' dir='ltr'>conjec-</span> 
     </span>
     <span class='ocr_line' id='line_1_73' title="bbox 876 2479 1569 2517; baseline -0.003 -1"><span class='ocrx_word' id='word_1_436' title='bbox 876 2488 976 2516; x_wconf 89' lang='lat' dir='ltr'>tura:</span> <span class='ocrx_word' id='word_1_437' title='bbox 990 2494 1074 2516; x_wconf 90' lang='lat' dir='ltr'>nam</span> <span class='ocrx_word' id='word_1_438' title='bbox 1087 2481 1198 2517; x_wconf 82' lang='lat' dir='ltr'>nostri</span> <span class='ocrx_word' id='word_1_439' title='bbox 1219 2480 1336 2515; x_wconf 91' lang='lat' dir='ltr'>Codd.</span> <span class='ocrx_word' id='word_1_440' title='bbox 1352 2479 1484 2514; x_wconf 87' lang='lat' dir='ltr'>habent</span> <span class='ocrx_word' id='word_1_441' title='bbox 1497 2481 1569 2514; x_wconf 86' lang='lat' dir='ltr'>ad—</span> 
     </span>
     <span class='ocr_line' id='line_1_74' title="bbox 875 2532 1570 2577; baseline 0 -10"><span class='ocrx_word' id='word_1_442' title='bbox 875 2536 1006 2568; x_wconf 79' lang='lat' dir='ltr'>ductas.</span> <span class='ocrx_word' id='word_1_443' title='bbox 1018 2552 1063 2559; x_wconf 96' lang='lat'><strong>—</strong></span> <span class='ocrx_word' id='word_1_444' title='bbox 1072 2535 1212 2568; x_wconf 82' lang='lat' dir='ltr'>Slrucloe</span> <span class='ocrx_word' id='word_1_445' title='bbox 1226 2546 1350 2573; x_wconf 73' lang='lat' dir='ltr'>avene,</span> <span class='ocrx_word' id='word_1_446' title='bbox 1367 2532 1482 2567; x_wconf 82' lang='lat' dir='ltr'>fistula</span> <span class='ocrx_word' id='word_1_447' title='bbox 1492 2546 1570 2577; x_wconf 81' lang='lat' dir='ltr'>pas-</span> 
     </span>
     <span class='ocr_line' id='line_1_75' title="bbox 876 2580 1568 2631; baseline 0 -11"><span class='ocrx_word' id='word_1_448' title='bbox 876 2586 992 2620; x_wconf 88' lang='lat' dir='ltr'>toritia</span> <span class='ocrx_word' id='word_1_449' title='bbox 1002 2611 1011 2628; x_wconf 89' lang='lat'>‚</span> <span class='ocrx_word' id='word_1_450' title='bbox 1025 2598 1103 2631; x_wconf 87' lang='lat' dir='ltr'>quae</span> <span class='ocrx_word' id='word_1_451' title='bbox 1114 2586 1220 2620; x_wconf 82' lang='lat' dir='ltr'>etiarn</span> <span class='ocrx_word' id='word_1_452' title='bbox 1228 2587 1357 2620; x_wconf 83' lang='lat' dir='ltr'>arundo</span> <span class='ocrx_word' id='word_1_453' title='bbox 1369 2612 1378 2629; x_wconf 94' lang='lat'>,</span> <span class='ocrx_word' id='word_1_454' title='bbox 1390 2580 1545 2620; x_wconf 75' lang='lat' dir='ltr'>cala&#39;mus</span> <span class='ocrx_word' id='word_1_455' title='bbox 1557 2612 1568 2626; x_wconf 77' lang='lat'><strong><em>‚</em></strong></span> 
     </span>
     <span class='ocr_line' id='line_1_76' title="bbox 875 2637 1569 2683; baseline 0.003 -12"><span class='ocrx_word' id='word_1_456' title='bbox 875 2640 1002 2682; x_wconf 77' lang='lat' dir='ltr'>slt&#39;pula</span> <span class='ocrx_word' id='word_1_457' title='bbox 1019 2637 1085 2672; x_wconf 92' lang='lat' dir='ltr'>dici</span> <span class='ocrx_word' id='word_1_458' title='bbox 1102 2638 1205 2682; x_wconf 78' lang='lat' dir='ltr'>solet,</span> <span class='ocrx_word' id='word_1_459' title='bbox 1225 2637 1268 2672; x_wconf 91' lang='lat' dir='ltr'>de</span> <span class='ocrx_word' id='word_1_460' title='bbox 1282 2638 1382 2683; x_wconf 79' lang='lat' dir='ltr'>cujus</span> <span class='ocrx_word' id='word_1_461' title='bbox 1397 2642 1569 2673; x_wconf 79' lang='lat' dir='ltr'>structura</span> 
     </span>
     <span class='ocr_line' id='line_1_77' title="bbox 875 2689 1566 2736; baseline 0.003 -13"><span class='ocrx_word' id='word_1_462' title='bbox 875 2690 955 2725; x_wconf 88' lang='lat' dir='ltr'>vide</span> <span class='ocrx_word' id='word_1_463' title='bbox 966 2690 1010 2724; x_wconf 90' lang='lat' dir='ltr'>ad</span> <span class='ocrx_word' id='word_1_464' title='bbox 1020 2703 1109 2724; x_wconf 87' lang='lat' dir='ltr'>vers.</span> <span class='ocrx_word' id='word_1_465' title='bbox 1123 2704 1159 2735; x_wconf 91' lang='lat'>71</span> <span class='ocrx_word' id='word_1_466' title='bbox 1169 2705 1179 2725; x_wconf 87' lang='grc' dir='ltr'><strong>ι</strong></span> <span class='ocrx_word' id='word_1_467' title='bbox 1188 2716 1195 2724; x_wconf 93' lang='grc'><strong>.</strong></span> <span class='ocrx_word' id='word_1_468' title='bbox 1207 2689 1473 2736; x_wconf 85' lang='lat' dir='ltr'>ApudAEschyl.</span> <span class='ocrx_word' id='word_1_469' title='bbox 1488 2693 1566 2735; x_wconf 85' lang='lat'><strong>577,</strong></span> 
     </span>
     <span class='ocr_line' id='line_1_78' title="bbox 877 2742 1569 2788; baseline 0 -11"><span class='ocrx_word' id='word_1_470' title='bbox 877 2742 994 2788; x_wconf 85' lang='lat' dir='ltr'>Argus</span> <span class='ocrx_word' id='word_1_471' title='bbox 1015 2755 1156 2788; x_wconf 88' lang='lat' dir='ltr'>quoque</span> <span class='ocrx_word' id='word_1_472' title='bbox 1179 2742 1333 2778; x_wconf 86' lang='lat' dir='ltr'>fistulam</span> <span class='ocrx_word' id='word_1_473' title='bbox 1358 2742 1476 2777; x_wconf 86' lang='lat' dir='ltr'>habet.</span> <span class='ocrx_word' id='word_1_474' title='bbox 1495 2742 1569 2785; x_wconf 70' lang='lat' dir='ltr'>Sed</span> 
     </span>
     <span class='ocr_line' id='line_1_79' title="bbox 878 2794 1570 2842; baseline 0.001 -12"><span class='ocrx_word' id='word_1_475' title='bbox 878 2794 986 2831; x_wconf 86' lang='lat' dir='ltr'>Ovid.</span> <span class='ocrx_word' id='word_1_476' title='bbox 1008 2809 1085 2831; x_wconf 88' lang='lat' dir='ltr'>rem</span> <span class='ocrx_word' id='word_1_477' title='bbox 1104 2796 1153 2831; x_wconf 83' lang='lat' dir='ltr'>ita</span> <span class='ocrx_word' id='word_1_478' title='bbox 1176 2795 1301 2842; x_wconf 83' lang='lat' dir='ltr'>finxit,</span> <span class='ocrx_word' id='word_1_479' title='bbox 1319 2803 1359 2831; x_wconf 89' lang='lat' dir='ltr'>ut</span> <span class='ocrx_word' id='word_1_480' title='bbox 1377 2796 1481 2831; x_wconf 82' lang='lat' dir='ltr'>aliam</span> <span class='ocrx_word' id='word_1_481' title='bbox 1501 2797 1570 2831; x_wconf 64' lang='lat' dir='ltr'>sah„</span> 
     </span>
    </p>
   </div>
  </div>
 </body>
</html>
