1832 3100
306 248 390 292 388

667 249 718 292 P.
763 250 997 295 ov1D11
1043 240 1343 295 NASONIS

375 364 398 385 »
421 341 552 391 Haud
574 337 730 409 procul
754 344 957 393 Hennaeis
978 343 1096 393 lacus
1121 357 1186 393 est
1206 364 1229 393 a
1252 345 1471 394 moenibus
1493 344 1611 405 altae,
1640 359 1706 396 385

303 420 490 469 Nomine
514 421 680 483 Pergus
696 458 707 478 ‚
734 440 854 487 aquae
879 441 888 468 :
908 440 1000 468 non
1024 420 1102 468 illo
1126 421 1253 487 plura
1278 423 1484 488 Caystros
1551 423 1554 428 ’

304 496 507 545 Carmina
528 515 759 562 cycnorum
782 496 1032 545 labentibus
1055 497 1177 544 audit
1199 498 1246 545 in
1268 498 1412 546 undis.

304 573 421 622 Silva
443 585 620 622 coronat
643 593 775 640 aquas
789 611 800 631 ,
827 574 1003 635 cingens
1026 572 1141 621 latus
1160 593 1312 632 omne;
1338 575 1516 641 suisque

301 650 580 710 Frondilms,
604 662 655 699 ut
677 649 797 709 velo,
823 649 1044 698 Phoebeos
1068 649 1301 699 submovet
1319 651 1444 700 ictus.

297 787 347 816 tat
364 793 372 816 z
389 780 505 816 mallet
519 782 598 815 inde
612 793 671 815 cor
681 806 730 814 .....
743 781 847 814 Ditis.
868 778 970 824 Regii

299 834 408 868 nostri
419 834 549 868 habent
562 838 657 878 inque
671 846 738 867 cor.

342 887 415 920 385.
439 887 561 919 Henna
589 891 648 918 aut
670 886 771 918 Enna
781 911 789 924 ‚
823 884 904 919 urbs
930 884 967 918 in

298 936 412 971 media
429 937 542 971 Sicilia
560 936 641 976 sita,
666 942 767 980 atque
783 935 864 970 hinc
879 948 967 970 um-

297 989 416 1025 bilicus
432 988 551 1022 insulae
566 987 665 1022 dicta.
679 987 730 1022 Ibi
748 986 855 1022 Ceres
871 994 967 1022 tanta

296 1043 461 1088 religione
474 1041 662 1082 colebatur,
675 1047 714 1075 ut
728 1039 782 1074 illa
798 1040 878 1074 urbs
892 1052 965 1074 non

297 1092 378 1127 urbs
393 1119 402 1135 ,
425 1091 483 1126 sed
503 1092 624 1125 sanum
643 1089 781 1125 Cereris
793 1116 802 1133 ,
825 1102 966 1124 omnes-

297 1158 364 1190 que
378 1145 467 1180 cives
480 1143 673 1178 sacerdotes
686 1142 781 1177 istius
794 1141 879 1177 Deae
891 1154 964 1176 esse

296 1195 509 1231 viderentur.
529 1194 601 1230 Cic.
620 1195 722 1230 Verr.
736 1196 801 1238 IV,
820 1198 880 1242 49,
899 1196 962 1235 50;

296 1249 431 1291 Livius,
460 1247 582 1282 XXIV
595 1273 604 1291 ,
630 1248 681 1294 39.
702 1247 755 1281 Ex
776 1247 850 1291 ejus
873 1246 965 1280 urbis

295 1314 440 1337 nemore
459 1301 705 1346 Proserpinam
721 1313 792 1334 esse
809 1306 963 1344 raptam,

297 1354 525 1401 probatissimi
542 1360 696 1387 auctores
713 1353 880 1386 referunt.
897 1351 965 1385 Alii

295 1413 413 1440 tamen
426 1432 435 1448 ‚
449 1412 488 1439 ut
502 1404 643 1439 Pindar.
657 1405 757 1438 Nem.
771 1403 802 1438 A
812 1429 822 1447 ‚
835 1403 963 1450 Hygin.

292 1458 359 1493 sab.
383 1458 463 1501 146,
491 1456 670 1492 claudian.
688 1455 834 1490 AEtnam
855 1454 966 1489 nomi-

295 1516 382 1544 nant
407 1522 415 1543 z
440 1508 508 1542 vid.
535 1507 726 1542 Bruckhus.
746 1506 788 1540 ad
806 1507 964 1551 Propert.

298 1563 337 1605 I,
356 1572 401 1595 111
416 1587 425 1604 ,
455 1573 482 1594 1.
507 1560 599 1594 Sunt
615 1572 732 1594 rursus
750 1558 826 1601 alii,
854 1558 912 1602 qui
928 1558 963 1591 id

293 1615 332 1648 in
351 1612 465 1647 Attica
483 1617 541 1645 aut
556 1611 593 1644 in
610 1610 766 1644 Asiaticis
783 1609 883 1643 terris
901 1622 964 1643 ac-

292 1664 411 1699 cidisse
441 1662 574 1696 malint.
603 1660 778 1705 Campum
798 1660 963 1706 Nysaeum

293 1716 398 1751 habet
413 1715 561 1749 Homer.
570 1712 722 1760 hymnus
731 1738 741 1755 ,
754 1711 963 1745 occidentale

294 1765 559 1812 Hispaniaelitus
570 1762 836 1808 Orpheus.Vide
850 1761 964 1796 Schol-

295 1818 440 1856 Hesiodi
454 1843 464 1861 ,
492 1830 524 1862 p.
550 1817 635 1859 303,
655 1823 690 1850 et
709 1813 897 1860 Spanhem.
921 1813 964 1848 ad

296 1871 498 1908 Callimach.
514 1870 548 1906 h.
563 1870 600 1904 in
619 1869 701 1904 Cer.
719 1881 805 1902 vers.
822 1881 853 1915 9.
871 1867 969 1903 Cum.

295 1926 423 1960 Nostro
436 1923 546 1969 placet
561 1921 666 1956 verba
684 1919 756 1955 Cic.
775 1919 878 1953 Verr.
897 1918 962 1961 IV,

296 1978 339 2021 48
349 2003 358 2020 ,
370 1976 547 2011 conferre:
560 1975 707 2017 Raptam
715 1979 788 2007 esse
801 1972 963 2011 Liberam,

294 2042 392 2074 quam
409 2029 554 2062 eamdem
572 2026 801 2074 Proserpinam
823 2027 958 2063 vocant,

298 2094 342 2115 ex
351 2081 555 2113 Ennensium
565 2089 724 2111 nemore...
737 2077 838 2110 Enna
847 2079 966 2115 autem,

295 2135 356 2167 ubi
367 2130 407 2165 ea
418 2157 426 2170 ‚
450 2144 519 2175 qua·
536 2132 626 2169 dico,
649 2132 744 2172 gesta
759 2140 831 2162 esse
846 2139 966 2160 memo-

294 2186 417 2222 rantur,
435 2186 487 2215 est
500 2183 572 2214 loco
581 2181 737 2223 proecelso
745 2183 844 2223 atque
858 2180 965 2212 edito:

294 2248 358 2279 quo
373 2237 408 2268 in
423 2245 548 2266 summo
564 2236 616 2265 est
628 2235 757 2275 oequala
770 2233 966 2274 agriplani—

293 2290 358 2321 ties
374 2290 408 2319 et
420 2297 513 2329 aqua·
528 2282 696 2327 perennes.
724 2283 808 2316 Tota
831 2295 906 2316 vero
922 2285 964 2315 ab

293 2341 387 2372 omni
396 2338 491 2371 aditu
507 2337 701 2370 circumcisa
715 2337 814 2378 atque
826 2335 966 2367 diremta

294 2396 355 2426 est.
389 2391 496 2433 Quam
511 2391 601 2422 circa
625 2389 720 2420 lacus
738 2389 866 2430 lucique
888 2390 968 2419 sunt

287 2445 441 2488 plurimi,
457 2445 491 2475 et
502 2440 770 2482 loettlcsimistores
785 2441 966 2471 omnitem-

289 2507 374 2540 pore
386 2497 471 2527 anni
492 2505 501 2526 .·
522 2494 615 2526 locus
633 2495 672 2524 ut
688 2493 758 2534 lpse
769 2494 897 2534 raptum
914 2491 965 2523 il-

295 2550 363 2580 lum
381 2547 517 2587 virginis·
527 2570 535 2583 ,
557 2555 649 2587 quem
657 2542 733 2584 jam
749 2554 772 2575 a
781 2543 893 2584 pueris
905 2553 966 2574 ac-

296 2601 439 2641 cepimus
450 2623 458 2636 ‚
477 2598 645 2629 declarare
657 2595 817 2627 videatur.
834 2595 965 2626 Etenim

290 2653 424 2693 propter
430 2652 482 2681 est
487 2649 641 2690 spelunca
648 2647 802 2690 quadam,
810 2656 966 2679 conversa

295 2701 345 2734 ad
355 2701 539 2743 aquilonem
547 2725 555 2739 ‚
564 2700 695 2743 infinita
708 2698 893 2735 altitudine,
902 2703 966 2741 qua

295 2751 408 2784 Ditem
410 2754 537 2793 patrem
538 2749 656 2792 ferunt
662 2752 788 2792 repente
793 2761 865 2782 cum
872 2761 966 2782 curru

1034 781 1204 830 exstf'ttlcse
1217 806 1226 821 ,
1252 782 1482 826 abreptamque
1503 793 1547 815 ez·
1568 794 1606 816 eo
1629 784 1703 818 loco

1031 833 1190 874 vtrginern
1205 844 1314 865 secum
1330 837 1534 876 asportasse,
1549 837 1584 867 et
1594 835 1705 868 subito

1031 896 1096 916 non
1111 886 1206 927 longe
1222 896 1245 917 a
1257 885 1431 930 Syracustk
1438 889 1632 928 penetrasse
1643 887 1706 919 sub

1032 941 1138 970 terras
1149 964 1156 976 ‚
1184 940 1354 982 lacumque
1373 941 1409 972 in
1428 951 1467 972 eo
1484 940 1560 972 loco
1578 943 1706 981 repente

1030 992 1200 1023 exstitisse
1220 1001 1229 1023 :
1245 992 1308 1023 ubi
1318 1001 1421 1035 usque
1435 992 1486 1024 ad
1497 991 1560 1025 hoc
1577 994 1704 1034 tempus

1031 1041 1237 1088 Syracusani
1241 1042 1355 1086 ftstos
1370 1044 1442 1077 dies
1462 1043 1706 1077 anniversarios

1030 1098 1142 1138 agunt.
1158 1111 1202 1119 ·—
1212 1088 1350 1138 Pergusi
1366 1093 1424 1128 Sic
1439 1100 1581 1128 vocatur
1597 1092 1703 1128 etiam

1031 1157 1049 1179 a
1069 1143 1285 1188 Claudiano,
1311 1145 1369 1189 11,
1396 1158 1475 1189 ιη,
1500 1158 1519 1179 a
1536 1144 1702 1190 quoinde

1030 1211 1048 1232 a
1065 1211 1167 1233 versu
1193 1211 1254 1233 100
1275 1199 1386 1232 forma
1403 1198 1468 1233 loci
1485 1197 1703 1233 describitur.

1028 1267 1072 1276 —-
1089 1252 1255 1296 Caystros.
1269 1250 1388 1284 Codex
1404 1249 1534 1295 Regius
1549 1249 1580 1283 B
1597 1249 1702 1284 habet

1033 1302 1179 1347 Cayster.
1192 1301 1247 1335 De
1258 1300 1406 1348 Caystro
1417 1301 1560 1346 ejusque
1570 1300 1699 1348 cycnis,

1028 1351 1107 1387 vide
1121 1352 1162 1386 ad
1178 1353 1226 1396 ΙΙ,
1241 1353 1572 1388 252.—-Labentibus.
1581 1352 1703 1388 'rhua-

1029 1418 1095 1440 nus
1105 1411 1140 1439 et
1149 1417 1238 1439 unus
1249 1404 1346 1439 Gron
1351 1405 1419 1439 ovii
1428 1430 1438 1448 ,
1447 1406 1683 1449 plaudentibus
1690 1432 1698 1446 ‚

1030 1455 1121 1500 quod
1132 1463 1377 1502 argumentum
1386 1456 1551 1491 Heinsius
1559 1455 1700 1502 judicat.

1030 1508 1130 1553 Regii
1146 1508 1277 1551 nostri,
1295 1509 1703 1542 lubenzana—Labeates

1027 1564 1132 1601 unde,
1142 1562 1212 1606 ipse
1224 1561 1521 1596 fluvius.—-Audit.
1530 1561 1702 1596 Burman-

1029 1625 1095 1646 nus
1112 1625 1185 1646 non
1201 1613 1348 1646 omnino
1364 1613 1476 1656 rejicit
1491 1614 1582 1653 edit,
1605 1612 1701 1659 quod

1028 1663 1328 1698 Francosurtensis
1345 1663 1470 1706 habet,
1491 1663 1570 1708 quia
1585 1665 1707 1698 audiat

1027 1712 1134 1746 modo
1150 1714 1329 1758 praecessit.
1349 1712 1469 1747 Codex
1491 1713 1620 1759 Regius
1646 1713 1676 1747 B
1690 1739 1700 1756 ,

1026 1766 1118 1804 edim
1144 1772 1178 1799 at
1193 1765 1269 1809 jure
1285 1764 1416 1799 servavi
1431 1766 1536 1798 audit.
1555 1763 1621 1798 Ed.

1072 1815 1147 1849 388.
1169 1817 1261 1850 Siloa
1286 1820 1424 1850 coronat
1443 1829 1558 1861 aquas.
1585 1815 1702 1851 Etiam

1029 1866 1195 1912 Orpheus
1217 1866 1264 1900 ibi
1280 1873 1452 1901 memorat
1466 1866 1569 1902 fuisse
1587 1869 1652 1917 εὐρύ
1668 1884 1700 1903 τε

1028 1924 1081 1954 καὶ
1094 1921 1173 1963 μέγα
1185 1920 1337 1957 ἄλσος.-
1345 1919 1487 1962 cingens
1495 1921 1586 1953 latas
1595 1932 1699 1960 omae,

1027 1974 1162 2014 suisque
1186 1975 1250 2004 etc.
1274 1969 1331 2004 Sic
1360 1968 1481 2004 Codex
1496 1969 1528 2004 A
1539 1994 1550 2013 ,
1575 1977 1611 2004 at
1626 1982 1700 2005 no—

1028 2021 1133 2056 tanda
1148 2021 1249 2055 lectio
1264 2020 1401 2055 Codicis
1416 2019 1460 2063 B,
1473 2033 1556 2066 quas
1565 2023 1702 2066 cingens

1028 2076 1120 2107 velat
1125 2075 1243 2117 ubique
1253 2085 1263 2106 .·
1279 2072 1373 2107 unde
1382 2072 1445 2108 ista
1455 2071 1594 2108 fluxerit
1605 2093 1625 2116 ,ι
1634 2086 1701 2108 ne—

1027 2125 1096 2160 scio
1109 2139 1117 2167 ;
1133 2124 1193 2159 sed
1205 2123 1359 2169 displicet
1374 2136 1496 2169 aquas,
1513 2137 1597 2170 quas
1609 2151 1618 2166 ,
1637 2126 1701 2160 etsi

1028 2178 1101 2213 haec
1111 2176 1398 2223 tautologiaapud
1408 2183 1525 2222 poetas
1538 2189 1612 2212 non
1624 2177 1698 2212 sine

1028 2229 1183 2275 exemplo
1192 2229 1234 2263 sit
1251 2241 1260 2263 ε
1278 2228 1435 2273 displicet
1446 2228 1550 2263 etiam
1564 2233 1703 2263 comnal

1026 2294 1134 2326 aquas
1188 2283 1280 2315 velat
1282 2280 1463 2325 frondibus
1475 2291 1487 2322 ,·
1505 2292 1582 2324 quae
1595 2280 1700 2315 verba

1027 2333 1193 2369 eumdem
1201 2344 1341 2367 sensum
1352 2333 1425 2366 sere
1433 2338 1597 2377 praestant
1610 2344 1618 2366 :
1630 2344 1699 2365 un—

1027 2386 1070 2420 de
1082 2383 1268 2430 rejicienda
1282 2383 1384 2427 hujus
1398 2382 1536 2417 Codicis
1547 2382 1576 2416 B
1586 2382 1697 2417 lectio.

1027 2438 1092 2470 Ed.
1107 2454 1150 2461 —-
1173 2437 1287 2470 Velum
1301 2433 1504 2479 intelligitur
1516 2459 1525 2477 ,
1551 2433 1644 2478 quod
1659 2433 1698 2468 in

1028 2486 1301 2532 Amphitheatris
1318 2498 1505 2531 expansum
1520 2493 1697 2531 spectato-

1027 2551 1081 2573 res
1110 2551 1128 2572 a
1153 2538 1230 2572 solis
1252 2538 1451 2572 verberibus
1479 2537 1695 2572 defendebat.

1027 2591 1185 2626 Juvenal.
1205 2590 1271 2634 IV,
1293 2604 1363 2624 122.
1380 2608 1424 2616 —-
1437 2591 1531 2624 Ictus
1543 2603 1583 2624 ex
1594 2590 1693 2624 Nea-

1027 2643 1199 2689 politano,
1221 2641 1373 2677 secundo
1394 2641 1555 2676 Mediceo
1570 2647 1605 2675 et
1622 2651 1694 2673 uno

1028 2695 1185 2730 Palatino
1206 2695 1294 2728 bene
1318 2693 1491 2738 adoptavit
1507 2691 1693 2733 Heinsius;

1028 2747 1130 2791 vulgo
1144 2747 1319 2791 legebatur
1333 2750 1443 2790 ignes,
1459 2743 1550 2789 quod
1566 2743 1694 2778 habent
