1832 3100
302 190 386 246 452

668 194 719 235 P.
766 193 1001 238 OV'1D11
1036 193 1333 239 NASONIS

300 284 445 347 Quem
464 285 551 333 sibi
573 285 772 334 Pandion
798 286 1045 353 opibusque
1065 288 1254 355 virisque
1278 301 1502 355 potentem
1518 328 1531 349 ,
1579 299 1583 304 ”

298 362 358 408 Et
381 380 518 423 genus
543 381 567 410 a
588 360 748 426 magno
772 363 1003 412 ducentem
1022 364 1136 413 forte
1163 365 1353 414 Gradivo
1368 404 1380 424 ‚

301 440 537 488 Connubio
561 441 751 490 Procnes
768 442 941 506 junxit:
963 460 1055 488 non
1077 443 1281 507 pronuba
1298 445 1418 492 Juno
1434 481 1466 501 ‚A

298 517 402 565 Non
424 518 686 583 Hymenaeus
707 517 854 575 adest,
879 517 945 564 illi
967 537 1060 566 non
1086 518 1235 567 Gratia
1256 518 1383 571 lecto·

300 593 566 642 Eumenides
591 605 768 642 tenuere
789 594 903 642 saces
928 594 981 642 (le
1004 593 1155 643 sunere
1177 607 1349 661 raptas;

1639 594 1710 657 430*

297 672 562 720 Eumenides
587 684 774 721 stravere
799 683 971 729 torum;
996 683 1199 738 tectoque
1218 672 1428 738 profanus

297 753 506 800 Incubuit
524 753 649 801 bubo
664 790 676 811 ,
703 752 969 818 thalamique
991 753 1039 800 in
1062 752 1251 801 culmine
1269 753 1394 802 sedit.

298 834 392 882 Hac
414 853 487 882 ave
511 846 615 882 sunt
635 833 777 898 juncti
801 834 971 882 Procne
994 835 1272 900 Tereusque3
1297 847 1498 900 parentes

296 917 391 963 Hac
411 935 484 963 ave
507 927 612 963 sunt
633 914 734 963 sacti
753 936 763 962 :
785 927 950 978 gratata
977 927 1044 964 est
1067 915 1231 964 scilicet
1248 915 1336 964 illis

296 997 508 1055 Thracia;
531 996 703 1062 Disque
727 997 814 1063 ipsi
839 1008 981 1060 grates
1004 1016 1152 1059 egere3
1179 997 1403 1063 diemque,

1636 1011 1705 1059 435

296 1080 485 1145 Quaque
507 1079 606 1127 data
627 1091 694 1127 est
714 1079 830 1128 claro
855 1080 1082 1128 Pandione
1106 1091 1208 1128 nata
1228 1092 1414 1146 tyranno
1429 1117 1442 1138 ,

297 1162 485 1228 Quaque
509 1173 601 1209 erat
626 1173 750 1209 ortus
774 1163 889 1227 Itys,
915 1161 1068 1210 festam
1089 1161 1254 1226 jussere
1277 1162 1437 1210 vocari.

301 1307 372 1329 102.
392 1313 437 1320 ——
456 1296 544 1338 Opes
556 1321 564 1335 ,
585 1294 711 1329 divitiae
726 1301 761 1329 et
778 1293 969 1340 amplitudo

296 1347 405 1393 regni.
420 1365 464 1373 —
485 1349 573 1387 Viri,
595 1347 741 1390 milites,
773 1354 812 1381 ut
836 1347 874 1382 in
897 1348 971 1382 sor-

295 1399 390 1433 mula
398 1411 492 1432 arma
502 1399 743 1443 virosque—A
751 1411 869 1443 magno
883 1400 972 1433 Gra-

295 1454 379 1485 divo.
391 1450 562 1485 Gradivus
575 1477 584 1494 ,
605 1450 640 1484 id
653 1457 703 1485 est
715 1476 725 1494 ,
743 1450 841 1484 Mars
850 1476 859 1494 ‚
874 1450 971 1492 Deus

296 1503 475 1537 Thracum
486 1527 495 1545 ‚
510 1503 608 1546 cujus
622 1502 710 1537 filius
730 1504 858 1537 Tereus.
876 1502 970 1537 Illius

296 1552 460 1587 auxilium
491 1553 736 1597 imploraverat
775 1552 937 1586 Pandion
958 1577 968 1594 ‚

297 1617 402 1649 quem
418 1614 488 1638 una
510 1604 652 1638 victoria
666 1629 675 1646 ,
702 1609 840 1637 auctore
860 1602 969 1647 Apol-

295 1656 418 1691 lodoro
433 1681 442 1698 ‚
465 1655 601 1700 impulit
615 1681 624 1698 ,
642 1661 681 1688 ut
698 1654 811 1688 Terea
830 1653 893 1688 sibi
910 1666 971 1699 ge-

296 1720 425 1743 nerum
437 1707 617 1741 adsumere
623 1713 645 1740 t.
661 1705 790 1742 Noster
801 1704 970 1750 triplicem

296 1772 434 1796 causam
453 1758 574 1793 adfert.

338 1813 411 1856 428.
436 1811 608 1844 Connubio
632 1810 778 1842 Procnes
800 1815 864 1841 etc.
888 1806 970 1842 Ve—

297 1863 458 1899 tustiores
470 1868 576 1904 recte,
590 1861 729 1900 Procne,
741 1871 815 1893 non
825 1861 974 1902 Progne,-

297 1923 349 1951 est
364 1914 459 1949 enim
471 1925 578 1959 graeca
589 1925 654 1945 vox
663 1914 788 1961 Πρόκνη.
799 1909 972 1945 Formulis

297 1965 510 2001 solemnibus
521 1990 530 2007 ,
549 1975 625 2008 quae
641 1962 756 2008 plures
771 1962 827 1996 hic
839 1974 972 1996 cumu-

296 2019 386 2061 latae,
402 2023 638 2062 praemonetur
654 2014 774 2057 lector,
787 2026 892 2058 quam
909 2013 972 2047 in-

297 2071 449 2114 faustum
474 2066 738 2102 matrimonium
757 2064 841 2099 illud
857 2064 972 2099 suerit.

302 2120 501 2163 Confer-X,
513 2119 600 2160 init.;
613 2118 758 2153 Heroid.
771 2118 821 2161 11,
834 2119 872 2162 47
884 2130 971 2162 sqq.;

299 2173 352 2208 VI
364 2199 374 2217 ‚
402 2174 443 2216 45
461 2187 469 2214 ;
497 2172 651 2205 Musaeus
666 2198 675 2214 ,
707 2172 770 2216 274
793 2183 866 2215 sqq.
895 2170 972 2204 Alia

298 2225 390 2261 mala
404 2223 605 2268 nuptiarum
630 2222 747 2256 omina
763 2222 866 2256 habet
880 2221 971 2255 Vir-

299 2271 420 2324 gilius,
441 2275 580 2310 AEneid.
599 2275 652 2309 IV
664 2301 673 2318 ‚
702 2275 772 2308 156.
788 2292 831 2300 —-
846 2275 978 2308 Junoni

298 2329 467 2376 praecipue
479 2337 570 2369 curae
583 2326 743 2371 conjugia
755 2340 763 2367 3
782 2325 863 2360 inde
874 2331 972 2361 τελεία

298 2389 334 2416 et
344 2383 496 2425 pronuba
514 2378 613 2413 dieta.
626 2395 670 2404 —
680 2378 891 2423 Hymenoeum
901 2403 910 2418 ,
933 2385 972 2412 ut

298 2436 440 2472 adesset,
453 2432 502 2467 sic
512 2432 585 2465 sere
597 2430 804 2464 invocabant
821 2442 830 2463 ε
846 2431 886 2463 Io
896 2430 973 2475 Hy-

299 2487 372 2519 men
382 2512 392 2525 ‚
410 2486 587 2530 Hymenoee
602 2483 731 2528 Hymen
745 2483 827 2514 ades
839 2508 847 2520 ‚
866 2494 886 2514 o
897 2482 973 2527 Hy·-

300 2549 426 2571 menoee.
441 2534 554 2569 Catul.
564 2533 616 2568 63.
629 2533 746 2567 Etiam
761 2533 890 2566 Gratiis
899 2544 971 2576 par-

298 2596 349 2623 tes
368 2586 527 2632 quaedam
543 2585 630 2619 datae
652 2591 751 2619 erant
771 2584 808 2618 iu
834 2584 970 2629 nuptiis.

300 2641 435 2684 Pollux,
448 2640 516 2683 Ill,
537 2641 569 2681 33
584 2639 701 2686 Etym.
712 2637 765 2672 M.
781 2638 817 2672 in
827 2643 972 2682 γαμηλία.

318 2733 320 2735 ¹
336 2692 417 2734 430.
441 2693 474 2726 T
468 2704 590 2735 cauere.
609 2689 812 2725 Gebhardus
828 2690 907 2734 legit
921 2694 972 2724 te-

1035 1297 1160 1337 tulere,·
1178 1308 1373 1341 perperam.
1390 1296 1456 1329 Ed.
1468 1294 1524 1321 ’-
1538 1298 1646 1330 Faces
1663 1296 1704 1330 de

1025 1346 1147 1390 sunere
1162 1351 1264 1390 rapta·
1279 1360 1334 1381 res
1348 1346 1516 1381 dirissima
1532 1346 1616 1381 olim
1638 1346 1703 1381 ha-

1035 1398 1115 1432 bita.
1128 1397 1287 1432 Valerius
1301 1397 1474 1432 Maximus
1485 1424 1495 1442 ,
1513 1398 1566 1434 IX
1575 1424 1585 1442 ‚
1607 1411 1621 1433 1
1634 1423 1644 1442 ,
1661 1397 1705 1432 de

1037 1449 1186 1485 Catilina
1202 1464 1211 1485 ε
1225 1453 1348 1485 Filium
1361 1463 1456 1485 suum
1466 1463 1591 1485 veneno
1600 1454 1706 1484 sustu-

1033 1504 1095 1542 lit,
1117 1505 1332 1547 protinusque
1351 1515 1395 1536 ex
1415 1515 1494 1546 rogo
1509 1501 1583 1545 ejus
1597 1504 1707 1536 mari-

1034 1555 1134 1586 talem
1149 1552 1268 1596 facem
1292 1554 1458 1590 accendit,
1480 1552 1582 1587 Tales
1603 1552 1708 1598 igitur

1034 1604 1123 1636 faces
1139 1610 1174 1637 et
1190 1603 1302 1638 Furiis
1315 1604 1567 1638 tribuebantur.
1583 1603 1707 1640 Seuec.

1036 1654 1143 1688 Herc.
1167 1654 1250 1688 Fur.
1270 1655 1342 1688 156.
1358 1672 1403 1680 ·—
1418 1655 1586 1699 Prosauus
1601 1657 1685 1689 bubo
1694 1666 1707 1696 ,-

1036 1704 1152 1738 dirum
1169 1704 1370 1739 mortalibus
1386 1717 1503 1739 omen.
1528 1707 1608 1740 Sola
1622 1708 1708 1740 bubo

1026 1755 1286 1800 feralicarmine
1291 1755 1458 1800 queritur.
1466 1755 1548 1791 AEn.
1558 1756 1624 1799 IV,
1632 1757 1706 1800 462.

1037 1807 1153 1841 Ed.—
1164 1806 1267 1841 Cons.
1281 1808 1328 1851 V,
1342 1808 1406 1842 550
1422 1821 1432 1849 ;
1450 1806 1541 1851 VII,
1554 1807 1618 1855 259
1630 1821 1639 1849 ;
1653 1808 1686 1842 Χ
1696 1833 1707 1851 ,

1039 1860 1103 1902 453
1117 1873 1125 1900 ;
1147 1859 1382 1894 Claudianum
1393 1885 1403 1902 ,
1414 1870 1460 1893 xx
1472 1885 1482 1903 ,
1494 1861 1707 1905 407.—Incu-

1037 1912 1109 1945 buit
1121 1911 1330 1945 Burmanno
1345 1917 1542 1956 suspectum
1557 1910 1706 1954 videtur,

1037 1975 1103 1996 nec
1118 1962 1198 1996 satis
1211 1962 1423 1997 conveniens
1439 1969 1482 1997 τῶ
1496 1963 1585 1996 sedit
1598 1975 1708 2008 quum

1038 2013 1172 2059 gravius
1191 2014 1235 2048 sit
1250 2016 1424 2054 incubare,
1455 2026 1561 2058 quam
1579 2018 1615 2049 iu
1633 2018 1708 2050 cul-

1037 2068 1123 2099 mine
1132 2068 1243 2100 sedere
1252 2079 1262 2099 .-
1275 2065 1393 2100 mallet
1406 2069 1556 2100 insonuit
1560 2092 1569 2107 ,
1590 2066 1645 2101 vel
1656 2070 1709 2101 in·-

1033 2123 1166 2163 gemuit.
1178 2119 1278 2164 Regii
1289 2118 1399 2154 nostri
1414 2118 1562 2155 Codices
1577 2119 1708 2155 habent

1037 2173 1187 2205 incubuit
1193 2182 1206 2213 ,⁹
1225 2184 1291 2206 nec
1308 2170 1410 2206 video
1424 2183 1487 2206 cur
1501 2171 1708 2206 Burmanno

1039 2222 1214 2268 displiceat
1236 2222 1303 2258 hoc
1329 2222 1406 2257 loco
1434 2222 1582 2257 verbum
1604 2227 1709 2258 iucu-

1037 2277 1124 2309 bare.
1140 2276 1279 2309 Buboni
1296 2274 1392 2309 enim
1409 2287 1510 2309 crura
1525 2282 1607 2309 sunt
1621 2274 1708 2309 adeo

1036 2333 1134 2361 curta
1147 2353 1157 2370 ‚
1173 2333 1212 2361 ut
1228 2328 1384 2364 [ncubare
1397 2325 1582 2360 videantur
1596 2325 1715 2371 potius(

1036 2390 1143 2422 quam
1157 2380 1276 2411 sedere.
1296 2377 1363 2411 Ed.

1080 2430 1154 2473 433.
1177 2431 1255 2463 Hac
1269 2440 1352 2471 uve3
1372 2428 1438 2463 hoc
1452 2429 1596 2474 augurio
1609 2442 1707 2464 :aves

1036 2481 1215 2515 consulere
1227 2481 1262 2515 in
1278 2480 1407 2525 nuptiis
1424 2480 1635 2523 celebrandis
1650 2481 1709 2526 ju-

1035 2533 1095 2567 bet
1106 2533 1279 2568 Hesiodus
1289 2559 1298 2577 ,
1313 2529 1386 2583 Ιὲργ.
1396 2532 1448 2568 36.
1460 2534 1627 2569 Horatius
1637 2559 1647 2577 ‚
1665 2534 1683 2568 I
1695 2560 1704 2576 ,

1038 2583 1108 2619 Od.
1125 2595 1172 2619 xv
1184 2610 1194 2628 ,
1215 2587 1234 2619 5
1248 2611 1258 2628 ‚
1276 2586 1374 2619 Mala
1391 2587 1487 2619 ducis
1501 2588 1561 2620 avi
1577 2587 1704 2621 domum

1037 2636 1379 2671 Helenam.Tibullus
1391 2662 1401 2680 ,
1421 2636 1479 2681 ΙΙ,
1497 2647 1527 2670 11
1543 2662 1552 2680 ‚
1570 2650 1607 2671 21
1619 2661 1628 2679 ,
1641 2638 1710 2672 har*

1037 2693 1152 2727 venias
1169 2702 1236 2724 are.
