1832 3100
341 217 427 272 204

709 220 762 263 P.
803 219 1034 264 OVIDII
1074 217 1372 264 NASONIS

341 331 366 351 «
393 310 537 356 Tutus
560 326 654 367 eas;
674 308 788 376 lapis
811 311 894 358 iste
917 311 1044 376 prius
1064 322 1139 360 tua
1160 311 1276 359 furta
1298 310 1520 376 loquatur.
1541 332 1565 353 »
1621 329 1629 336 ·

336 388 402 434 Et
425 385 614 452 lapidem
640 387 833 435 ostendit
859 407 868 434 :
893 386 1070 435 simulat
1091 388 1203 435 Jove
1225 399 1356 435 natus
1377 387 1509 437 abire.

338 465 450 512 Mox
473 463 587 512 redit
606 483 615 511 :
639 476 700 521 et,
726 482 848 512 versa
870 465 1037 530 pariter
1059 483 1158 512 cum
1181 484 1286 513 voce
1308 465 1471 527 figura,

342 563 366 584 «
394 541 600 599 Rustice‚
625 542 774 589 vidisti
793 542 831 589 si
854 561 962 607 quas
979 542 1067 589 hoc
1087 541 1246 600 limite,
1274 542 1405 599 dixit,

342 640 365 661 ³)
393 621 461 666 Ire
484 618 645 677 boves,
670 618 736 667 fer
761 638 890 685 opem
911 618 1119 685 furtoque
1142 618 1314 667 silentia
1336 618 1458 667 deme
1478 637 1491 666 :

1683 643 1748 677 70⁰

341 722 366 743 »
391 701 555 749 Juncta
575 719 656 748 suo
681 700 872 766 pretium
894 700 1079 749 dabitur·
1095 699 1179 748 tibi
1201 699 1361 747 semina
1384 711 1523 748 tauro.
1547 720 1573 742 »

336 783 399 831 At
419 783 587 841 senior,
613 795 849 849 postquam
868 802 1032 831 merces
1057 782 1298 845 geminata,
1329 804 1352 825 «
1373 782 1469 830 Sub
1490 780 1582 830 illis

338 886 364 907 >›
394 865 654 922 Montibus,
680 865 848 931 inquit,
872 877 1027 914 erunt:
1051 887 1074 908 »
1096 876 1139 913 et
1157 876 1279 913 erant
1297 864 1380 913 sub
1399 863 1630 912 montibus
1646 858 1748 911 illi&

337 946 457 994 Risit
479 945 776 1004 Atlantiades;
801 958 869 1004 et,
898 968 922 989 «
946 947 1023 994 Me
1044 946 1181 1004 mihi,
1207 945 1396 1012 perfide,
1418 944 1603 1012 prodis?

341 1050 364 1071 »
391 1029 468 1076 Me
491 1028 601 1076 mihi
625 1028 813 1094 prodis?
834 1050 857 1072 »
881 1028 962 1086 ait;
985 1028 1247 1095 perjuraque
1270 1038 1450 1094 pec-tora
1472 1026 1604 1075 vertit

337 1164 500 1199 Homero
514 1190 523 1207 ,
552 1163 633 1198 ibid.
659 1176 701 1211 92
728 1177 737 1199 ι
769 1168 842 1200 ἰδὼν
866 1170 909 1209 μὴ
940 1168 1013 1201 ἰδὼν

337 1222 416 1252 εἶναι
429 1243 438 1260 ,
461 1222 513 1253 καὶ
523 1220 618 1262 κωᾳός
630 1217 758 1256 ἀκούσας
769 1244 779 1261 ,
797 1223 848 1253 καὶ
861 1223 959 1262 σιγᾶν.
970 1236 1014 1243 -

334 1271 441 1304 Facio
454 1296 461 1307 ‚
475 1269 626 1314 negotio.
639 1287 684 1295 —-
695 1271 852 1304 Nilidam.
867 1269 955 1303 Vide
970 1269 1013 1303 ad

335 1321 353 1355 I
368 1346 377 1363 ,
400 1320 476 1354 610.
493 1320 598 1366 Apud
618 1321 788 1355 Antonin.
812 1320 981 1356 chlaenam
999 1346 1009 1364 ,

333 1372 461 1407 silentii
478 1372 678 1407 mercedem
692 1399 700 1416 ,
721 1372 852 1418 accipit.

380 1424 455 1471 696.
477 1426 582 1458 Tutus
594 1451 602 1464 ,
621 1436 781 1468 securus,
798 1437 872 1459 non
888 1424 1016 1459 sollici-

336 1482 402 1511 tus.
414 1494 458 1503 —
469 1478 648 1520 loquatur.
661 1475 809 1511 Codices
821 1476 932 1510 nostri
943 1476 1017 1510 Re-

337 1528 381 1574 gii
393 1555 402 1572 ,
420 1531 577 1574 loquetur.
589 1548 632 1555 —
642 1529 695 1563 Ex
705 1543 785 1564 voce
794 1542 867 1563 non
878 1541 957 1563 raro
966 1529 1016 1563 sa-

338 1580 435 1614 cilius
457 1580 674 1625 agnoscimus
690 1580 852 1614 homines
868 1606 878 1624 ,
910 1592 1016 1625 quam

338 1645 379 1666 ex
403 1632 525 1678 figura.
547 1652 593 1658 —
610 1635 752 1667 Silentia
774 1634 883 1673 deme,
901 1631 1016 1665 indica

335 1684 471 1720 furtum
485 1685 668 1719 occultum.
687 1701 731 1710 ·-·
744 1686 891 1719 Pretium
900 1710 909 1723 ‚
925 1696 1017 1728 prae-

339 1736 452 1770 mium
468 1748 476 1770 :
494 1735 572 1771 vide
591 1737 786 1770 Burmann.
813 1735 855 1770 ad
878 1734 1015 1769 Phaedr.

338 1788 357 1823 Ι
369 1813 378 1830 ,
398 1798 470 1827 vm
481 1814 490 1831 ,
512 1801 525 1821 1
544 1813 553 1831 ,
571 1795 607 1822 et
623 1788 747 1822 Heius.
761 1787 803 1821 ad
816 1787 852 1821 h.
866 1787 888 1821 l.
904 1789 1016 1822 —Fe-

339 1841 447 1879 mina,
470 1851 579 1873 vacca.
606 1838 740 1873 Seneca
753 1864 764 1882 ‚
784 1839 907 1884 Agam.
925 1840 1011 1882 354,

339 1891 466 1935 conjux
476 1894 575 1925 lauri.
592 1890 727 1925 Contra
737 1894 792 1926 vir
803 1891 846 1926 de
861 1904 966 1936 capro
981 1897 1018 1925 et

340 1948 463 1983 tauro;
484 1942 563 1977 vide
580 1942 623 1976 ad
640 1944 676 1986 1,
695 1942 772 1977 660.

385 1994 458 2039 703.
476 1995 573 2028 Sub...
588 1997 784 2029 montibus...
794 1998 899 2028 erunt.
914 1993 1017 2038 Regii

339 2046 449 2081 nostri
463 2047 495 2080 A
509 2054 544 2081 et
559 2048 590 2082 B
607 2046 737 2082 habent
753 2052 856 2082 erant.
871 2045 1016 2080 —Rod.

336 2106 503 2143 sequutus
527 2105 579 2133 est
601 2105 755 2134 veterem
774 2099 850 2134 lect.
866 2101 928 2132 sub
944 2101 1018 2133 illzlr

338 2151 531 2191 Montibus,
553 2153 678 2194 inquit,
701 2155 796 2191 eunt,
814 2155 849 2185 el
863 2154 944 2184 eunt
955 2152 1018 2184 sub

337 2215 381 2236 m.
396 2204 419 2236 i.
432 2212 444 2243 ,·
458 2208 641 2247 putatque,
655 2214 735 2236 curn
747 2201 922 2237 Glareano
933 2228 942 2245 ‚
959 2215 1018 2237 re-

339 2253 508 2299 petitione
524 2253 581 2288 illa
596 2253 690 2287 Batti
711 2254 935 2299 battologiam
955 2267 1016 2289 ex-

341 2306 496 2350 pressam
508 2317 579 2339 esse
589 2330 599 2348 ,
617 2311 653 2338 et
662 2304 882 2339 Mercurium
893 2331 903 2347 ‚
921 2311 961 2338 ut
974 2304 1019 2338 il-

339 2356 411 2391 lam
426 2356 591 2391 irrideret
603 2383 611 2398 ,
637 2364 672 2391 et
691 2356 805 2402 ipsum
823 2357 927 2390 verba
940 2382 949 2399 ‚
967 2369 1019 2390 me

340 2411 427 2443 mihi
441 2411 560 2452 prodis
575 2410 606 2445 ,ΡΙ
629 2408 814 2454 repetiisse.
850 2408 986 2442 Mirum
1008 2409 1015 2441 !

343 2462 469 2507 Quum
480 2464 604 2498 Battus
617 2462 770 2506 dixisset,
780 2464 842 2496 sub
853 2462 902 2505 (in
913 2488 922 2506 ‚
936 2474 1019 2506 pro-

341 2515 399 2559 pe)
411 2517 576 2548 montibus
585 2519 693 2555 erunt,
710 2513 910 2548 addendum
922 2520 1017 2557 erat,

341 2566 443 2600 fuisse
467 2565 513 2600 ibi
527 2591 537 2608 ‚
564 2578 630 2600 nec
650 2566 795 2600 Battum*
817 2565 1018 2610 imposuisse

342 2616 534 2651 Mercurio.
568 2616 687 2650 Verba
714 2623 832 2651 autem
859 2629 911 2650 me
938 2617 1024 2650 mz‘hl

335 2672 452 2713 prodis
481 2672 493 2713 (
507 2671 543 2704 in
569 2670 691 2715 quibus
717 2670 834 2705 similis
860 2670 955 2704 lusus
970 2682 1020 2704 >ac

340 2721 425 2765 4303
446 2722 463 2756 1
476 2746 486 2766 ‚
503 2722 564 2765 641
581 2736 591 2765 ς
611 2723 663 2756 VI
678 2747 687 2765 ,
710 2722 789 2764 365)
810 2722 959 2766 graviter
984 2727 1020 2756 et

1685 1039 1752 1085 705

1078 1180 1158 1202 cum
1179 1166 1211 1201 vi
1238 1172 1447 1212 repetuntur
1465 1191 1475 1210 ‚
1511 1171 1552 1200 ut
1576 1164 1725 1201 solemus
1739 1189 1749 1207 ,

1079 1232 1188 1264 quum
1201 1218 1301 1253 alicui
1317 1230 1481 1264 magnam
1494 1217 1675 1253 stultitiam
1691 1229 1749 1251 ex-

1079 1271 1294 1316 probramus.
1310 1288 1354 1296 —-
1370 1271 1480 1303 Erunt
1489 1281 1500 1303 .·
1515 1274 1551 1303 et
1561 1273 1666 1303 erant.
1683 1267 1747 1302 Al-

1079 1322 1195 1356 lusum
1210 1316 1332 1356 volunt
1345 1320 1387 1355 ad
1401 1320 1546 1355 Battum
1562 1317 1750 1365 quemdam

1079 1374 1237 1420 ineptum
1263 1381 1402 1420 poetam
1417 1399 1426 1416 ,
1458 1373 1517 1418 qui
1540 1372 1578 1408 in
1596 1371 1750 1407 versibus

1079 1427 1148 1462 suis
1165 1427 1288 1462 eadem
1303 1425 1496 1460 identidem
1511 1425 1637 1460 iterare
1652 1423 1751 1460 sote-

1078 1479 1146 1513 bat.
1170 1479 1315 1513 Battum
1332 1477 1454 1512 eadem
1471 1477 1576 1512 verba
1589 1476 1752 1511 tituban-

1079 1536 1135 1563 ter
1145 1537 1365 1575 repetentem
1381 1527 1646 1563 deridetitidem
1658 1527 1753 1562 Mer-

1079 1581 1216 1623 curius;
1238 1581 1318 1615 vide
1334 1579 1473 1615 Erasini
1488 1579 1585 1625 adag.
1599 1584 1751 1624 βατταλο-

1080 1638 1135 1679 γιά
1150 1641 1184 1668 et
1199 1639 1405 1683 βατταρίζειν.
1423 1632 1489 1667 Ed.

1124 1688 1198 1730 705.
1213 1686 1362 1729 Persam,
1374 1683 1518 1730 perlida.
1529 1682 1634 1728 Apud
1646 1682 1755 1717 Anto-

1080 1740 1207 1774 ninum
1223 1739 1345 1774 Battus
1361 1739 1531 1774 Mercurii
1542 1737 1665 1772 baculo
1681 1744 1755 1772 tac-

1081 1798 1135 1825 tus
1151 1791 1187 1825 in
1208 1790 1355 1836 lapidem
1368 1797 1543 1833 mutatur,
1561 1801 1668 1835 quem
1681 1800 1755 1822 ne·-

1081 1856 1148 1889 que
1162 1850 1263 1878 aestus
1278 1855 1394 1887 neque
1408 1842 1514 1887 frigus
1530 1841 1687 1881 deserat3
1703 1839 1754 1874 lo-

1081 1909 1208 1941 cusque
1219 1921 1229 1938 ,
1246 1895 1306 1929 ubi
1321 1908 1376 1930 res
1392 1894 1513 1929 accidit
1527 1920 1536 1938 ,
1554 1894 1668 1928 Βάττου
1683 1907 1754 1928 σκο-

1081 1952 1138 1985 πιᾶ
1159 1955 1312 1983 vocatur.
1338 1966 1382 1974 -
1400 1948 1491 1982 ὖίἹετ
1512 1946 1622 1991 poetis
1639 1945 1752 1979 omnis

1080 2001 1165 2046 lapis
1177 2027 1186 2044 ,
1213 2007 1247 2034 et
1263 2002 1364 2034 durus
1386 2005 1438 2034 est
1452 1998 1632 2043 epitheton
1647 2008 1751 2037 com-

1081 2065 1189 2087 mune
1205 2051 1370 2097 lapidum.
1390 2050 1486 2085 Hinc
1499 2076 1509 2094 ,
1530 2050 1590 2086 831
1602 2075 1612 2092 ‚
1630 2051 1752 2084 dures-

1081 2118 1153 2141 cere
1164 2131 1174 2149 ,
1200 2106 1238 2139 in
1264 2104 1415 2150 lapidem
1438 2102 1578 2138 mutari.
1604 2103 1753 2137 Iudicem

1081 2162 1207 2202 putant
1231 2165 1302 2191 esse
1323 2154 1475 2200 lapidem
1498 2152 1649 2201 Lydium
1662 2178 1672 2196 ,
1693 2153 1754 2196 qui

1083 2220 1208 2242 aurum
1230 2207 1382 2252 explorat
1394 2231 1404 2249 ,
1420 2204 1550 2240 indicat
1561 2204 1636 2248 eius
1651 2202 1754 2237 boni-

1082 2266 1200 2294 tatem.
1229 2258 1277 2292 At
1299 2257 1394 2292 nulla
1411 2254 1613 2294 auctoritate
1637 2252 1755 2287 doceri

1082 2318 1217 2356 potest,
1241 2311 1383 2343 mdicem
1399 2308 1446 2343 sic
1466 2307 1600 2342 dictum
1621 2305 1756 2340 Roma-

1083 2362 1136 2396 nis
1150 2387 1159 2405 ,
1179 2369 1236 2404 et,
1260 2361 1289 2394 si
1316 2359 1425 2396 dictus
1451 2363 1538 2392 esset
1556 2383 1565 2401 ‚
1585 2355 1682 2390 nulla
1695 2358 1756 2389 in—

1073 2413 1190 2458 famia
1201 2413 1231 2447 ei
1242 2413 1379 2446 inesset.
1391 2411 1546 2444 Lactant.
1560 2409 1597 2443 in
1609 2408 1758 2454 Argum.

1084 2466 1143 2510 qui
1165 2463 1345 2498 interdum
1361 2461 1503 2497 eosdem
1523 2487 1533 2504 ,
1560 2472 1646 2505 quos
1662 2457 1760 2495 Ovi-

1083 2515 1160 2549 dius
1166 2521 1332 2559 sequutus
1340 2520 1564 2556 est‚auctores
1573 2509 1759 2551 consuluit,

1082 2566 1187 2600 habet
1203 2578 1210 2599 :
1226 2567 1267 2599 In
1280 2567 1423 2609 lapidem
1438 2577 1511 2598 eum
1529 2564 1683 2601 mutam,
1702 2563 1764 2604 qui

1082 2620 1126 2651 ab
1138 2621 1254 2652 evenlu
1265 2619 1371 2651 Index
1382 2620 1473 2650 circa
1484 2617 1604 2661 Pylum
1613 2617 1759 2648 vocatur.

1086 2670 1156 2704 Hic
1175 2682 1247 2703 non
1273 2681 1382 2714 genus
1404 2666 1579 2713 quoddam
1602 2664 1757 2710 lapidum

1084 2721 1215 2764 intell,
1229 2720 1289 2755 sed
1305 2733 1394 2755 unus
1408 2719 1464 2754 ille
1479 2718 1562 2763 lapis
1571 2743 1586 2760 ‚>
1598 2717 1636 2752 in
1648 2728 1755 2762 quem
