1832 3100
431 209 1123 260 METAMORPHOSEON
1160 213 1289 256 LIB.
1331 214 1403 256 II.

1551 230 1634 276 179

208 310 404 362 Ulterius
425 309 573 360 medio
594 308 788 376 spatium
812 306 881 356 sol
905 307 1021 357 altus
1039 307 1260 365 habebat3

208 392 362 457 Quum
385 389 510 440 subit
529 387 607 438 illa
626 406 784 437 nemus
798 423 810 446 ‚
838 386 960 454 quod
984 384 1108 434 nulla
1130 385 1346 434 ceciderat
1367 399 1482 436 aetas.

206 468 346 519 Exuit
366 468 441 517 hic
462 467 649 516 humero
673 465 946 533 pharetram,
973 463 1209 530 lentosque
1233 464 1426 512 retendit

207 547 377 606 Arcus;
402 547 538 613 inque
563 543 684 603 solo,
715 542 835 610 quod
861 553 1027 592 texerat
1047 541 1206 600 herba,
1227 541 1429 607 jacebat3

1573 559 1640 604 420

207 627 270 675 Et
291 624 454 693 pictam
476 622 625 691 posita
647 621 902 689 pharetram
925 619 1091 669 cervice
1114 619 1357 686 premebat.

209 704 389 772 Jupiter
410 715 463 752 ut
485 701 598 752 vidit
617 700 797 759 fessam,
821 711 866 748 et
889 697 1071 748 custode
1094 709 1341 757 vacantem,

212 805 238 827 «
267 783 369 832 Hoc
392 794 508 847 certe
533 780 697 845 conjux
716 777 890 827 furtum
911 795 1008 825 mea
1030 775 1219 835 nesciet,
1239 775 1410 843 inquit;

213 882 237 904 ι)
265 861 360 909 Aut
381 859 419 908 si
441 858 665 915 rescierit3
690 867 797 905 sunt
817 874 866 913 o,
890 866 997 902 sunt
1016 854 1163 919 jurgia
1187 855 1334 903 tanti?
1355 878 1379 898 »

210 938 424 988 Protinus
447 935 650 985 induitur
670 932 828 982 faciem
849 930 1106 998 cultumque
1131 933 1310 982 Dianae:

209 1066 310 1103 siodo
322 1093 332 1111 ,
345 1079 369 1100 a
378 1078 446 1112 qua
458 1076 525 1099 non
540 1064 748 1098 mediocriter
753 1071 826 1094 esse
837 1060 894 1092 di-

211 1123 333 1155 lectam
350 1121 486 1164 propter
501 1118 670 1159 utriusque
691 1113 896 1147 consimilem

213 1177 390 1213 naturam·
406 1170 443 1205 II
455 1170 546 1205 Fast.
563 1171 622 1212 157
638 1193 648 1211 ‚
666 1166 781 1201 Diana
792 1177 894 1224 camo,

214 1230 399 1271 postquam
409 1222 523 1267 jurata
534 1225 740 1266 perpetuam
751 1217 899 1263 virgim-

215 1283 326 1312 tatem
349 1271 558 1322 promiserat
568 1300 578 1316 ,
601 1271 796 1319 principem
816 1269 898 1304 facit

216 1328 398 1364 comitum.
416 1325 586 1372 Sequitur
603 1323 779 1359 sententia
794 1334 894 1366 vera,

215 1380 311 1416 unde
326 1381 436 1416 lector
450 1378 582 1414 exitum
596 1376 647 1412 rei
661 1376 817 1411 divinare
831 1387 897 1420 po·

215 1440 294 1469 test.
311 1433 375 1468 Est
389 1437 506 1467 autem
512 1432 667 1475 potentia
679 1429 786 1476 gratia
797 1454 807 1472 ‚
827 1440 896 1474 qua

216 1487 371 1523 valemus
388 1485 481 1532 apud
497 1483 591 1520 alios.

258 1543 298 1587 4¹
305 1556 335 1588 7.
369 1541 519 1576 Ulterius
540 1540 649 1574 medio
670 1539 815 1583 spalznm
843 1539 902 1572 sol

213 1595 362 1629 habebat
369 1604 383 1636 ;
395 1593 471 1639 {am
482 1591 669 1627 meridiem
681 1589 897 1636 pertransie-

213 1652 279 1681 rat.
289 1647 425 1682 Habere
432 1647 578 1690 spatium
587 1671 596 1684 ,
614 1642 699 1691 illud
710 1654 896 1678 emensum

215 1696 289 1736 esse
305 1712 432 1742 cursu;
450 1699 508 1743 ΙΙ,
525 1698 617 1734 Fast.
636 1697 718 1741 164:
737 1697 897 1740 Autplus

212 1758 277 1789 au!
286 1755 428 1789 medium
443 1754 516 1788 sole
530 1754 660 1786 lenenle
674 1751 771 1784 diem.
785 1749 829 1784 B.
853 1768 898 1776 —-

209 1807 383 1847 Habebat.
394 1803 479 1839 Duo
488 1804 630 1848 agebat,
643 1799 739 1847 quod
749 1812 823 1835 non
833 1799 898 1834 im-

215 1857 341 1904 probat
351 1857 642 1893 Burmannus.·—-
649 1852 771 1889 Nostri
781 1850 896 1886 Codd.

213 1911 370 1945 habebat.
382 1928 426 1936 -
435 1909 620 1944 Cect'derat.
632 1906 763 1941 Noster
775 1903 898 1939 Codex

216 1961 305 2008 Reg.
330 1961 360 1996 B
372 1986 382 2005 ‚
411 1962 574 1995 reciderat
588 1985 598 2000 ,
626 1963 662 1992 et
682 1969 787 2002 supra
807 1968 827 1990 a
847 1968 898 1991 se-

213 2011 333 2048 cunda
349 2024 459 2048 manu
472 2038 482 2055 ,
505 2012 687 2045 exciderat.
703 2008 771 2044 Ed.
792 2025 838 2032 —
853 2007 897 2041 In

218 2064 322 2100 sacris
333 2063 539 2100 nemoribus
555 2069 591 2098 et
606 2060 749 2098 vetustis
764 2071 839 2095 non
854 2058 899 2093 li-
915 2088 921 2089 ff

219 2117 319 2154 cebat
337 2117 477 2152 arbores
491 2115 636 2152 caedere.
655 2113 710 2150 Cs.
729 2113 807 2157 ΙΙΙ,
834 2112 897 2155 28;

219 2167 333 2214 VIII,
347 2168 434 2217 3293
456 2168 511 2203 IV
527 2167 619 2202 Fast.
635 2167 712 2214 649.
727 2163 814 2200 Tale
827 2162 899 2210 igi-

218 2227 278 2256 tur
284 2233 412 2256 nemus
421 2219 571 2256 densum
579 2226 631 2255 est
639 2225 675 2253 et
682 2217 899 2254 umbrosum.

263 2275 339 2321 419.
356 2275 475 2309 Exuit.
491 2273 629 2309 Ornate
642 2270 825 2318 :depositis
842 2283 901 2306 ar-

219 2327 286 2363 mis
312 2327 413 2362 humi
431 2327 573 2374 quievit.
589 2345 633 2353 —
656 2327 798 2367 Lentos,
817 2338 836 2360 e
856 2324 902 2359 li-

219 2392 290 2427 gno
303 2379 455 2416 flexibili.
468 2398 512 2407 ·-
536 2381 639 2424 Quod
657 2383 787 2414 texerat
799 2378 902 2412 herba

219 2431 421 2478 exquisitius
437 2445 543 2479 quam
557 2458 567 2476 ,
586 2431 757 2476 herboso;
777 2430 902 2466 admo-

220 2490 283 2519 net
291 2483 389 2519 enim
398 2495 464 2520 nos
471 2510 482 2528 ,
495 2483 642 2520 herbam
651 2485 742 2520 vices
752 2483 901 2519 vestium

219 2537 453 2584 stragularum
472 2538 678 2584 praestitisse.
695 2540 879 2574 Venantes
890 2563 900 2582 ,

221 2589 265 2625 ad
276 2589 511 2625 imitationem
521 2591 599 2626 vitae
610 2590 780 2635 militaris,
793 2591 903 2637 quies-

221 2649 342 2678 centes
371 2642 474 2688 capiti
510 2643 755 2689 supponebant
794 2656 901 2678 arma.

223 2694 343 2731 cerda
360 2694 404 2729 ad
416 2695 539 2742 virgil.
559 2694 704 2730 AEneid.
716 2696 790 2731 VII
803 2722 813 2740 ,
829 2696 904 2740 460.

222 2765 267 2775 ·—
285 2749 419 2784 Pictam
435 2774 444 2793 ,
472 2747 673 2784 distinctam
687 2774 697 2793 ,
728 2748 796 2784 nisi
819 2761 905 2784 auro

1574 949 1643 994 425

962 1064 1151 1103 argentove
1165 1085 1175 1102 ‚
1202 1065 1296 1094 certe
1314 1059 1419 1095 ebore
1442 1067 1502 1096 aut
1524 1074 1646 1098 cornu.

959 1127 1006 1136 ·—·
1032 1112 1173 1152 Posito,
1198 1112 1437 1148 recumbente.
1458 1131 1503 1141 ——
1526 1115 1649 1150 Cuslos

961 1169 1077 1207 potest
1093 1163 1265 1199 arbitrum
1281 1165 1476 1211 significare
1490 1193 1500 1210 ‚
1518 1173 1560 1202 ut
1574 1180 1650 1202 cus-

961 1218 1039 1250 toda
1059 1229 1190 1250 vacans
1212 1216 1257 1251 sit
1283 1216 1379 1252 idem
1400 1231 1506 1263 quam
1520 1244 1530 1261 ,
1559 1220 1622 1263 544
1638 1247 1647 1263 ,

961 1270 1183 1303 inobservata.
1206 1268 1276 1303 Sed
1296 1269 1403 1304 etiam
1418 1271 1596 1316 virginum
1614 1279 1651 1306 et

962 1327 1156 1365 nuptarum
1167 1320 1329 1356 custodes
1342 1328 1443 1356 erant
1454 1335 1462 1356 :
1474 1322 1511 1357 Π
1522 1323 1650 1357 Amor.

963 1383 1021 1416 lv,
1041 1373 1093 1407 23.
1112 1372 1319 1409 Petulanter
1342 1374 1550 1420 loquentem
1574 1376 1647 1410 Jo-

962 1438 1043 1461 vem
1061 1425 1209 1461 inducit.

1006 1479 1081 1523 424.
1107 1479 1193 1513 Sunt
1212 1491 1232 1513 ο
1242 1505 1252 1521 ,
1287 1484 1369 1514 sunt
1379 1480 1499 1526 jurgia
1524 1485 1618 1516 lanli
1633 1486 1650 1512 Ρ

963 1528 1087 1565 Codex
1104 1530 1236 1577 Regius
1249 1530 1279 1565 B
1290 1557 1299 1575 ‚
1316 1537 1412 1573 sunl,
1428 1546 1448 1566 ο
1464 1534 1651 1578 luajurgia

961 1585 1059 1616 tanti.
1080 1581 1173 1627 Quae
1184 1582 1262 1618 lect.
1275 1596 1347 1618 non
1361 1584 1552 1629 rejicienda
1563 1585 1651 1620 mihi

960 1633 1101 1669 videtur
1111 1649 1119 1678 ;
1130 1635 1259 1671 scilicet
1271 1638 1335 1671 boc
1334 1636 1468 1680 furlum
1481 1650 1557 1671 rnea
1567 1651 1651 1672 con-

952 1686 1024 1732 jux
1044 1693 1131 1724 certe
1153 1693 1280 1724 nesciet
1299 1703 1309 1724 .·
1326 1692 1379 1725 sac
1395 1698 1515 1726 tamen
1531 1691 1565 1726 id
1589 1705 1649 1726 rc-

961 1744 1089 1784 scien&
1097 1755 1118 1776 o
1123 1755 1219 1784 uxor,
1230 1749 1350 1777 suntne
1356 1748 1417 1779 lua
1413 1745 1535 1789 jurgia
1543 1748 1653 1782 santi?

964 1799 1022 1833 Qus
1032 1800 1198 1834 m’importc,
1208 1802 1226 1825 ὰ
1235 1801 1353 1836 cept-ix,
1363 1806 1393 1826 ta
1401 1801 1504 1834 jalousc
1515 1802 1630 1835 querclle
1637 1801 1652 1825 3

963 1848 1126 1882 Vividior
1137 1861 1220 1884 sane
1235 1849 1299 1884 ista
1311 1850 1520 1896 apostrophe
1532 1865 1540 1893 ;
1555 1858 1590 1886 et
1603 1851 1652 1886 ita

962 1899 1125 1946 intelligit
1145 1902 1271 1946 Gt'cw'g.
1297 1901 1388 1936 Vide
1415 1906 1490 1948 sqq'.
1515 1904 1582 1938 Ed.
1605 1923 1649 1930 -

968 1953 1004 1986 T
998 1956 1076 1987 anti
1083 1966 1157 1988 esse
1170 1952 1348 1999 dicuntur,
1363 1968 1439 2000 quae
1450 1962 1522 1990 tam
1533 1956 1651 2002 gravia

962 2013 1045 2040 sunt
1056 2033 1065 2047 ,
1086 2013 1124 2041 ut
1136 2019 1263 2041 eorum
1273 2020 1376 2042 causa
1387 2008 1517 2054 aliquid
1533 2010 1587 2044 vel
1601 2010 1648 2045 fa-

963 2060 1094 2095 ciamus
1114 2087 1124 2105 ,
1157 2061 1212 2095 vel
1243 2060 1456 2097 omittamus.
1490 2062 1649 2099 Suavitas

965 2112 1125 2158 quaedam
1137 2113 1271 2150 inestin
1279 2113 1555 2161 interrogatione
1567 2117 1650 2152 etin

964 2165 1114 2212 repetito
1124 2170 1213 2201 sunl.
1233 2166 1327 2203 Nota
1339 2167 1445 2202 etiam
1458 2169 1522 2203 boc
1531 2173 1629 2203 certe.

1007 2218 1082 2262 425.
1099 2218 1257 2253 Prolt'nus
1271 2220 1423 2253 induitur
1434 2226 1498 2255 etc.
1513 2219 1650 2266 Vulga-

964 2268 1012 2304 ris
1028 2276 1102 2304 erat
1121 2270 1262 2306 traditio
1276 2296 1286 2315 ,
1316 2271 1444 2306 Jovem
1462 2272 1649 2307 assimula—

965 2329 1044 2358 tum
1071 2336 1143 2358 esse
1170 2323 1306 2360 Dianae.
1332 2324 1404 2359 Alii
1429 2325 1620 2360 narrabant
1639 2352 1649 2370 ,

966 2388 1050 2410 eum
1079 2375 1251 2422 Apollinis
1281 2377 1434 2411 sormam
1464 2377 1623 2412 sumsisse
1642 2390 1650 2413 ε

965 2428 1045 2465 vide
1062 2429 1225 2476 Apollod.
1244 2428 1340 2464 Cum
1358 2430 1489 2465 Nostro
1505 2443 1651 2466 consen-

967 2482 1009 2517 tit
1029 2489 1064 2517 et
1091 2482 1239 2528 Amphis
1263 2482 1354 2528 apud
1373 2483 1507 2530 Hygin.
1525 2485 1564 2520 P.
1582 2483 1649 2528 A.;

967 2534 1028 2571 sed
1045 2535 1102 2570 ille
1118 2548 1181 2570 suo
1199 2535 1307 2570 modo
1324 2545 1555 2583 persequutus
1570 2546 1622 2573 est
1641 2552 1651 2574 ε

967 2590 1119 2625 induitur
1123 2592 1248 2624 cullum
1258 2590 1384 2625 Diana
1391 2617 1400 2632 ,
1412 2590 1472 2625 'cin
1477 2591 1571 2638 gitur
1578 2592 1651 2635 ritu

969 2641 1095 2676 Dianae
1108 2668 1117 2685 ‚
1136 2648 1172 2676 et
1186 2642 1294 2677 sumit
1312 2655 1433 2678 arcum
1449 2656 1530 2680 cum
1554 2644 1650 2690 pha-

969 2702 1074 2730 retra.
1091 2694 1147 2729 De
1157 2694 1210 2730 his
1219 2695 1324 2730 armis
1333 2699 1445 2732 cultus
1453 2724 1461 2738 ‚
1477 2697 1584 2732 etiam
1597 2698 1630 2732 X
1638 2724 1650 2742 ,

972 2751 1009 2783 51
1019 2762 1046 2793 7.
1064 2748 1163 2785 Arc'u
1172 2756 1292 2785 autem
1303 2762 1411 2786 aureo
1421 2750 1566 2797 insignis
1576 2757 1652 2787 erat
