<?xml version="1.0" encoding="UTF-8"?>
<!DOCTYPE html PUBLIC "-//W3C//DTD XHTML 1.0 Transitional//EN"
    "http://www.w3.org/TR/xhtml1/DTD/xhtml1-transitional.dtd">
<html xmlns="http://www.w3.org/1999/xhtml" xml:lang="en" lang="en">
 <head>
  <title>
</title>
<meta http-equiv="Content-Type" content="text/html;charset=utf-8" />
  <meta name='ocr-system' content='tesseract 3.04.00' />
  <meta name='ocr-capabilities' content='ocr_page ocr_carea ocr_par ocr_line ocrx_word'/>
</head>
<body>
  <div class='ocr_page' id='page_1' title='image "./quaeextantomniao03oviduoft_0218.png"; bbox 0 0 1832 3100; ppageno 0'>
   <div class='ocr_carea' id='block_1_1' title="bbox 282 253 364 297">
    <p class='ocr_par' dir='ltr' id='par_1_1' title="bbox 282 253 364 297">
     <span class='ocr_line' id='line_1_1' title="bbox 282 253 364 297; baseline 0 -1"><span class='ocrx_word' id='word_1_1' title='bbox 282 253 364 297; x_wconf 80' lang='lat'><strong>186</strong></span> 
     </span>
    </p>
   </div>
   <div class='ocr_carea' id='block_1_2' title="bbox 649 254 1331 326">
    <p class='ocr_par' dir='ltr' id='par_1_2' title="bbox 649 254 1331 326">
     <span class='ocr_line' id='line_1_2' title="bbox 649 254 1331 326; baseline 0.004 -28"><span class='ocrx_word' id='word_1_2' title='bbox 649 256 701 326; x_wconf 70' lang='grc' dir='ltr'><strong>Ρ.ι</strong></span> <span class='ocrx_word' id='word_1_3' title='bbox 745 254 988 301; x_wconf 91' lang='lat' dir='ltr'><strong>OVIDII</strong></span> <span class='ocrx_word' id='word_1_4' title='bbox 1022 255 1331 301; x_wconf 89' lang='lat' dir='ltr'><strong>NASONIS</strong></span> 
     </span>
    </p>
   </div>
   <div class='ocr_carea' id='block_1_3' title="bbox 283 346 1427 417">
    <p class='ocr_par' dir='ltr' id='par_1_3' title="bbox 283 346 1427 417">
     <span class='ocr_line' id='line_1_3' title="bbox 283 346 1427 417; baseline 0.003 -24"><span class='ocrx_word' id='word_1_5' title='bbox 283 346 596 412; x_wconf 83' lang='lat' dir='ltr'><strong>Oceanumque</strong></span> <span class='ocrx_word' id='word_1_6' title='bbox 621 365 790 406; x_wconf 83' lang='lat' dir='ltr'><strong>senem3</strong></span> <span class='ocrx_word' id='word_1_7' title='bbox 817 367 1006 414; x_wconf 88' lang='lat' dir='ltr'><strong>quorum</strong></span> <span class='ocrx_word' id='word_1_8' title='bbox 1028 348 1268 417; x_wconf 84' lang='lat' dir='ltr'><strong>reverentia</strong></span> <span class='ocrx_word' id='word_1_9' title='bbox 1290 348 1427 396; x_wconf 91' lang='lat' dir='ltr'><strong>movit</strong></span> 
     </span>
    </p>
   </div>
   <div class='ocr_carea' id='block_1_4' title="bbox 1623 361 1688 398">
    <p class='ocr_par' dir='ltr' id='par_1_4' title="bbox 1623 361 1688 398">
     <span class='ocr_line' id='line_1_4' title="bbox 1623 361 1688 398; baseline 0 0"><span class='ocrx_word' id='word_1_10' title='bbox 1623 361 1688 398; x_wconf 77' lang='lat'><strong>510</strong></span> 
     </span>
    </p>
   </div>
   <div class='ocr_carea' id='block_1_5' title="bbox 276 422 1558 722">
    <p class='ocr_par' dir='ltr' id='par_1_5' title="bbox 279 422 1391 491">
     <span class='ocr_line' id='line_1_5' title="bbox 279 422 1391 491; baseline 0.003 -22"><span class='ocrx_word' id='word_1_11' title='bbox 279 422 400 488; x_wconf 84' lang='lat' dir='ltr'><strong>Saepe</strong></span> <span class='ocrx_word' id='word_1_12' title='bbox 426 423 547 471; x_wconf 82' lang='lat' dir='ltr'><strong>Deos</strong></span> <span class='ocrx_word' id='word_1_13' title='bbox 566 442 576 481; x_wconf 94' lang='grc'>;</span> <span class='ocrx_word' id='word_1_14' title='bbox 603 442 863 491; x_wconf 84' lang='lat' dir='ltr'>causamque</span> <span class='ocrx_word' id='word_1_15' title='bbox 884 424 963 473; x_wconf 89' lang='lat' dir='ltr'><strong>viae</strong></span> <span class='ocrx_word' id='word_1_16' title='bbox 985 425 1246 473; x_wconf 79' lang='lat' dir='ltr'><strong>scitantibus</strong></span> <span class='ocrx_word' id='word_1_17' title='bbox 1264 424 1391 473; x_wconf 85' lang='lat' dir='ltr'><strong>infit:</strong></span> 
     </span>
    </p>

    <p class='ocr_par' dir='ltr' id='par_1_6' title="bbox 278 499 1339 567">
     <span class='ocr_line' id='line_1_6' title="bbox 278 499 1339 567; baseline 0.004 -21"><span class='ocrx_word' id='word_1_18' title='bbox 278 520 301 540; x_wconf 89' lang='lat'><strong><em>«</em></strong></span> <span class='ocrx_word' id='word_1_19' title='bbox 328 499 562 562; x_wconf 81' lang='lat' dir='ltr'><strong>Quaeritis,</strong></span> <span class='ocrx_word' id='word_1_20' title='bbox 591 500 788 549; x_wconf 83' lang='lat' dir='ltr'><strong>aethereis</strong></span> <span class='ocrx_word' id='word_1_21' title='bbox 811 520 944 567; x_wconf 88' lang='lat' dir='ltr'><strong>quare</strong></span> <span class='ocrx_word' id='word_1_22' title='bbox 968 502 1119 564; x_wconf 87' lang='lat' dir='ltr'><strong>regina</strong></span> <span class='ocrx_word' id='word_1_23' title='bbox 1140 503 1339 550; x_wconf 86' lang='lat' dir='ltr'><strong>Deorum</strong></span> 
     </span>
    </p>

    <p class='ocr_par' dir='ltr' id='par_1_7' title="bbox 276 575 1508 644">
     <span class='ocr_line' id='line_1_7' title="bbox 276 575 1508 644; baseline 0.002 -21"><span class='ocrx_word' id='word_1_24' title='bbox 276 598 301 618; x_wconf 85' lang='lat'>»</span> <span class='ocrx_word' id='word_1_25' title='bbox 330 575 518 625; x_wconf 81' lang='lat' dir='ltr'><strong>Sedibus</strong></span> <span class='ocrx_word' id='word_1_26' title='bbox 543 577 630 624; x_wconf 91' lang='lat' dir='ltr'><strong>huc</strong></span> <span class='ocrx_word' id='word_1_27' title='bbox 650 577 822 626; x_wconf 82' lang='lat' dir='ltr'><strong>adsim?</strong></span> <span class='ocrx_word' id='word_1_28' title='bbox 841 597 924 644; x_wconf 90' lang='lat' dir='ltr'><strong>pro</strong></span> <span class='ocrx_word' id='word_1_29' title='bbox 947 597 1014 627; x_wconf 93' lang='lat' dir='ltr'><strong>me</strong></span> <span class='ocrx_word' id='word_1_30' title='bbox 1039 590 1161 627; x_wconf 88' lang='lat' dir='ltr'><strong>tenet</strong></span> <span class='ocrx_word' id='word_1_31' title='bbox 1183 578 1318 627; x_wconf 87' lang='lat' dir='ltr'><strong>altera</strong></span> <span class='ocrx_word' id='word_1_32' title='bbox 1342 577 1508 627; x_wconf 85' lang='lat' dir='ltr'><strong>caelum.</strong></span> 
     </span>
    </p>

    <p class='ocr_par' dir='ltr' id='par_1_8' title="bbox 276 653 1558 722">
     <span class='ocr_line' id='line_1_8' title="bbox 276 653 1558 722; baseline 0.002 -21"><span class='ocrx_word' id='word_1_33' title='bbox 276 674 299 694; x_wconf 72' lang='lat'><strong>³&gt;</strong></span> <span class='ocrx_word' id='word_1_34' title='bbox 325 653 536 711; x_wconf 86' lang='lat' dir='ltr'><strong>Mentiar,</strong></span> <span class='ocrx_word' id='word_1_35' title='bbox 563 655 800 703; x_wconf 90' lang='lat' dir='ltr'><strong>obscurum</strong></span> <span class='ocrx_word' id='word_1_36' title='bbox 822 655 908 704; x_wconf 84' lang='lat' dir='ltr'><strong>nisi</strong></span> <span class='ocrx_word' id='word_1_37' title='bbox 930 674 1018 704; x_wconf 89' lang='lat' dir='ltr'><strong>nox</strong></span> <span class='ocrx_word' id='word_1_38' title='bbox 1044 675 1181 722; x_wconf 91' lang='lat' dir='ltr'><strong>quum</strong></span> <span class='ocrx_word' id='word_1_39' title='bbox 1203 655 1355 704; x_wconf 66' lang='lat' dir='ltr'><strong>fecerit</strong></span> <span class='ocrx_word' id='word_1_40' title='bbox 1377 655 1558 714; x_wconf 87' lang='lat' dir='ltr'><strong>orbem,</strong></span> 
     </span>
    </p>
   </div>
   <div class='ocr_carea' id='block_1_6' title="bbox 272 730 1438 796">
    <p class='ocr_par' dir='ltr' id='par_1_9' title="bbox 272 730 1438 796">
     <span class='ocr_line' id='line_1_9' title="bbox 272 730 1438 796; baseline 0.003 -19"><span class='ocrx_word' id='word_1_41' title='bbox 272 750 297 771; x_wconf 82' lang='lat'><strong>&gt;›</strong></span> <span class='ocrx_word' id='word_1_42' title='bbox 326 730 477 796; x_wconf 84' lang='lat' dir='ltr'><strong>Nuper</strong></span> <span class='ocrx_word' id='word_1_43' title='bbox 500 730 736 780; x_wconf 87' lang='lat' dir='ltr'><strong>honoratas</strong></span> <span class='ocrx_word' id='word_1_44' title='bbox 763 751 957 791; x_wconf 91' lang='lat' dir='ltr'><strong>summo,</strong></span> <span class='ocrx_word' id='word_1_45' title='bbox 984 751 1079 782; x_wconf 87' lang='lat' dir='ltr'><strong>mea</strong></span> <span class='ocrx_word' id='word_1_46' title='bbox 1101 732 1304 791; x_wconf 85' lang='lat' dir='ltr'><strong>vulnera,</strong></span> <span class='ocrx_word' id='word_1_47' title='bbox 1330 732 1438 781; x_wconf 84' lang='lat' dir='ltr'><strong>caelo</strong></span> 
     </span>
    </p>
   </div>
   <div class='ocr_carea' id='block_1_7' title="bbox 1623 745 1687 787">
    <p class='ocr_par' dir='ltr' id='par_1_10' title="bbox 1623 745 1687 787">
     <span class='ocr_line' id='line_1_10' title="bbox 1623 745 1687 787; baseline 0 -6"><span class='ocrx_word' id='word_1_48' title='bbox 1623 745 1687 787; x_wconf 68' lang='lat'><strong>515</strong></span> 
     </span>
    </p>
   </div>
   <div class='ocr_carea' id='block_1_8' title="bbox 275 813 1308 874">
    <p class='ocr_par' dir='ltr' id='par_1_11' title="bbox 275 813 1308 874">
     <span class='ocr_line' id='line_1_11' title="bbox 275 813 1308 874; baseline 0.005 -15"><span class='ocrx_word' id='word_1_49' title='bbox 275 834 298 854; x_wconf 85' lang='lat'><strong>&gt;›</strong></span> <span class='ocrx_word' id='word_1_50' title='bbox 325 813 536 862; x_wconf 84' lang='lat' dir='ltr'><strong>Videritis</strong></span> <span class='ocrx_word' id='word_1_51' title='bbox 563 814 709 862; x_wconf 86' lang='lat' dir='ltr'><strong>stellas</strong></span> <span class='ocrx_word' id='word_1_52' title='bbox 734 815 845 874; x_wconf 87' lang='lat' dir='ltr'><strong>illic,</strong></span> <span class='ocrx_word' id='word_1_53' title='bbox 871 816 952 864; x_wconf 91' lang='lat' dir='ltr'><strong>ubi</strong></span> <span class='ocrx_word' id='word_1_54' title='bbox 973 816 1161 865; x_wconf 91' lang='lat' dir='ltr'><strong>circulus</strong></span> <span class='ocrx_word' id='word_1_55' title='bbox 1186 835 1308 865; x_wconf 89' lang='lat' dir='ltr'><strong>axem</strong></span> 
     </span>
    </p>
   </div>
   <div class='ocr_carea' id='block_1_9' title="bbox 277 893 1520 964">
    <p class='ocr_par' dir='ltr' id='par_1_12' title="bbox 277 893 1520 964">
     <span class='ocr_line' id='line_1_12' title="bbox 277 893 1520 964; baseline 0.003 -24"><span class='ocrx_word' id='word_1_56' title='bbox 277 915 301 935; x_wconf 84' lang='lat'><strong>&gt;›</strong></span> <span class='ocrx_word' id='word_1_57' title='bbox 329 893 525 942; x_wconf 87' lang='lat' dir='ltr'><strong>Ultimus</strong></span> <span class='ocrx_word' id='word_1_58' title='bbox 549 907 788 944; x_wconf 89' lang='lat' dir='ltr'><strong>extremum</strong></span> <span class='ocrx_word' id='word_1_59' title='bbox 811 898 1043 964; x_wconf 89' lang='lat' dir='ltr'><strong>spatioque</strong></span> <span class='ocrx_word' id='word_1_60' title='bbox 1064 896 1348 945; x_wconf 88' lang='lat' dir='ltr'><strong>brevissimus</strong></span> <span class='ocrx_word' id='word_1_61' title='bbox 1368 896 1520 945; x_wconf 86' lang='lat' dir='ltr'><strong>ambit.</strong></span> 
     </span>
    </p>
   </div>
   <div class='ocr_carea' id='block_1_10' title="bbox 273 976 1365 1042">
    <p class='ocr_par' dir='ltr' id='par_1_13' title="bbox 273 976 1365 1042">
     <span class='ocr_line' id='line_1_13' title="bbox 273 976 1365 1042; baseline 0.003 -20"><span class='ocrx_word' id='word_1_62' title='bbox 273 995 297 1015; x_wconf 70' lang='lat'><strong>³)</strong></span> <span class='ocrx_word' id='word_1_63' title='bbox 324 976 407 1022; x_wconf 89' lang='lat' dir='ltr'><strong>Est</strong></span> <span class='ocrx_word' id='word_1_64' title='bbox 429 995 552 1034; x_wconf 84' lang='lat' dir='ltr'><strong>vero,</strong></span> <span class='ocrx_word' id='word_1_65' title='bbox 578 995 655 1024; x_wconf 91' lang='lat' dir='ltr'><strong>cur</strong></span> <span class='ocrx_word' id='word_1_66' title='bbox 679 977 777 1042; x_wconf 89' lang='lat' dir='ltr'><strong>quis</strong></span> <span class='ocrx_word' id='word_1_67' title='bbox 799 979 1026 1026; x_wconf 86' lang='lat' dir='ltr'><strong>Junonem</strong></span> <span class='ocrx_word' id='word_1_68' title='bbox 1050 977 1204 1027; x_wconf 83' lang='lat' dir='ltr'><strong>laedere</strong></span> <span class='ocrx_word' id='word_1_69' title='bbox 1226 977 1365 1035; x_wconf 90' lang='lat' dir='ltr'><strong>nolit,</strong></span> 
     </span>
    </p>
   </div>
   <div class='ocr_carea' id='block_1_11' title="bbox 272 1055 1541 1126">
    <p class='ocr_par' dir='ltr' id='par_1_14' title="bbox 272 1055 1541 1126">
     <span class='ocr_line' id='line_1_14' title="bbox 272 1055 1541 1126; baseline 0.002 -23"><span class='ocrx_word' id='word_1_70' title='bbox 272 1077 296 1097; x_wconf 82' lang='lat'><strong>&gt;›</strong></span> <span class='ocrx_word' id='word_1_71' title='bbox 325 1055 642 1123; x_wconf 89' lang='lat' dir='ltr'><strong>Offensamque</strong></span> <span class='ocrx_word' id='word_1_72' title='bbox 666 1069 843 1117; x_wconf 85' lang='lat' dir='ltr'><strong>tremat,</strong></span> <span class='ocrx_word' id='word_1_73' title='bbox 868 1078 963 1125; x_wconf 83' lang='lat' dir='ltr'><strong>quae</strong></span> <span class='ocrx_word' id='word_1_74' title='bbox 986 1059 1157 1126; x_wconf 81' lang='lat' dir='ltr'><strong>prosim</strong></span> <span class='ocrx_word' id='word_1_75' title='bbox 1181 1058 1275 1106; x_wconf 90' lang='lat' dir='ltr'><strong>sola</strong></span> <span class='ocrx_word' id='word_1_76' title='bbox 1297 1057 1541 1107; x_wconf 77' lang='lat' dir='ltr'><strong>nocendo?</strong></span> 
     </span>
    </p>
   </div>
   <div class='ocr_carea' id='block_1_12' title="bbox 265 1198 947 1556">
    <p class='ocr_par' dir='ltr' id='par_1_15' title="bbox 265 1198 947 1556">
     <span class='ocr_line' id='line_1_15' title="bbox 268 1198 947 1244; baseline 0.003 -11"><span class='ocrx_word' id='word_1_77' title='bbox 268 1205 304 1233; x_wconf 87' lang='lat' dir='ltr'><strong>et</strong></span> <span class='ocrx_word' id='word_1_78' title='bbox 326 1198 442 1234; x_wconf 80' lang='lat' dir='ltr'><strong>Vestae</strong></span> <span class='ocrx_word' id='word_1_79' title='bbox 464 1199 534 1234; x_wconf 84' lang='lat' dir='ltr'><strong>filia</strong></span> <span class='ocrx_word' id='word_1_80' title='bbox 558 1200 662 1235; x_wconf 78' lang='lat' dir='ltr'><strong>fuisse</strong></span> <span class='ocrx_word' id='word_1_81' title='bbox 687 1200 833 1244; x_wconf 85' lang='lat' dir='ltr'><strong>dicitur,</strong></span> <span class='ocrx_word' id='word_1_82' title='bbox 860 1214 947 1235; x_wconf 83' lang='lat' dir='ltr'><strong>uxor</strong></span> 
     </span>
     <span class='ocr_line' id='line_1_16' title="bbox 270 1251 946 1297; baseline 0.004 -11"><span class='ocrx_word' id='word_1_83' title='bbox 270 1251 405 1287; x_wconf 85' lang='lat' dir='ltr'><strong>Oceani</strong></span> <span class='ocrx_word' id='word_1_84' title='bbox 421 1266 460 1287; x_wconf 83' lang='lat' dir='ltr'><strong>ac</strong></span> <span class='ocrx_word' id='word_1_85' title='bbox 475 1253 627 1287; x_wconf 90' lang='lat' dir='ltr'><strong>Junonis</strong></span> <span class='ocrx_word' id='word_1_86' title='bbox 644 1253 762 1289; x_wconf 85' lang='lat' dir='ltr'><strong>nutrix</strong></span> <span class='ocrx_word' id='word_1_87' title='bbox 774 1280 783 1297; x_wconf 88' lang='lat'><strong>,</strong></span> <span class='ocrx_word' id='word_1_88' title='bbox 808 1254 946 1289; x_wconf 87' lang='lat' dir='ltr'><strong>multo—</strong></span> 
     </span>
     <span class='ocr_line' id='line_1_17' title="bbox 267 1304 946 1349; baseline 0.003 -12"><span class='ocrx_word' id='word_1_89' title='bbox 267 1316 417 1349; x_wconf 83' lang='lat' dir='ltr'><strong>rumque</strong></span> <span class='ocrx_word' id='word_1_90' title='bbox 430 1304 591 1339; x_wconf 88' lang='lat' dir='ltr'><strong>Deorum</strong></span> <span class='ocrx_word' id='word_1_91' title='bbox 602 1312 717 1340; x_wconf 86' lang='lat' dir='ltr'><strong>mater</strong></span> <span class='ocrx_word' id='word_1_92' title='bbox 728 1331 737 1348; x_wconf 91' lang='lat'><strong>,</strong></span> <span class='ocrx_word' id='word_1_93' title='bbox 750 1305 844 1340; x_wconf 89' lang='lat' dir='ltr'><strong>unde</strong></span> <span class='ocrx_word' id='word_1_94' title='bbox 857 1306 889 1340; x_wconf 92' lang='lat' dir='ltr'><strong>ei</strong></span> <span class='ocrx_word' id='word_1_95' title='bbox 899 1312 946 1339; x_wconf 87' lang='lat' dir='ltr'><strong>at-</strong></span> 
     </span>
     <span class='ocr_line' id='line_1_18' title="bbox 268 1355 945 1403; baseline 0.003 -13"><span class='ocrx_word' id='word_1_96' title='bbox 268 1369 335 1402; x_wconf 89' lang='lat' dir='ltr'><strong>que</strong></span> <span class='ocrx_word' id='word_1_97' title='bbox 354 1355 499 1392; x_wconf 85' lang='lat' dir='ltr'><strong>Oceano</strong></span> <span class='ocrx_word' id='word_1_98' title='bbox 516 1370 642 1403; x_wconf 84' lang='lat' dir='ltr'><strong>magna</strong></span> <span class='ocrx_word' id='word_1_99' title='bbox 653 1358 862 1392; x_wconf 84' lang='lat' dir='ltr'><strong>reverentia.</strong></span> <span class='ocrx_word' id='word_1_100' title='bbox 878 1359 945 1392; x_wconf 83' lang='lat' dir='ltr'><strong>Ed.</strong></span> 
     </span>
     <span class='ocr_line' id='line_1_19' title="bbox 265 1408 946 1456; baseline 0.003 -14"><span class='ocrx_word' id='word_1_101' title='bbox 265 1427 309 1433; x_wconf 91' lang='lat'>-</span> <span class='ocrx_word' id='word_1_102' title='bbox 320 1409 428 1443; x_wconf 75' lang='lat' dir='ltr'><strong>Senex</strong></span> <span class='ocrx_word' id='word_1_103' title='bbox 445 1408 609 1444; x_wconf 86' lang='lat' dir='ltr'><strong>Oceanus</strong></span> <span class='ocrx_word' id='word_1_104' title='bbox 624 1409 770 1456; x_wconf 86' lang='lat' dir='ltr'><strong>fingitur</strong></span> <span class='ocrx_word' id='word_1_105' title='bbox 786 1410 893 1444; x_wconf 85' lang='lat' dir='ltr'><strong>etiam</strong></span> <span class='ocrx_word' id='word_1_106' title='bbox 910 1410 946 1443; x_wconf 89' lang='lat' dir='ltr'><strong>in</strong></span> 
     </span>
     <span class='ocr_line' id='line_1_20' title="bbox 266 1461 945 1506; baseline 0.004 -13"><span class='ocrx_word' id='word_1_107' title='bbox 266 1461 507 1495; x_wconf 79' lang='lat' dir='ltr'><strong>monumentis</strong></span> <span class='ocrx_word' id='word_1_108' title='bbox 530 1461 680 1506; x_wconf 82' lang='lat' dir='ltr'><strong>antiquis</strong></span> <span class='ocrx_word' id='word_1_109' title='bbox 709 1463 717 1496; x_wconf 73' lang='grc' dir='ltr'>ἐ</span> <span class='ocrx_word' id='word_1_110' title='bbox 743 1462 820 1496; x_wconf 88' lang='lat' dir='ltr'><strong>vide</strong></span> <span class='ocrx_word' id='word_1_111' title='bbox 844 1461 945 1496; x_wconf 84' lang='lat' dir='ltr'><strong>Gro-</strong></span> 
     </span>
     <span class='ocr_line' id='line_1_21' title="bbox 265 1512 943 1556; baseline 0.001 -10"><span class='ocrx_word' id='word_1_112' title='bbox 265 1512 425 1556; x_wconf 87' lang='lat' dir='ltr'><strong>novium,</strong></span> <span class='ocrx_word' id='word_1_113' title='bbox 436 1513 479 1546; x_wconf 86' lang='lat' dir='ltr'><strong>ad</strong></span> <span class='ocrx_word' id='word_1_114' title='bbox 488 1513 634 1556; x_wconf 86' lang='lat' dir='ltr'><strong>Melam,</strong></span> <span class='ocrx_word' id='word_1_115' title='bbox 643 1513 777 1556; x_wconf 86' lang='lat' dir='ltr'><strong>lib.111‚</strong></span> <span class='ocrx_word' id='word_1_116' title='bbox 792 1527 802 1546; x_wconf 92' lang='grc' dir='ltr'>ι</span> <span class='ocrx_word' id='word_1_117' title='bbox 811 1539 820 1556; x_wconf 86' lang='grc'>,</span> <span class='ocrx_word' id='word_1_118' title='bbox 831 1513 943 1556; x_wconf 83' lang='lat' dir='ltr'><strong>initio,</strong></span> 
     </span>
    </p>
   </div>
   <div class='ocr_carea' id='block_1_13' title="bbox 265 1565 977 1611">
    <p class='ocr_par' dir='ltr' id='par_1_16' title="bbox 265 1565 977 1611">
     <span class='ocr_line' id='line_1_22' title="bbox 265 1565 977 1611; baseline 0 -12"><span class='ocrx_word' id='word_1_119' title='bbox 265 1565 326 1599; x_wconf 90' lang='lat' dir='ltr'><strong>ubi</strong></span> <span class='ocrx_word' id='word_1_120' title='bbox 346 1565 477 1611; x_wconf 85' lang='lat' dir='ltr'><strong>effigies</strong></span> <span class='ocrx_word' id='word_1_121' title='bbox 497 1566 572 1610; x_wconf 86' lang='lat' dir='ltr'><strong>ejus</strong></span> <span class='ocrx_word' id='word_1_122' title='bbox 590 1578 757 1611; x_wconf 80' lang='lat' dir='ltr'><strong>expressa.</strong></span> <span class='ocrx_word' id='word_1_123' title='bbox 783 1565 945 1600; x_wconf 88' lang='lat' dir='ltr'><strong>Omnino</strong></span> <span class='ocrx_word' id='word_1_124' title='bbox 970 1585 977 1591; x_wconf 56' lang='grc' dir='ltr'><em>ν</em></span> 
     </span>
    </p>
   </div>
   <div class='ocr_carea' id='block_1_14' title="bbox 234 1617 946 2808">
    <p class='ocr_par' dir='ltr' id='par_1_17' title="bbox 234 1617 946 2808">
     <span class='ocr_line' id='line_1_23' title="bbox 264 1617 943 1662; baseline 0.001 -11"><span class='ocrx_word' id='word_1_125' title='bbox 264 1617 326 1652; x_wconf 86' lang='lat' dir='ltr'><strong>Dii</strong></span> <span class='ocrx_word' id='word_1_126' title='bbox 338 1618 466 1652; x_wconf 82' lang='lat' dir='ltr'><strong>marini</strong></span> <span class='ocrx_word' id='word_1_127' title='bbox 480 1631 579 1652; x_wconf 90' lang='lat' dir='ltr'><strong>senes</strong></span> <span class='ocrx_word' id='word_1_128' title='bbox 591 1618 811 1652; x_wconf 77' lang='lat' dir='ltr'><strong>habebantur</strong></span> <span class='ocrx_word' id='word_1_129' title='bbox 821 1644 830 1662; x_wconf 91' lang='lat'><strong>,</strong></span> <span class='ocrx_word' id='word_1_130' title='bbox 848 1618 943 1652; x_wconf 87' lang='lat' dir='ltr'><strong>unde</strong></span> 
     </span>
     <span class='ocr_line' id='line_1_24' title="bbox 265 1669 945 1715; baseline 0 -12"><span class='ocrx_word' id='word_1_131' title='bbox 265 1683 353 1703; x_wconf 83' lang='lat' dir='ltr'><strong>cana</strong></span> <span class='ocrx_word' id='word_1_132' title='bbox 381 1671 514 1715; x_wconf 77' lang='lat' dir='ltr'><strong>Tethys.</strong></span> <span class='ocrx_word' id='word_1_133' title='bbox 537 1669 707 1704; x_wconf 78' lang='lat' dir='ltr'><strong>Senectus</strong></span> <span class='ocrx_word' id='word_1_134' title='bbox 731 1669 822 1714; x_wconf 86' lang='lat' dir='ltr'><strong>parit</strong></span> <span class='ocrx_word' id='word_1_135' title='bbox 846 1682 945 1704; x_wconf 72' lang='lat' dir='ltr'><strong>reve-</strong></span> 
     </span>
     <span class='ocr_line' id='line_1_25' title="bbox 263 1724 944 1769; baseline 0.001 -12"><span class='ocrx_word' id='word_1_136' title='bbox 263 1727 423 1765; x_wconf 77' lang='lat' dir='ltr'><strong>rentiam,</strong></span> <span class='ocrx_word' id='word_1_137' title='bbox 444 1737 511 1769; x_wconf 90' lang='lat' dir='ltr'><strong>qua</strong></span> <span class='ocrx_word' id='word_1_138' title='bbox 527 1724 575 1759; x_wconf 89' lang='lat' dir='ltr'><strong>illi</strong></span> <span class='ocrx_word' id='word_1_139' title='bbox 589 1724 685 1759; x_wconf 89' lang='lat' dir='ltr'><strong>Deos</strong></span> <span class='ocrx_word' id='word_1_140' title='bbox 697 1728 846 1765; x_wconf 68' lang='lat' dir='ltr'><strong>movent,</strong></span> <span class='ocrx_word' id='word_1_141' title='bbox 868 1724 944 1758; x_wconf 87' lang='lat' dir='ltr'><strong>im·-</strong></span> 
     </span>
     <span class='ocr_line' id='line_1_26' title="bbox 264 1775 945 1822; baseline 0.001 -13"><span class='ocrx_word' id='word_1_142' title='bbox 264 1775 400 1821; x_wconf 86' lang='lat' dir='ltr'><strong>pellunt</strong></span> <span class='ocrx_word' id='word_1_143' title='bbox 409 1802 418 1820; x_wconf 89' lang='lat'><strong>,</strong></span> <span class='ocrx_word' id='word_1_144' title='bbox 435 1783 475 1810; x_wconf 89' lang='lat' dir='ltr'><strong>ut</strong></span> <span class='ocrx_word' id='word_1_145' title='bbox 491 1776 533 1811; x_wconf 87' lang='lat' dir='ltr'><strong>ab</strong></span> <span class='ocrx_word' id='word_1_146' title='bbox 546 1776 626 1821; x_wconf 88' lang='lat' dir='ltr'><strong>ipsis</strong></span> <span class='ocrx_word' id='word_1_147' title='bbox 638 1775 802 1810; x_wconf 88' lang='lat' dir='ltr'><strong>auxilium</strong></span> <span class='ocrx_word' id='word_1_148' title='bbox 813 1783 945 1822; x_wconf 90' lang='lat' dir='ltr'><strong>petant.</strong></span> 
     </span>
     <span class='ocr_line' id='line_1_27' title="bbox 310 1828 946 1872; baseline 0.003 -10"><span class='ocrx_word' id='word_1_149' title='bbox 310 1830 384 1863; x_wconf 84' lang='lat'><strong>512.</strong></span> <span class='ocrx_word' id='word_1_150' title='bbox 398 1830 555 1863; x_wconf 80' lang='lat' dir='ltr'><strong>Deorum.</strong></span> <span class='ocrx_word' id='word_1_151' title='bbox 570 1829 660 1863; x_wconf 89' lang='lat' dir='ltr'><strong>Tres</strong></span> <span class='ocrx_word' id='word_1_152' title='bbox 675 1828 839 1872; x_wconf 89' lang='lat' dir='ltr'><strong>Codices,</strong></span> <span class='ocrx_word' id='word_1_153' title='bbox 855 1830 946 1864; x_wconf 83' lang='lat' dir='ltr'><strong>Dea-</strong></span> 
     </span>
     <span class='ocr_line' id='line_1_28' title="bbox 265 1879 945 1925; baseline 0.001 -12"><span class='ocrx_word' id='word_1_154' title='bbox 265 1892 335 1913; x_wconf 85' lang='lat' dir='ltr'><strong>rum</strong></span> <span class='ocrx_word' id='word_1_155' title='bbox 348 1906 357 1920; x_wconf 87' lang='lat'><strong>,</strong></span> <span class='ocrx_word' id='word_1_156' title='bbox 384 1891 458 1914; x_wconf 89' lang='lat' dir='ltr'><strong>non</strong></span> <span class='ocrx_word' id='word_1_157' title='bbox 482 1879 705 1925; x_wconf 75' lang='lat' dir='ltr'><strong>improbante</strong></span> <span class='ocrx_word' id='word_1_158' title='bbox 725 1880 945 1914; x_wconf 80' lang='lat' dir='ltr'><strong>Burmanno.</strong></span> 
     </span>
     <span class='ocr_line' id='line_1_29' title="bbox 266 1930 946 1966; baseline 0.003 -2"><span class='ocrx_word' id='word_1_159' title='bbox 266 1949 309 1956; x_wconf 83' lang='lat'>—</span> <span class='ocrx_word' id='word_1_160' title='bbox 327 1932 473 1965; x_wconf 84' lang='lat' dir='ltr'><strong>Deorum</strong></span> <span class='ocrx_word' id='word_1_161' title='bbox 487 1931 577 1966; x_wconf 87' lang='lat' dir='ltr'><strong>bene</strong></span> <span class='ocrx_word' id='word_1_162' title='bbox 594 1943 635 1966; x_wconf 88' lang='lat' dir='ltr'><strong>ex</strong></span> <span class='ocrx_word' id='word_1_163' title='bbox 652 1930 840 1966; x_wconf 87' lang='lat' dir='ltr'><strong>Codicibus</strong></span> <span class='ocrx_word' id='word_1_164' title='bbox 855 1944 946 1966; x_wconf 90' lang='lat' dir='ltr'><strong>nos-</strong></span> 
     </span>
     <span class='ocr_line' id='line_1_30' title="bbox 234 1982 946 2030; baseline 0.006 -16"><span class='ocrx_word' id='word_1_165' title='bbox 234 2010 236 2013; x_wconf 29' lang='lat'><em>⁴</em></span> <span class='ocrx_word' id='word_1_166' title='bbox 264 1982 328 2016; x_wconf 82' lang='lat' dir='ltr'><strong>tris</strong></span> <span class='ocrx_word' id='word_1_167' title='bbox 344 1982 462 2029; x_wconf 87' lang='lat' dir='ltr'><strong>Regiis</strong></span> <span class='ocrx_word' id='word_1_168' title='bbox 475 2009 485 2026; x_wconf 89' lang='lat'>‚</span> <span class='ocrx_word' id='word_1_169' title='bbox 513 1996 596 2017; x_wconf 90' lang='lat' dir='ltr'><strong>nam</strong></span> <span class='ocrx_word' id='word_1_170' title='bbox 613 1983 712 2018; x_wconf 88' lang='lat' dir='ltr'><strong>Juno</strong></span> <span class='ocrx_word' id='word_1_171' title='bbox 735 1990 809 2018; x_wconf 89' lang='lat' dir='ltr'><strong>erat</strong></span> <span class='ocrx_word' id='word_1_172' title='bbox 825 1984 946 2030; x_wconf 82' lang='lat' dir='ltr'><strong>regina</strong></span> 
     </span>
     <span class='ocr_line' id='line_1_31' title="bbox 258 2033 946 2079; baseline 0.003 -12"><span class='ocrx_word' id='word_1_173' title='bbox 258 2033 437 2073; x_wconf 49' lang='lat' dir='ltr'><strong>,Deorum-</strong></span> <span class='ocrx_word' id='word_1_174' title='bbox 449 2035 570 2068; x_wconf 83' lang='lat' dir='ltr'><em>Ed.—-</em></span> <span class='ocrx_word' id='word_1_175' title='bbox 586 2038 739 2079; x_wconf 75' lang='lat' dir='ltr'><strong>Quaerilis</strong></span> <span class='ocrx_word' id='word_1_176' title='bbox 748 2042 813 2070; x_wconf 91' lang='lat' dir='ltr'><strong>etc.</strong></span> <span class='ocrx_word' id='word_1_177' title='bbox 824 2036 867 2070; x_wconf 85' lang='lat' dir='ltr'><strong>In</strong></span> <span class='ocrx_word' id='word_1_178' title='bbox 882 2035 946 2069; x_wconf 90' lang='lat' dir='ltr'><strong>hac</strong></span> 
     </span>
     <span class='ocr_line' id='line_1_32' title="bbox 265 2087 945 2135; baseline 0.006 -15"><span class='ocrx_word' id='word_1_179' title='bbox 265 2087 423 2122; x_wconf 79' lang='lat' dir='ltr'><strong>oratione</strong></span> <span class='ocrx_word' id='word_1_180' title='bbox 444 2087 542 2121; x_wconf 91' lang='lat' dir='ltr'><strong>Juno</strong></span> <span class='ocrx_word' id='word_1_181' title='bbox 559 2089 667 2134; x_wconf 86' lang='lat' dir='ltr'><strong>magis</strong></span> <span class='ocrx_word' id='word_1_182' title='bbox 686 2089 781 2123; x_wconf 87' lang='lat' dir='ltr'><strong>dolet</strong></span> <span class='ocrx_word' id='word_1_183' title='bbox 796 2102 831 2123; x_wconf 90' lang='lat' dir='ltr'><strong>se</strong></span> <span class='ocrx_word' id='word_1_184' title='bbox 847 2102 945 2135; x_wconf 90' lang='lat' dir='ltr'><strong>spre-</strong></span> 
     </span>
     <span class='ocr_line' id='line_1_33' title="bbox 264 2141 945 2188; baseline 0.004 -13"><span class='ocrx_word' id='word_1_185' title='bbox 264 2147 339 2175; x_wconf 89' lang='lat' dir='ltr'><strong>tam</strong></span> <span class='ocrx_word' id='word_1_186' title='bbox 353 2167 362 2185; x_wconf 93' lang='lat'><strong>,</strong></span> <span class='ocrx_word' id='word_1_187' title='bbox 392 2154 497 2186; x_wconf 85' lang='lat' dir='ltr'><strong>quam</strong></span> <span class='ocrx_word' id='word_1_188' title='bbox 514 2141 686 2176; x_wconf 84' lang='lat' dir='ltr'><strong>adulterio</strong></span> <span class='ocrx_word' id='word_1_189' title='bbox 700 2143 858 2188; x_wconf 84' lang='lat' dir='ltr'><strong>conjugis</strong></span> <span class='ocrx_word' id='word_1_190' title='bbox 878 2143 945 2178; x_wconf 83' lang='lat' dir='ltr'><strong>lae—</strong></span> 
     </span>
     <span class='ocr_line' id='line_1_34' title="bbox 265 2192 946 2240; baseline 0 -11"><span class='ocrx_word' id='word_1_191' title='bbox 265 2207 361 2235; x_wconf 80' lang='lat' dir='ltr'><strong>sam3</strong></span> <span class='ocrx_word' id='word_1_192' title='bbox 383 2195 477 2228; x_wconf 83' lang='lat' dir='ltr'><strong>furta</strong></span> <span class='ocrx_word' id='word_1_193' title='bbox 498 2194 595 2228; x_wconf 88' lang='lat' dir='ltr'><strong>enim</strong></span> <span class='ocrx_word' id='word_1_194' title='bbox 613 2192 711 2239; x_wconf 84' lang='lat' dir='ltr'><strong>ejus,</strong></span> <span class='ocrx_word' id='word_1_195' title='bbox 738 2195 861 2240; x_wconf 88' lang='lat' dir='ltr'><strong>quibus</strong></span> <span class='ocrx_word' id='word_1_196' title='bbox 884 2195 946 2229; x_wconf 85' lang='lat' dir='ltr'><strong>diu</strong></span> 
     </span>
     <span class='ocr_line' id='line_1_35' title="bbox 265 2244 944 2291; baseline 0.001 -13"><span class='ocrx_word' id='word_1_197' title='bbox 265 2245 407 2283; x_wconf 74' lang='lat' dir='ltr'><strong>adsueta</strong></span> <span class='ocrx_word' id='word_1_198' title='bbox 429 2244 491 2291; x_wconf 87' lang='lat'><strong>(1,</strong></span> <span class='ocrx_word' id='word_1_199' title='bbox 520 2244 624 2288; x_wconf 85' lang='lat'><strong>606),</strong></span> <span class='ocrx_word' id='word_1_200' title='bbox 651 2245 768 2279; x_wconf 87' lang='lat' dir='ltr'><strong>minus</strong></span> <span class='ocrx_word' id='word_1_201' title='bbox 792 2246 944 2280; x_wconf 88' lang='lat' dir='ltr'><strong>curabat.</strong></span> 
     </span>
     <span class='ocr_line' id='line_1_36' title="bbox 265 2296 944 2331; baseline 0 0"><span class='ocrx_word' id='word_1_202' title='bbox 265 2296 323 2331; x_wconf 87' lang='lat' dir='ltr'><strong>Ira</strong></span> <span class='ocrx_word' id='word_1_203' title='bbox 347 2303 465 2331; x_wconf 90' lang='lat' dir='ltr'><strong>autem</strong></span> <span class='ocrx_word' id='word_1_204' title='bbox 493 2309 534 2330; x_wconf 86' lang='lat' dir='ltr'><strong>ex</strong></span> <span class='ocrx_word' id='word_1_205' title='bbox 556 2303 739 2330; x_wconf 83' lang='lat' dir='ltr'><strong>contemtu</strong></span> <span class='ocrx_word' id='word_1_206' title='bbox 762 2297 851 2331; x_wconf 85' lang='lat' dir='ltr'><strong>bene</strong></span> <span class='ocrx_word' id='word_1_207' title='bbox 877 2310 944 2331; x_wconf 86' lang='lat' dir='ltr'><strong>ex-</strong></span> 
     </span>
     <span class='ocr_line' id='line_1_37' title="bbox 264 2347 945 2393; baseline 0 -11"><span class='ocrx_word' id='word_1_208' title='bbox 264 2361 391 2393; x_wconf 87' lang='lat' dir='ltr'><strong>pressa.</strong></span> <span class='ocrx_word' id='word_1_209' title='bbox 400 2347 490 2382; x_wconf 88' lang='lat' dir='ltr'><strong>Satis</strong></span> <span class='ocrx_word' id='word_1_210' title='bbox 500 2347 668 2382; x_wconf 84' lang='lat' dir='ltr'><strong>invidiose</strong></span> <span class='ocrx_word' id='word_1_211' title='bbox 678 2347 795 2382; x_wconf 86' lang='lat' dir='ltr'><strong>statim</strong></span> <span class='ocrx_word' id='word_1_212' title='bbox 803 2347 838 2381; x_wconf 88' lang='lat' dir='ltr'><strong>in</strong></span> <span class='ocrx_word' id='word_1_213' title='bbox 851 2348 945 2392; x_wconf 90' lang='lat' dir='ltr'><strong>prin-</strong></span> 
     </span>
     <span class='ocr_line' id='line_1_38' title="bbox 265 2400 944 2446; baseline -0.001 -11"><span class='ocrx_word' id='word_1_214' title='bbox 265 2401 356 2446; x_wconf 89' lang='lat' dir='ltr'><strong>cipio</strong></span> <span class='ocrx_word' id='word_1_215' title='bbox 373 2400 476 2435; x_wconf 79' lang='lat' dir='ltr'><strong>irruit</strong></span> <span class='ocrx_word' id='word_1_216' title='bbox 490 2401 527 2434; x_wconf 91' lang='lat' dir='ltr'><strong>in</strong></span> <span class='ocrx_word' id='word_1_217' title='bbox 541 2413 618 2435; x_wconf 86' lang='lat' dir='ltr'><strong>rem</strong></span> <span class='ocrx_word' id='word_1_218' title='bbox 627 2426 637 2444; x_wconf 89' lang='lat'><em>‚</em></span> <span class='ocrx_word' id='word_1_219' title='bbox 650 2414 714 2444; x_wconf 83' lang='lat' dir='ltr'><strong>pro</strong></span> <span class='ocrx_word' id='word_1_220' title='bbox 730 2413 782 2434; x_wconf 85' lang='lat' dir='ltr'><strong>me</strong></span> <span class='ocrx_word' id='word_1_221' title='bbox 794 2404 883 2434; x_wconf 76' lang='lat' dir='ltr'><strong>lene!</strong></span> <span class='ocrx_word' id='word_1_222' title='bbox 895 2403 944 2434; x_wconf 85' lang='lat' dir='ltr'><strong>al-</strong></span> 
     </span>
     <span class='ocr_line' id='line_1_39' title="bbox 264 2451 944 2495; baseline -0.001 -10"><span class='ocrx_word' id='word_1_223' title='bbox 264 2457 335 2485; x_wconf 85' lang='lat' dir='ltr'><strong>lera</strong></span> <span class='ocrx_word' id='word_1_224' title='bbox 346 2478 355 2493; x_wconf 89' lang='lat'><strong>,</strong></span> <span class='ocrx_word' id='word_1_225' title='bbox 375 2451 439 2486; x_wconf 84' lang='lat' dir='ltr'><strong>alia</strong></span> <span class='ocrx_word' id='word_1_226' title='bbox 450 2478 459 2495; x_wconf 94' lang='lat'>‚</span> <span class='ocrx_word' id='word_1_227' title='bbox 473 2454 588 2486; x_wconf 83' lang='lat' dir='ltr'><strong>caelum</strong></span> <span class='ocrx_word' id='word_1_228' title='bbox 598 2478 607 2493; x_wconf 90' lang='lat'><strong>,</strong></span> <span class='ocrx_word' id='word_1_229' title='bbox 624 2458 664 2486; x_wconf 83' lang='lat' dir='ltr'><strong>ut</strong></span> <span class='ocrx_word' id='word_1_230' title='bbox 677 2451 729 2486; x_wconf 88' lang='lat' dir='ltr'><strong>IX</strong></span> <span class='ocrx_word' id='word_1_231' title='bbox 738 2478 748 2493; x_wconf 90' lang='lat'><strong>,</strong></span> <span class='ocrx_word' id='word_1_232' title='bbox 770 2451 830 2494; x_wconf 74' lang='grc'><strong>146</strong></span> <span class='ocrx_word' id='word_1_233' title='bbox 845 2463 853 2484; x_wconf 88' lang='lat'>:</span> <span class='ocrx_word' id='word_1_234' title='bbox 868 2453 944 2485; x_wconf 78' lang='lat' dir='ltr'><em>lba-</em></span> 
     </span>
     <span class='ocr_line' id='line_1_40' title="bbox 264 2502 942 2545; baseline 0 -9"><span class='ocrx_word' id='word_1_235' title='bbox 264 2505 372 2537; x_wconf 86' lang='lat' dir='ltr'><strong>lamos</strong></span> <span class='ocrx_word' id='word_1_236' title='bbox 394 2508 484 2538; x_wconf 77' lang='lat' dir='ltr'><strong>tenet</strong></span> <span class='ocrx_word' id='word_1_237' title='bbox 496 2506 604 2538; x_wconf 79' lang='lat' dir='ltr'><strong>altera</strong></span> <span class='ocrx_word' id='word_1_238' title='bbox 623 2506 764 2538; x_wconf 77' lang='lat' dir='ltr'><strong>nostros.</strong></span> <span class='ocrx_word' id='word_1_239' title='bbox 786 2502 918 2537; x_wconf 85' lang='lat' dir='ltr'><strong>Seneca</strong></span> <span class='ocrx_word' id='word_1_240' title='bbox 933 2528 942 2545; x_wconf 92' lang='lat'><strong>,</strong></span> 
     </span>
     <span class='ocr_line' id='line_1_41' title="bbox 264 2555 943 2600; baseline -0.003 -11"><span class='ocrx_word' id='word_1_241' title='bbox 264 2555 427 2590; x_wconf 87' lang='lat' dir='ltr'><strong>Herculis</strong></span> <span class='ocrx_word' id='word_1_242' title='bbox 445 2556 528 2590; x_wconf 89' lang='lat' dir='ltr'><strong>Fur.</strong></span> <span class='ocrx_word' id='word_1_243' title='bbox 545 2555 646 2590; x_wconf 87' lang='lat' dir='ltr'><strong>initio</strong></span> <span class='ocrx_word' id='word_1_244' title='bbox 659 2581 669 2600; x_wconf 91' lang='lat'><strong>,</strong></span> <span class='ocrx_word' id='word_1_245' title='bbox 696 2555 755 2589; x_wconf 91' lang='lat' dir='ltr'><strong>ubi</strong></span> <span class='ocrx_word' id='word_1_246' title='bbox 774 2555 943 2589; x_wconf 86' lang='lat' dir='ltr'><strong>Nostrum</strong></span> 
     </span>
     <span class='ocr_line' id='line_1_42' title="bbox 264 2609 870 2653; baseline -0.003 -10"><span class='ocrx_word' id='word_1_247' title='bbox 264 2609 424 2643; x_wconf 84' lang='lat' dir='ltr'><strong>imitatur</strong></span> <span class='ocrx_word' id='word_1_248' title='bbox 440 2621 449 2642; x_wconf 77' lang='lat' dir='ltr'>z</span> <span class='ocrx_word' id='word_1_249' title='bbox 460 2612 601 2653; x_wconf 81' lang='lat' dir='ltr'><strong>pellices</strong></span> <span class='ocrx_word' id='word_1_250' title='bbox 618 2611 733 2644; x_wconf 75' lang='lat' dir='ltr'><strong>celum</strong></span> <span class='ocrx_word' id='word_1_251' title='bbox 749 2613 870 2642; x_wconf 77' lang='lat' dir='ltr'><strong>tenent.</strong></span> 
     </span>
     <span class='ocr_line' id='line_1_43' title="bbox 309 2661 941 2704; baseline -0.002 -10"><span class='ocrx_word' id='word_1_252' title='bbox 309 2662 383 2704; x_wconf 71' lang='lat'><strong>514.</strong></span> <span class='ocrx_word' id='word_1_253' title='bbox 407 2662 573 2701; x_wconf 69' lang='lat' dir='ltr'><strong>Mentior,</strong></span> <span class='ocrx_word' id='word_1_254' title='bbox 601 2674 675 2695; x_wconf 88' lang='lat' dir='ltr'><strong>non</strong></span> <span class='ocrx_word' id='word_1_255' title='bbox 698 2661 763 2695; x_wconf 84' lang='lat' dir='ltr'><strong>nisi</strong></span> <span class='ocrx_word' id='word_1_256' title='bbox 788 2661 825 2694; x_wconf 89' lang='lat' dir='ltr'><strong>iu</strong></span> <span class='ocrx_word' id='word_1_257' title='bbox 846 2672 918 2694; x_wconf 88' lang='lat' dir='ltr'><strong>uno</strong></span> <span class='ocrx_word' id='word_1_258' title='bbox 932 2685 941 2703; x_wconf 87' lang='lat'><strong>,</strong></span> 
     </span>
     <span class='ocr_line' id='line_1_44' title="bbox 266 2711 942 2758; baseline 0 -13"><span class='ocrx_word' id='word_1_259' title='bbox 266 2711 362 2746; x_wconf 88' lang='lat' dir='ltr'><strong>unde</strong></span> <span class='ocrx_word' id='word_1_260' title='bbox 375 2712 543 2747; x_wconf 88' lang='lat' dir='ltr'><strong>Heinsius</strong></span> <span class='ocrx_word' id='word_1_261' title='bbox 560 2713 698 2758; x_wconf 88' lang='lat' dir='ltr'><strong>recepit.</strong></span> <span class='ocrx_word' id='word_1_262' title='bbox 716 2712 831 2757; x_wconf 84' lang='lat' dir='ltr'><strong>AEque</strong></span> <span class='ocrx_word' id='word_1_263' title='bbox 850 2718 942 2746; x_wconf 87' lang='lat' dir='ltr'><strong>recte</strong></span> 
     </span>
     <span class='ocr_line' id='line_1_45' title="bbox 266 2763 943 2808; baseline -0.001 -11"><span class='ocrx_word' id='word_1_264' title='bbox 266 2763 382 2800; x_wconf 77' lang='lat' dir='ltr'><strong>caeteri</strong></span> <span class='ocrx_word' id='word_1_265' title='bbox 402 2776 525 2799; x_wconf 88' lang='lat' dir='ltr'><strong>omnes</strong></span> <span class='ocrx_word' id='word_1_266' title='bbox 538 2790 547 2808; x_wconf 92' lang='lat'><strong>,</strong></span> <span class='ocrx_word' id='word_1_267' title='bbox 568 2768 715 2798; x_wconf 75' lang='lat' dir='ltr'><strong>mentior.</strong></span> <span class='ocrx_word' id='word_1_268' title='bbox 733 2764 825 2797; x_wconf 82' lang='lat' dir='ltr'><strong>Vide</strong></span> <span class='ocrx_word' id='word_1_269' title='bbox 843 2763 943 2797; x_wconf 81' lang='lat' dir='ltr'><strong>Bur-</strong></span> 
     </span>
    </p>
   </div>
   <div class='ocr_carea' id='block_1_15' title="bbox 1010 1201 1690 1455">
    <p class='ocr_par' dir='ltr' id='par_1_18' title="bbox 1010 1201 1690 1455">
     <span class='ocr_line' id='line_1_46' title="bbox 1011 1201 1690 1238; baseline 0.003 -2"><span class='ocrx_word' id='word_1_270' title='bbox 1011 1214 1195 1236; x_wconf 89' lang='lat' dir='ltr'><strong>mannum.</strong></span> <span class='ocrx_word' id='word_1_271' title='bbox 1210 1221 1254 1228; x_wconf 94' lang='lat'><strong>—</strong></span> <span class='ocrx_word' id='word_1_272' title='bbox 1268 1203 1415 1236; x_wconf 58' lang='lat' dir='ltr'><strong>Mentem</strong></span> <span class='ocrx_word' id='word_1_273' title='bbox 1428 1201 1559 1237; x_wconf 87' lang='lat' dir='ltr'><strong>habent</strong></span> <span class='ocrx_word' id='word_1_274' title='bbox 1579 1204 1690 1238; x_wconf 66' lang='lat' dir='ltr'><strong>nostri</strong></span> 
     </span>
     <span class='ocr_line' id='line_1_47' title="bbox 1014 1254 1686 1300; baseline -0.001 -10"><span class='ocrx_word' id='word_1_275' title='bbox 1014 1256 1162 1290; x_wconf 86' lang='lat' dir='ltr'><strong>Codices</strong></span> <span class='ocrx_word' id='word_1_276' title='bbox 1172 1255 1204 1289; x_wconf 93' lang='lat' dir='ltr'>A</span> <span class='ocrx_word' id='word_1_277' title='bbox 1216 1262 1250 1290; x_wconf 89' lang='lat' dir='ltr'><strong>et</strong></span> <span class='ocrx_word' id='word_1_278' title='bbox 1263 1256 1303 1290; x_wconf 92' lang='grc' dir='ltr'><strong>Β.</strong></span> <span class='ocrx_word' id='word_1_279' title='bbox 1316 1255 1371 1289; x_wconf 83' lang='lat' dir='ltr'><strong>De</strong></span> <span class='ocrx_word' id='word_1_280' title='bbox 1383 1255 1495 1289; x_wconf 86' lang='lat' dir='ltr'><strong>forma</strong></span> <span class='ocrx_word' id='word_1_281' title='bbox 1506 1254 1686 1300; x_wconf 86' lang='lat' dir='ltr'><strong>loquendi,</strong></span> 
     </span>
     <span class='ocr_line' id='line_1_48' title="bbox 1010 1305 1688 1347; baseline -0.001 -6"><span class='ocrx_word' id='word_1_282' title='bbox 1010 1310 1152 1341; x_wconf 79' lang='lat' dir='ltr'><strong>mentiar</strong></span> <span class='ocrx_word' id='word_1_283' title='bbox 1159 1314 1217 1341; x_wconf 91' lang='lat' dir='ltr'><strong>aut</strong></span> <span class='ocrx_word' id='word_1_284' title='bbox 1227 1310 1373 1347; x_wconf 70' lang='lat' dir='ltr'><strong>mentior,</strong></span> <span class='ocrx_word' id='word_1_285' title='bbox 1391 1309 1433 1347; x_wconf 82' lang='lat' dir='ltr'><strong>si,</strong></span> <span class='ocrx_word' id='word_1_286' title='bbox 1445 1306 1500 1340; x_wconf 84' lang='lat' dir='ltr'><strong>vel</strong></span> <span class='ocrx_word' id='word_1_287' title='bbox 1511 1309 1596 1346; x_wconf 79' lang='lat' dir='ltr'><strong>nisi,</strong></span> <span class='ocrx_word' id='word_1_288' title='bbox 1610 1305 1688 1340; x_wconf 81' lang='lat' dir='ltr'><strong>vide</strong></span> 
     </span>
     <span class='ocr_line' id='line_1_49' title="bbox 1012 1357 1688 1403; baseline -0.003 -9"><span class='ocrx_word' id='word_1_289' title='bbox 1012 1358 1201 1394; x_wconf 86' lang='lat' dir='ltr'><strong>Heinsium</strong></span> <span class='ocrx_word' id='word_1_290' title='bbox 1226 1357 1268 1392; x_wconf 86' lang='lat' dir='ltr'><strong>ad</strong></span> <span class='ocrx_word' id='word_1_291' title='bbox 1293 1357 1370 1402; x_wconf 89' lang='lat'><strong>111,</strong></span> <span class='ocrx_word' id='word_1_292' title='bbox 1396 1371 1435 1403; x_wconf 82' lang='lat'><strong>27</strong></span> <span class='ocrx_word' id='word_1_293' title='bbox 1444 1372 1455 1392; x_wconf 86' lang='grc' dir='ltr'>ι</span> <span class='ocrx_word' id='word_1_294' title='bbox 1471 1384 1481 1401; x_wconf 92' lang='grc'><strong><em>,</em></strong></span> <span class='ocrx_word' id='word_1_295' title='bbox 1507 1364 1543 1392; x_wconf 85' lang='lat' dir='ltr'><strong>et</strong></span> <span class='ocrx_word' id='word_1_296' title='bbox 1565 1358 1688 1394; x_wconf 83' lang='lat' dir='ltr'><strong>Burm.</strong></span> 
     </span>
     <span class='ocr_line' id='line_1_50' title="bbox 1011 1409 1688 1455; baseline -0.003 -9"><span class='ocrx_word' id='word_1_297' title='bbox 1011 1411 1054 1446; x_wconf 82' lang='lat' dir='ltr'><strong>ad</strong></span> <span class='ocrx_word' id='word_1_298' title='bbox 1068 1412 1161 1446; x_wconf 91' lang='lat' dir='ltr'><strong>hunc</strong></span> <span class='ocrx_word' id='word_1_299' title='bbox 1177 1412 1292 1446; x_wconf 89' lang='lat' dir='ltr'><strong>locum</strong></span> <span class='ocrx_word' id='word_1_300' title='bbox 1305 1437 1314 1454; x_wconf 92' lang='lat'><strong><em>‚</em></strong></span> <span class='ocrx_word' id='word_1_301' title='bbox 1334 1410 1393 1455; x_wconf 92' lang='lat' dir='ltr'><strong>qui</strong></span> <span class='ocrx_word' id='word_1_302' title='bbox 1410 1409 1527 1445; x_wconf 84' lang='lat' dir='ltr'><strong>laudat</strong></span> <span class='ocrx_word' id='word_1_303' title='bbox 1539 1410 1688 1446; x_wconf 88' lang='lat' dir='ltr'><strong>Homer.</strong></span> 
     </span>
    </p>
   </div>
   <div class='ocr_carea' id='block_1_16' title="bbox 999 1463 1644 1512">
    <p class='ocr_par' dir='ltr' id='par_1_19' title="bbox 999 1463 1644 1512">
     <span class='ocr_line' id='line_1_51' title="bbox 999 1463 1644 1512; baseline -0.005 -13"><span class='ocrx_word' id='word_1_304' title='bbox 999 1464 1051 1505; x_wconf 88' lang='grc' dir='ltr'><strong>,ῙΙ.</strong></span> <span class='ocrx_word' id='word_1_305' title='bbox 1062 1471 1090 1500; x_wconf 87' lang='lat' dir='ltr'><strong>K</strong></span> <span class='ocrx_word' id='word_1_306' title='bbox 1103 1490 1113 1507; x_wconf 86' lang='lat'><strong>,</strong></span> <span class='ocrx_word' id='word_1_307' title='bbox 1132 1464 1195 1507; x_wconf 65' lang='grc'><strong>534</strong></span> <span class='ocrx_word' id='word_1_308' title='bbox 1212 1475 1220 1497; x_wconf 74' lang='lat' dir='ltr'>z</span> <span class='ocrx_word' id='word_1_309' title='bbox 1235 1465 1385 1508; x_wconf 67' lang='grc' dir='ltr'><strong>ψεύσομαι</strong></span> <span class='ocrx_word' id='word_1_310' title='bbox 1405 1463 1420 1503; x_wconf 78' lang='grc' dir='ltr'>ἢ</span> <span class='ocrx_word' id='word_1_311' title='bbox 1440 1465 1547 1507; x_wconf 67' lang='grc' dir='ltr'><strong><em>ἔτυμον</em></strong></span> <span class='ocrx_word' id='word_1_312' title='bbox 1563 1464 1644 1512; x_wconf 62' lang='lat' dir='ltr'><strong>Epicn-</strong></span> 
     </span>
    </p>
   </div>
   <div class='ocr_carea' id='block_1_17' title="bbox 1004 1513 1693 2536">
    <p class='ocr_par' dir='ltr' id='par_1_20' title="bbox 1008 1513 1693 2289">
     <span class='ocr_line' id='line_1_52' title="bbox 1055 1513 1688 1558; baseline -0.003 -8"><span class='ocrx_word' id='word_1_313' title='bbox 1055 1518 1073 1550; x_wconf 89' lang='lat'><strong>5</strong></span> <span class='ocrx_word' id='word_1_314' title='bbox 1081 1529 1091 1549; x_wconf 86' lang='grc' dir='ltr'>ι</span> <span class='ocrx_word' id='word_1_315' title='bbox 1100 1517 1128 1549; x_wconf 89' lang='lat'><strong>5.</strong></span> <span class='ocrx_word' id='word_1_316' title='bbox 1140 1515 1262 1558; x_wconf 73' lang='lat' dir='ltr'><strong>Nuper.</strong></span> <span class='ocrx_word' id='word_1_317' title='bbox 1274 1514 1401 1548; x_wconf 84' lang='lat' dir='ltr'><strong>Monet</strong></span> <span class='ocrx_word' id='word_1_318' title='bbox 1413 1513 1590 1549; x_wconf 88' lang='lat' dir='ltr'><strong>Schirach.</strong></span> <span class='ocrx_word' id='word_1_319' title='bbox 1609 1525 1688 1548; x_wconf 88' lang='lat' dir='ltr'><strong>con·</strong></span> 
     </span>
     <span class='ocr_line' id='line_1_53' title="bbox 1010 1565 1693 1610; baseline -0.001 -10"><span class='ocrx_word' id='word_1_320' title='bbox 1010 1573 1064 1600; x_wconf 84' lang='lat' dir='ltr'><strong>tra</strong></span> <span class='ocrx_word' id='word_1_321' title='bbox 1086 1566 1286 1601; x_wconf 90' lang='lat' dir='ltr'><strong>Gesnerum</strong></span> <span class='ocrx_word' id='word_1_322' title='bbox 1299 1592 1308 1608; x_wconf 85' lang='lat'><em>‚</em></span> <span class='ocrx_word' id='word_1_323' title='bbox 1344 1579 1384 1600; x_wconf 84' lang='lat' dir='ltr'><strong>ex</strong></span> <span class='ocrx_word' id='word_1_324' title='bbox 1402 1565 1469 1600; x_wconf 88' lang='lat' dir='ltr'><strong>hoc</strong></span> <span class='ocrx_word' id='word_1_325' title='bbox 1491 1565 1568 1600; x_wconf 85' lang='lat' dir='ltr'><strong>loco</strong></span> <span class='ocrx_word' id='word_1_326' title='bbox 1589 1578 1693 1610; x_wconf 80' lang='lat' dir='ltr'><strong>nuper</strong></span> 
     </span>
     <span class='ocr_line' id='line_1_54' title="bbox 1009 1617 1685 1664; baseline -0.003 -11"><span class='ocrx_word' id='word_1_327' title='bbox 1009 1632 1084 1653; x_wconf 89' lang='lat' dir='ltr'><strong>non</strong></span> <span class='ocrx_word' id='word_1_328' title='bbox 1100 1618 1208 1653; x_wconf 89' lang='lat' dir='ltr'><strong>modo</strong></span> <span class='ocrx_word' id='word_1_329' title='bbox 1224 1618 1268 1652; x_wconf 89' lang='lat' dir='ltr'><strong>ad</strong></span> <span class='ocrx_word' id='word_1_330' title='bbox 1285 1630 1423 1652; x_wconf 86' lang='lat' dir='ltr'><strong>menses</strong></span> <span class='ocrx_word' id='word_1_331' title='bbox 1439 1624 1475 1651; x_wconf 84' lang='lat' dir='ltr'><strong>et</strong></span> <span class='ocrx_word' id='word_1_332' title='bbox 1491 1617 1564 1652; x_wconf 83' lang='lat' dir='ltr'><strong>dies</strong></span> <span class='ocrx_word' id='word_1_333' title='bbox 1580 1617 1685 1664; x_wconf 80' lang='lat' dir='ltr'><strong>(adde</strong></span> 
     </span>
     <span class='ocr_line' id='line_1_55' title="bbox 1010 1668 1687 1712; baseline -0.003 -7"><span class='ocrx_word' id='word_1_334' title='bbox 1010 1671 1053 1705; x_wconf 90' lang='lat' dir='ltr'><strong>ad</strong></span> <span class='ocrx_word' id='word_1_335' title='bbox 1079 1683 1189 1705; x_wconf 85' lang='lat' dir='ltr'><strong>annos</strong></span> <span class='ocrx_word' id='word_1_336' title='bbox 1211 1677 1247 1704; x_wconf 85' lang='lat' dir='ltr'><strong>et</strong></span> <span class='ocrx_word' id='word_1_337' title='bbox 1270 1669 1385 1704; x_wconf 87' lang='lat' dir='ltr'><strong>secula</strong></span> <span class='ocrx_word' id='word_1_338' title='bbox 1408 1668 1509 1712; x_wconf 86' lang='lat' dir='ltr'><strong>adeo)</strong></span> <span class='ocrx_word' id='word_1_339' title='bbox 1537 1668 1662 1703; x_wconf 86' lang='lat' dir='ltr'><strong>referri</strong></span> <span class='ocrx_word' id='word_1_340' title='bbox 1677 1695 1687 1712; x_wconf 87' lang='lat'>‚</span> 
     </span>
     <span class='ocr_line' id='line_1_56' title="bbox 1009 1719 1687 1766; baseline -0.004 -7"><span class='ocrx_word' id='word_1_341' title='bbox 1009 1723 1070 1759; x_wconf 87' lang='lat' dir='ltr'><strong>sed</strong></span> <span class='ocrx_word' id='word_1_342' title='bbox 1086 1719 1191 1758; x_wconf 83' lang='lat' dir='ltr'><strong>etiam</strong></span> <span class='ocrx_word' id='word_1_343' title='bbox 1203 1749 1213 1766; x_wconf 89' lang='lat'><strong>,</strong></span> <span class='ocrx_word' id='word_1_344' title='bbox 1226 1729 1265 1756; x_wconf 89' lang='lat' dir='ltr'><strong>ut</strong></span> <span class='ocrx_word' id='word_1_345' title='bbox 1279 1720 1432 1757; x_wconf 86' lang='lat' dir='ltr'><strong>hocloco</strong></span> <span class='ocrx_word' id='word_1_346' title='bbox 1442 1747 1451 1764; x_wconf 92' lang='lat'><strong>,</strong></span> <span class='ocrx_word' id='word_1_347' title='bbox 1465 1720 1506 1755; x_wconf 86' lang='lat' dir='ltr'><strong>ad</strong></span> <span class='ocrx_word' id='word_1_348' title='bbox 1518 1721 1630 1756; x_wconf 81' lang='lat' dir='ltr'><strong>horas.</strong></span> <span class='ocrx_word' id='word_1_349' title='bbox 1644 1739 1687 1746; x_wconf 92' lang='lat'><strong>—</strong></span> 
     </span>
     <span class='ocr_line' id='line_1_57' title="bbox 1015 1771 1690 1821; baseline -0.007 -10"><span class='ocrx_word' id='word_1_350' title='bbox 1015 1779 1163 1816; x_wconf 79' lang='lat' dir='ltr'><strong>Vulnus,</strong></span> <span class='ocrx_word' id='word_1_351' title='bbox 1185 1775 1244 1820; x_wconf 91' lang='lat' dir='ltr'><strong>qui</strong></span> <span class='ocrx_word' id='word_1_352' title='bbox 1259 1771 1396 1821; x_wconf 78' lang='lat' dir='ltr'><strong>dolores</strong></span> <span class='ocrx_word' id='word_1_353' title='bbox 1413 1772 1509 1807; x_wconf 85' lang='lat' dir='ltr'><strong>alteri</strong></span> <span class='ocrx_word' id='word_1_354' title='bbox 1525 1779 1629 1807; x_wconf 80' lang='lat' dir='ltr'><strong>creat.</strong></span> <span class='ocrx_word' id='word_1_355' title='bbox 1645 1790 1690 1798; x_wconf 90' lang='lat'><strong>—</strong></span> 
     </span>
     <span class='ocr_line' id='line_1_58' title="bbox 1009 1825 1690 1872; baseline -0.009 -9"><span class='ocrx_word' id='word_1_356' title='bbox 1009 1831 1204 1872; x_wconf 79' lang='lat' dir='ltr'><strong>Honoratus</strong></span> <span class='ocrx_word' id='word_1_357' title='bbox 1212 1829 1331 1861; x_wconf 83' lang='lat' dir='ltr'><strong>stellas</strong></span> <span class='ocrx_word' id='word_1_358' title='bbox 1339 1853 1347 1867; x_wconf 92' lang='lat'><em>‚</em></span> <span class='ocrx_word' id='word_1_359' title='bbox 1362 1825 1399 1860; x_wconf 89' lang='lat' dir='ltr'><strong>in</strong></span> <span class='ocrx_word' id='word_1_360' title='bbox 1410 1836 1603 1859; x_wconf 90' lang='lat' dir='ltr'><strong>numerum</strong></span> <span class='ocrx_word' id='word_1_361' title='bbox 1613 1826 1690 1858; x_wconf 77' lang='lat' dir='ltr'><strong>stel-</strong></span> 
     </span>
     <span class='ocr_line' id='line_1_59' title="bbox 1008 1876 1690 1926; baseline -0.007 -11"><span class='ocrx_word' id='word_1_362' title='bbox 1008 1884 1115 1915; x_wconf 81' lang='lat' dir='ltr'><strong>larum</strong></span> <span class='ocrx_word' id='word_1_363' title='bbox 1137 1885 1313 1924; x_wconf 87' lang='lat' dir='ltr'><strong>receptos,</strong></span> <span class='ocrx_word' id='word_1_364' title='bbox 1332 1885 1435 1926; x_wconf 86' lang='lat' dir='ltr'><strong>atque</strong></span> <span class='ocrx_word' id='word_1_365' title='bbox 1459 1876 1547 1911; x_wconf 91' lang='lat' dir='ltr'><strong>adeo</strong></span> <span class='ocrx_word' id='word_1_366' title='bbox 1568 1878 1690 1911; x_wconf 79' lang='lat' dir='ltr'><strong>bonore</strong></span> 
     </span>
     <span class='ocr_line' id='line_1_60' title="bbox 1011 1928 1687 1975; baseline -0.009 -8"><span class='ocrx_word' id='word_1_367' title='bbox 1011 1932 1130 1967; x_wconf 88' lang='lat' dir='ltr'><strong>divino</strong></span> <span class='ocrx_word' id='word_1_368' title='bbox 1141 1932 1335 1966; x_wconf 80' lang='lat' dir='ltr'><strong>affectos.—-</strong></span> <span class='ocrx_word' id='word_1_369' title='bbox 1344 1931 1475 1975; x_wconf 65' lang='lat' dir='ltr'><strong>Surnmo</strong></span> <span class='ocrx_word' id='word_1_370' title='bbox 1485 1930 1581 1969; x_wconf 74' lang='lat' dir='ltr'><strong>calo,</strong></span> <span class='ocrx_word' id='word_1_371' title='bbox 1593 1928 1687 1974; x_wconf 70' lang='lat' dir='ltr'><strong>juxta</strong></span> 
     </span>
     <span class='ocr_line' id='line_1_61' title="bbox 1009 1978 1687 2028; baseline -0.007 -12"><span class='ocrx_word' id='word_1_372' title='bbox 1009 1982 1131 2028; x_wconf 87' lang='lat' dir='ltr'><strong>polum</strong></span> <span class='ocrx_word' id='word_1_373' title='bbox 1143 2007 1152 2025; x_wconf 94' lang='lat'><strong>,</strong></span> <span class='ocrx_word' id='word_1_374' title='bbox 1172 1981 1231 2026; x_wconf 88' lang='lat' dir='ltr'><strong>qui</strong></span> <span class='ocrx_word' id='word_1_375' title='bbox 1249 1980 1397 2015; x_wconf 81' lang='lat' dir='ltr'><strong>maxime</strong></span> <span class='ocrx_word' id='word_1_376' title='bbox 1415 1978 1566 2013; x_wconf 81' lang='lat' dir='ltr'><strong>elevatus</strong></span> <span class='ocrx_word' id='word_1_377' title='bbox 1583 1990 1687 2023; x_wconf 83' lang='lat' dir='ltr'><strong>supra</strong></span> 
     </span>
     <span class='ocr_line' id='line_1_62' title="bbox 1010 2030 1688 2076; baseline -0.009 -6"><span class='ocrx_word' id='word_1_378' title='bbox 1010 2036 1203 2070; x_wconf 87' lang='lat' dir='ltr'><strong>finitorem.</strong></span> <span class='ocrx_word' id='word_1_379' title='bbox 1219 2034 1328 2069; x_wconf 88' lang='lat' dir='ltr'><strong>Hunc</strong></span> <span class='ocrx_word' id='word_1_380' title='bbox 1339 2031 1447 2067; x_wconf 87' lang='lat' dir='ltr'><strong>ambit</strong></span> <span class='ocrx_word' id='word_1_381' title='bbox 1463 2030 1611 2076; x_wconf 62' lang='lat' dir='ltr'><strong>circ-‚plus</strong></span> <span class='ocrx_word' id='word_1_382' title='bbox 1625 2043 1688 2076; x_wconf 89' lang='lat' dir='ltr'><strong>po-</strong></span> 
     </span>
     <span class='ocr_line' id='line_1_63' title="bbox 1009 2081 1685 2132; baseline -0.007 -11"><span class='ocrx_word' id='word_1_383' title='bbox 1009 2087 1088 2123; x_wconf 85' lang='lat' dir='ltr'><strong>laris</strong></span> <span class='ocrx_word' id='word_1_384' title='bbox 1110 2114 1120 2131; x_wconf 90' lang='lat'><em>‚</em></span> <span class='ocrx_word' id='word_1_385' title='bbox 1156 2086 1238 2132; x_wconf 89' lang='lat' dir='ltr'><strong>qui,</strong></span> <span class='ocrx_word' id='word_1_386' title='bbox 1271 2091 1311 2119; x_wconf 81' lang='lat' dir='ltr'><strong>ut</strong></span> <span class='ocrx_word' id='word_1_387' title='bbox 1336 2097 1355 2119; x_wconf 89' lang='lat' dir='ltr'><strong>e</strong></span> <span class='ocrx_word' id='word_1_388' title='bbox 1384 2082 1527 2130; x_wconf 80' lang='lat' dir='ltr'><strong>sphaerae</strong></span> <span class='ocrx_word' id='word_1_389' title='bbox 1549 2081 1685 2130; x_wconf 83' lang='lat' dir='ltr'><strong>ratione</strong></span> 
     </span>
     <span class='ocr_line' id='line_1_64' title="bbox 1008 2137 1684 2186; baseline -0.012 -10"><span class='ocrx_word' id='word_1_390' title='bbox 1008 2146 1132 2186; x_wconf 87' lang='lat' dir='ltr'><strong>sponte</strong></span> <span class='ocrx_word' id='word_1_391' title='bbox 1148 2137 1372 2183; x_wconf 81' lang='lat' dir='ltr'><strong>intelligitur,</strong></span> <span class='ocrx_word' id='word_1_392' title='bbox 1398 2138 1525 2170; x_wconf 74' lang='lat' dir='ltr'><strong>brevior</strong></span> <span class='ocrx_word' id='word_1_393' title='bbox 1543 2140 1595 2169; x_wconf 87' lang='lat' dir='ltr'><strong>est</strong></span> <span class='ocrx_word' id='word_1_394' title='bbox 1616 2146 1684 2168; x_wconf 87' lang='lat' dir='ltr'><strong>cae-</strong></span> 
     </span>
     <span class='ocr_line' id='line_1_65' title="bbox 1008 2184 1685 2226; baseline -0.012 0"><span class='ocrx_word' id='word_1_395' title='bbox 1008 2192 1101 2226; x_wconf 84' lang='lat' dir='ltr'><strong>teris.</strong></span> <span class='ocrx_word' id='word_1_396' title='bbox 1123 2190 1235 2225; x_wconf 85' lang='lat' dir='ltr'><strong>Docte</strong></span> <span class='ocrx_word' id='word_1_397' title='bbox 1252 2201 1334 2224; x_wconf 84' lang='lat' dir='ltr'><strong>cum</strong></span> <span class='ocrx_word' id='word_1_398' title='bbox 1351 2185 1572 2222; x_wconf 84' lang='lat' dir='ltr'><strong>Astronomis</strong></span> <span class='ocrx_word' id='word_1_399' title='bbox 1587 2184 1685 2220; x_wconf 90' lang='lat' dir='ltr'><strong>Juno</strong></span> 
     </span>
     <span class='ocr_line' id='line_1_66' title="bbox 1008 2244 1173 2289; baseline -0.012 -11"><span class='ocrx_word' id='word_1_400' title='bbox 1008 2244 1173 2289; x_wconf 87' lang='lat' dir='ltr'><strong>loquitur.</strong></span> 
     </span>
    </p>

    <p class='ocr_par' dir='ltr' id='par_1_21' title="bbox 1004 2288 1684 2536">
     <span class='ocr_line' id='line_1_67' title="bbox 1053 2288 1684 2341; baseline -0.014 -10"><span class='ocrx_word' id='word_1_401' title='bbox 1053 2299 1125 2341; x_wconf 87' lang='lat'>517.</span> <span class='ocrx_word' id='word_1_402' title='bbox 1141 2295 1268 2330; x_wconf 77' lang='lat' dir='ltr'><em>Ambit.</em></span> <span class='ocrx_word' id='word_1_403' title='bbox 1284 2290 1476 2334; x_wconf 86' lang='lat' dir='ltr'><strong>Nonnulli,</strong></span> <span class='ocrx_word' id='word_1_404' title='bbox 1488 2292 1561 2325; x_wconf 79' lang='lat' dir='ltr'><strong>escit</strong></span> <span class='ocrx_word' id='word_1_405' title='bbox 1568 2315 1578 2333; x_wconf 94' lang='lat'><strong>,</strong></span> <span class='ocrx_word' id='word_1_406' title='bbox 1590 2288 1684 2334; x_wconf 87' lang='lat' dir='ltr'><strong>quod</strong></span> 
     </span>
     <span class='ocr_line' id='line_1_68' title="bbox 1009 2339 1682 2383; baseline -0.013 0"><span class='ocrx_word' id='word_1_407' title='bbox 1009 2347 1158 2383; x_wconf 84' lang='lat' dir='ltr'><strong>Heinsio</strong></span> <span class='ocrx_word' id='word_1_408' title='bbox 1179 2351 1366 2380; x_wconf 85' lang='lat' dir='ltr'><strong>venustum</strong></span> <span class='ocrx_word' id='word_1_409' title='bbox 1391 2341 1543 2377; x_wconf 81' lang='lat' dir='ltr'><strong>videtur.</strong></span> <span class='ocrx_word' id='word_1_410' title='bbox 1573 2339 1682 2375; x_wconf 88' lang='lat' dir='ltr'><strong>Unde</strong></span> 
     </span>
     <span class='ocr_line' id='line_1_69' title="bbox 1004 2391 1682 2434; baseline -0.01 -2"><span class='ocrx_word' id='word_1_411' title='bbox 1004 2412 1091 2434; x_wconf 77' lang='lat' dir='ltr'><strong>vero</strong></span> <span class='ocrx_word' id='word_1_412' title='bbox 1112 2398 1169 2432; x_wconf 84' lang='lat' dir='ltr'><strong>illa</strong></span> <span class='ocrx_word' id='word_1_413' title='bbox 1184 2393 1372 2431; x_wconf 82' lang='lat' dir='ltr'><strong>venustas?</strong></span> <span class='ocrx_word' id='word_1_414' title='bbox 1401 2391 1562 2428; x_wconf 85' lang='lat' dir='ltr'><strong>Circulus</strong></span> <span class='ocrx_word' id='word_1_415' title='bbox 1584 2404 1682 2426; x_wconf 81' lang='lat' dir='ltr'><strong>axem</strong></span> 
     </span>
     <span class='ocr_line' id='line_1_70' title="bbox 1006 2442 1683 2491; baseline -0.012 -6"><span class='ocrx_word' id='word_1_416' title='bbox 1006 2463 1079 2485; x_wconf 91' lang='lat' dir='ltr'><strong>non</strong></span> <span class='ocrx_word' id='word_1_417' title='bbox 1100 2453 1185 2491; x_wconf 75' lang='lat' dir='ltr'><strong>exit,</strong></span> <span class='ocrx_word' id='word_1_418' title='bbox 1203 2446 1263 2483; x_wconf 86' lang='lat' dir='ltr'><strong>sed</strong></span> <span class='ocrx_word' id='word_1_419' title='bbox 1280 2442 1578 2481; x_wconf 61' lang='lat' dir='ltr'><strong>arabia—Nostri</strong></span> <span class='ocrx_word' id='word_1_420' title='bbox 1594 2442 1683 2478; x_wconf 85' lang='lat' dir='ltr'><strong>Cod.</strong></span> 
     </span>
     <span class='ocr_line' id='line_1_71' title="bbox 1005 2505 1121 2536; baseline -0.009 0"><span class='ocrx_word' id='word_1_421' title='bbox 1005 2505 1121 2536; x_wconf 75' lang='lat' dir='ltr'><strong>ambil.</strong></span> 
     </span>
    </p>
   </div>
   <div class='ocr_carea' id='block_1_18' title="bbox 1005 2547 1684 2804">
    <p class='ocr_par' dir='ltr' id='par_1_22' title="bbox 1005 2547 1684 2804">
     <span class='ocr_line' id='line_1_72' title="bbox 1050 2547 1683 2596; baseline -0.009 -9"><span class='ocrx_word' id='word_1_422' title='bbox 1050 2554 1126 2588; x_wconf 87' lang='lat'>518.</span> <span class='ocrx_word' id='word_1_423' title='bbox 1150 2552 1244 2587; x_wconf 85' lang='lat' dir='ltr'><strong>Vero.</strong></span> <span class='ocrx_word' id='word_1_424' title='bbox 1263 2550 1357 2586; x_wconf 91' lang='lat' dir='ltr'><strong>Cum</strong></span> <span class='ocrx_word' id='word_1_425' title='bbox 1374 2549 1615 2596; x_wconf 80' lang='lat' dir='ltr'><strong>&#39;ndignatione</strong></span> <span class='ocrx_word' id='word_1_426' title='bbox 1629 2547 1683 2581; x_wconf 85' lang='lat' dir='ltr'><strong>in-</strong></span> 
     </span>
     <span class='ocr_line' id='line_1_73' title="bbox 1005 2564 1683 2650; baseline -0.013 -10"><span class='ocrx_word' id='word_1_427' title='bbox 1005 2605 1212 2650; x_wconf 84' lang='lat' dir='ltr'><strong>terrogantis</strong></span> <span class='ocrx_word' id='word_1_428' title='bbox 1224 2610 1286 2650; x_wconf 81' lang='lat' dir='ltr'><strong>est.</strong></span> <span class='ocrx_word' id='word_1_429' title='bbox 1299 2622 1344 2629; x_wconf 93' lang='lat'>—</span> <span class='ocrx_word' id='word_1_430' title='bbox 1358 2564 1536 2642; x_wconf 46' lang='lat' dir='ltr'><strong>junonem,</strong></span> <span class='ocrx_word' id='word_1_431' title='bbox 1556 2611 1637 2635; x_wconf 90' lang='lat' dir='ltr'><strong>cum</strong></span> <span class='ocrx_word' id='word_1_432' title='bbox 1649 2598 1683 2631; x_wconf 84' lang='lat' dir='ltr'><strong>vi</strong></span> 
     </span>
     <span class='ocr_line' id='line_1_74' title="bbox 1006 2653 1684 2702; baseline -0.012 -11"><span class='ocrx_word' id='word_1_433' title='bbox 1006 2670 1070 2702; x_wconf 89' lang='lat' dir='ltr'><strong>pro</strong></span> <span class='ocrx_word' id='word_1_434' title='bbox 1086 2669 1146 2691; x_wconf 86' lang='lat' dir='ltr'><strong>me.</strong></span> <span class='ocrx_word' id='word_1_435' title='bbox 1166 2655 1263 2701; x_wconf 75' lang='lat' dir='ltr'><strong>Virg.</strong></span> <span class='ocrx_word' id='word_1_436' title='bbox 1278 2654 1362 2688; x_wconf 86' lang='lat' dir='ltr'><strong>AEn.</strong></span> <span class='ocrx_word' id='word_1_437' title='bbox 1381 2654 1419 2697; x_wconf 92' lang='lat' dir='ltr'><strong>I,</strong></span> <span class='ocrx_word' id='word_1_438' title='bbox 1438 2654 1479 2697; x_wconf 82' lang='grc'><strong>48</strong></span> <span class='ocrx_word' id='word_1_439' title='bbox 1498 2665 1507 2687; x_wconf 86' lang='lat'>:</span> <span class='ocrx_word' id='word_1_440' title='bbox 1524 2653 1573 2686; x_wconf 81' lang='lat' dir='ltr'><strong>Et</strong></span> <span class='ocrx_word' id='word_1_441' title='bbox 1590 2653 1684 2695; x_wconf 80' lang='lat' dir='ltr'><strong>quis—</strong></span> 
     </span>
     <span class='ocr_line' id='line_1_75' title="bbox 1005 2704 1680 2755; baseline -0.013 -12"><span class='ocrx_word' id='word_1_442' title='bbox 1005 2722 1102 2755; x_wconf 80' lang='lat' dir='ltr'><strong>quam</strong></span> <span class='ocrx_word' id='word_1_443' title='bbox 1111 2721 1227 2742; x_wconf 85' lang='lat' dir='ltr'><strong>numen</strong></span> <span class='ocrx_word' id='word_1_444' title='bbox 1235 2708 1379 2741; x_wconf 83' lang='lat' dir='ltr'><strong>Junom&#39;s</strong></span> <span class='ocrx_word' id='word_1_445' title='bbox 1387 2707 1504 2740; x_wconf 81' lang='lat' dir='ltr'><strong>adore!</strong></span> <span class='ocrx_word' id='word_1_446' title='bbox 1508 2704 1680 2739; x_wconf 74' lang='lat' dir='ltr'><strong>Pru-(ereo,</strong></span> 
     </span>
     <span class='ocr_line' id='line_1_76' title="bbox 1008 2756 1661 2804; baseline -0.009 -10"><span class='ocrx_word' id='word_1_447' title='bbox 1008 2765 1070 2794; x_wconf 83' lang='lat' dir='ltr'><strong>aul</strong></span> <span class='ocrx_word' id='word_1_448' title='bbox 1081 2762 1220 2804; x_wconf 73' lang='lat' dir='ltr'><strong>supplex</strong></span> <span class='ocrx_word' id='word_1_449' title='bbox 1234 2762 1304 2793; x_wconf 79' lang='lat' dir='ltr'><strong>aris</strong></span> <span class='ocrx_word' id='word_1_450' title='bbox 1319 2761 1468 2801; x_wconf 76' lang='lat' dir='ltr'><strong>imponat</strong></span> <span class='ocrx_word' id='word_1_451' title='bbox 1481 2757 1631 2789; x_wconf 80' lang='lat' dir='ltr'><strong>honorem</strong></span> <span class='ocrx_word' id='word_1_452' title='bbox 1642 2756 1661 2789; x_wconf 74' lang='grc' dir='ltr'><strong>,Ρ</strong></span> 
     </span>
    </p>
   </div>
  </div>
 </body>
</html>
