1832 3100
300 266 382 322 124

657 273 728 315 P.‘
753 273 994 320 OVIDII
1032 276 1338 326 NASONIS

291 362 413 409 Voce
437 380 548 411 nova
570 376 724 430 captus
749 378 898 416 custos
921 369 1172 429 Junonius;
1201 395 1222 415 «
1251 374 1314 422 At
1338 385 1386 423 tu
1405 387 1421 433 ,’

295 461 318 481 »
345 439 564 506 Quisquis
587 461 656 500 es,
680 443 767 491 hoc
790 457 967 510 poteras
992 467 1162 497 mecum
1187 451 1414 500 considere
1439 471 1543 501 saxo
1559 491 1571 513 ,

295 540 317 559 ι)
344 518 492 582 Argus
515 520 576 568 ait
595 540 605 568 ε
626 540 768 588 neque
793 523 911 571 enim
935 526 1087 590 pecori
1109 526 1340 577 fecundior
1360 529 1454 578 ullo

1647 547 1714 582 680

294 618 317 638 »
344 597 495 646 Herba
519 597 618 647 loco
640 611 732 658 est;
758 612 992 668 aptamque
1015 603 1138 652 vides
1160 607 1413 671 pastoribus
1435 608 1650 658 umbram.
1685 632 1708 654 >›

291 673 416 722 Sedit
437 675 736 735 Atlantiades,
760 690 804 726 et
827 691 1004 728 euntem
1027 681 1167 730 multa
1190 681 1416 750 loquendo
1438 702 1441 703 ’

289 805 474 840 commode
486 806 640 842 intexere
650 816 773 854 posset.
789 826 833 836 ·-·
845 811 968 845 Struc—

289 860 334 891 tis
343 862 462 892 cantat
473 863 597 895 avenis.
614 860 744 896 Fistula
755 887 764 904 ,
781 875 821 897 ex
833 869 967 909 septem

289 908 480 955 disparibus
513 913 630 948 avenis
658 913 695 948 in
722 915 783 950 alae
815 917 967 951 sormam

287 963 521 998 crescentibus
535 973 713 1011 compacta
729 979 736 1000 :
750 967 798 1002 sic
814 969 942 1004 Noster
955 995 965 1012 ‚

286 1013 344 1048 lib.
365 1015 399 1050 ΙΙ
411 1043 419 1055 ,
442 1029 528 1051 vers.
547 1030 605 1063 191
624 1044 633 1060 ,
647 1018 689 1054 de
701 1019 760 1054 alis
775 1019 966 1056 Daedaleis:

289 1068 345 1101 Sic
364 1071 491 1103 rustica
509 1071 674 1114 quondam
691 1074 824 1107 Fistula
842 1075 967 1116 dispa-

286 1122 378 1153 ribus
386 1123 555 1163 paulatim
571 1127 680 1167 surgit
691 1123 823 1159 avenae?
835 1125 900 1161 Ed.

330 1174 404 1218 678.
428 1177 515 1209 Voce
530 1189 635 1217 nova,
658 1190 746 1212 sono
765 1192 856 1213 πονῶ
868 1206 876 1219 ,
906 1194 968 1215 re-

286 1239 368 1260 cens
379 1226 532 1262 inventae
545 1228 677 1264 fistulae.
693 1230 800 1265 —At
812 1238 856 1268 tu.
877 1233 966 1270 Cod.

288 1278 375 1324 Reg.
398 1278 440 1313 A.
456 1306 465 1320 ,
487 1285 582 1315 artis·-
604 1281 693 1316 Cod.
722 1283 762 1319 B.
782 1310 791 1328 ‚
821 1287 968 1320 Junonis

285 1335 321 1364 et
326 1336 406 1365 arte.
419 1331 723 1379 Singularislectio
733 1363 741 1378 ,
762 1350 838 1382 quae
851 1338 968 1373 forsan
985 1360 989 1363 .

287 1396 368 1417 vera
383 1391 443 1419 est.
461 1386 527 1420 Ed.

330 1435 405 1483 679.
428 1438 586 1482 Quis-quir
601 1451 646 1474 es.
663 1439 719 1475 De
736 1441 886 1477 formula
902 1456 967 1478 so—

286 1486 395 1522 lemni
410 1515 419 1531 ,
435 1493 587 1534 quisquis
597 1504 634 1525 es
645 1518 652 1531 ,
681 1505 752 1537 qua
765 1495 968 1540 peregrinos

286 1547 322 1575 et
338 1541 475 1586 ignotos
487 1543 713 1589 alloquuntur
731 1547 865 1589 Latini,
887 1550 967 1585 vide

286 1594 409 1629 Burm.
419 1598 619 1637 ——Poteras,
633 1606 672 1633 ut
683 1600 772 1645 apud
786 1601 882 1647 Virg.
894 1602 967 1637 Ecl.

286 1647 303 1681 I
313 1672 322 1689 ,
335 1649 377 1681 80
388 1659 395 1681 :
409 1648 479 1681 Hic
486 1652 595 1683 tamen
605 1652 693 1685 hanc
702 1665 826 1686 mecum
831 1659 968 1697 poteras

284 1703 485 1744 requiescere
502 1706 630 1736 noctem
642 1730 649 1744 ‚
674 1704 732 1738 ubi
750 1706 891 1750 quidam
902 1734 911 1750 ,
927 1714 968 1742 ut

285 1750 319 1785 b.
336 1751 357 1785 l.
376 1751 493 1798 Vulgo
506 1779 515 1796 ‚
535 1757 671 1797 poterit.
695 1755 766 1790 Sed
788 1757 872 1792 illud
892 1759 965 1793 ele-

286 1804 423 1849 gantius
437 1831 446 1848 ‚
466 1812 568 1850 atque
586 1806 632 1841 ita
648 1814 683 1841 et
699 1808 772 1842 VII
785 1835 794 1851 ‚
814 1811 853 1855 47
868 1836 877 1853 ‚
897 1811 940 1844 63
957 1825 965 1853 ;

286 1857 399 1899 VIII,
419 1858 472 1903 47.
501 1857 624 1893 Solent
642 1866 760 1893 autem
777 1860 814 1894 in
833 1861 968 1896 bucoli-

285 1908 332 1943 cis
349 1915 502 1954 pastores
519 1911 693 1944 cantaturi
708 1925 743 1946 se
761 1912 907 1947 invitare
924 1914 966 1948 ad

285 1962 538 2001 considendum,
551 1961 588 1995 in
602 1974 672 2007 quo
681 1968 879 2008 sequuntur
892 1965 966 2000 loca

284 2009 432 2045 herbosa
449 2019 485 2046 et
502 2014 676 2049 umbram.

326 2063 402 2098 680.
420 2066 613 2101 Fecundior.
635 2068 783 2114 Proprie
794 2070 967 2113 secundus

282 2116 378 2151 locus
392 2117 528 2159 herbis;
546 2120 605 2153 sed
622 2120 655 2154 h.
668 2121 689 2154 l.
701 2122 773 2167 ipsa
787 2122 946 2169 herbafe
958 2146 966 2151 ·

281 2170 394 2202 cunda
404 2196 411 2208 ,
442 2169 607 2215 frequens
632 2178 668 2206 et
692 2173 795 2208 bona.

327 2221 403 2256 681.
420 2223 556 2266 Aptam.
568 2224 666 2258 Bene
681 2238 716 2259 se
729 2225 843 2260 habet.
855 2227 965 2272 Epist.

284 2273 394 2316 XIII',
414 2287 426 2307 1
436 2288 448 2308 ι
462 2287 470 2308 z
491 2276 615 2310 Ventus
629 2281 704 2309 erat
716 2281 831 2310 nautis
845 2283 944 2321 aptus
954 2307 962 2319 ‚

282 2317 349 2357 nun
365 2329 464 2369 aptus
479 2330 618 2360 amanti.
638 2326 747 2371 Quod
761 2328 831 2362 duo
851 2328 964 2365 Codd.

283 2377 427 2420 habent,
436 2383 579 2422 gratam,
590 2386 625 2414 et
636 2393 654 2413 a
664 2381 786 2415 Burm.
801 2383 965 2428 exemplis

282 2428 515 2464 confirmatur
529 2456 537 2473 ,
565 2430 662 2465 fluxit
684 2445 724 2466 ex
750 2431 894 2478 interpr.
920 2452 965 2459 —

287 2480 492 2524 Gratamque
502 2481 526 2515 J
530 2482 602 2516 unii
622 2481 710 2516 Cod.
729 2490 764 2518 et
783 2495 874 2518 unus
890 2485 965 2518 Bo-

282 2532 461 2566 noniensis
477 2559 486 2576 ‚
519 2543 584 2578 pro
617 2535 710 2568 varia
737 2534 895 2570 lectione.
921 2555 965 2563 —-

286 2583 404 2617 Nostri
419 2597 504 2618 vero
520 2585 651 2620 habent
667 2591 790 2629 aptam.

325 2635 493 2670 682-683.
510 2637 739 2679 Atlantiades,
753 2650 817 2684 pro
829 2640 963 2674 Allan-

280 2686 383 2726 tides,
399 2693 439 2720 ut
455 2694 555 2722 notat
571 2689 737 2723 Priscian.
753 2709 798 2716 —
813 2693 862 2724 Et
882 2704 965 2726 eun-

281 2741 346 2770 tem
348 2762 410 2771 ......
427 2740 522 2774 diem.
542 2739 654 2774 Locus
670 2740 726 2775 hic
742 2742 841 2776 valde
862 2744 962 2778 torsit

281 2789 423 2833 ingenia
435 2790 519 2824 [nu.
533 2790 716 2835 Quoniam
727 2794 871 2828 amoenis
880 2807 965 2828 con-

1031 811 1301 848 fabulationibus
1333 820 1470 860 tempus
1493 816 1645 862 fallitur,
1677 825 1713 854 et

1031 862 1170 898 brevius
1192 865 1289 909 quasi
1315 866 1475 901 redditur
1500 867 1587 904 dum
1611 870 1713 906 nobis

1031 915 1087 950 vix
1097 917 1326 954 sentientibus
1337 921 1602 965 p1·aeterlabitur;
1613 936 1713 970 prop-

1032 973 1126 1001 terea
1158 976 1262 1015 negat
1291 970 1461 1007 Burman.
1487 985 1615 1009 sanum
1639 987 1713 1011 esse

1031 1017 1065 1052 h.
1088 1018 1110 1052 l.
1136 1020 1212 1066 Ipse
1247 1034 1330 1068 ergo
1355 1022 1462 1058 ductu
1489 1025 1594 1060 unius
1621 1025 1712 1061 cod.

1030 1070 1068 1105 in
1083 1085 1152 1117 quo
1167 1076 1292 1109 demuit
1302 1084 1481 1111 exaratum
1498 1085 1627 1122 exstat,
1651 1080 1711 1114 le-

1033 1125 1081 1169 git
1093 1150 1102 1168 ‚
1119 1127 1276 1162 diminuit
1283 1140 1347 1173 pro
1357 1131 1507 1165 detinuit.
1517 1131 1713 1167 Diminuere

1035 1184 1153 1211 autem
1171 1184 1309 1224 tempus
1332 1179 1453 1215 dixisse
1470 1181 1576 1217 etiam
1597 1182 1711 1218 Cicer.

1034 1228 1135 1264 Orat.
1147 1230 1202 1264 ΙΙΙ
1214 1256 1223 1274 ,
1237 1232 1278 1277 49
1288 1256 1297 1274 ,
1310 1231 1522 1267 ethocidem
1533 1246 1605 1269 esse
1617 1234 1712 1280 quod

1022 1282 1183 1327 frangere
1198 1286 1284 1324 diem
1296 1311 1304 1325 ‚
1329 1292 1365 1319 et
1375 1290 1505 1330 partem
1520 1290 1630 1322 solido
1644 1290 1712 1322 de-

1032 1346 1117 1368 mere
1139 1336 1180 1369 de
1204 1337 1276 1376 die,
1305 1337 1397 1382 apud
1424 1339 1548 1374 Horat.
1571 1339 1611 1374 Si
1635 1341 1710 1385 quis

1031 1392 1152 1421 tamen
1180 1388 1271 1422 tueri
1298 1389 1395 1424 malit
1420 1391 1513 1426 verb.
1541 1394 1703 1434 detinuit,

1032 1451 1134 1473 versu
1150 1453 1219 1485 seq.
1236 1442 1323 1475 diem
1336 1454 1434 1486 posse
1447 1443 1482 1477 in
1494 1445 1610 1478 ducem
1619 1472 1627 1486 ,
1645 1444 1667 1479 i.
1678 1458 1709 1480 e.

1034 1489 1190 1536 Argum,
1217 1492 1276 1537 qui
1299 1492 1446 1528 ducebat
1470 1495 1530 1539 Io,
1555 1497 1684 1531 mutari
1698 1523 1707 1541 ,

1033 1547 1118 1576 tunc
1144 1548 1272 1577 euntem
1306 1557 1401 1588 esse,
1437 1546 1487 1580 ire
1515 1547 1707 1582 volentem.

1033 1592 1167 1628 Neutra
1193 1595 1393 1631 emendatio
1418 1598 1517 1633 nobis
1540 1599 1711 1634 satisfacit.

1033 1645 1115 1680 Non
1135 1647 1245 1691 probo
1262 1653 1392 1683 euntem
1408 1652 1524 1685 ducem
1541 1663 1552 1685 .·
1577 1664 1660 1686 nam
1682 1652 1710 1687 is

1031 1697 1102 1743 ipse
1119 1707 1301 1745 rogaverat
1317 1702 1554 1746 Mercurium,
1571 1709 1611 1737 ut
1629 1703 1711 1738 vel-

1032 1750 1080 1785 let
1089 1751 1151 1785 sibi
1164 1759 1302 1798 tempus
1310 1753 1428 1788 fallere
1445 1755 1712 1795 confabulando.

1035 1803 1111 1838 Cur
1122 1804 1227 1850 igitur
1240 1818 1336 1840 nunc
1348 1806 1441 1841 abire
1452 1815 1636 1853 properat,
1652 1808 1711 1842 ubi

1031 1854 1087 1888 ille
1105 1855 1159 1889 vix
1175 1856 1314 1891 initium
1333 1857 1415 1892 fecit
1433 1858 1710 1894 confabulandi?

1033 1908 1080 1942 Et
1106 1911 1175 1942 dux
1196 1909 1239 1944 de
1265 1910 1409 1946 custode
1434 1911 1530 1946 bovis
1556 1911 1710 1947 insolens

1031 1958 1117 1994 mihi
1128 1960 1285 2003 videtur-3
1306 1962 1418 1996 visum
1430 1970 1481 1997 est
1497 1963 1603 1998 etiarn
1614 1965 1708 2012 Hey-

1031 2013 1104 2056 nio,
1117 2013 1263 2049 Observ.
1275 2014 1316 2049 ad
1329 2015 1445 2050 Tibul.
1458 2016 1493 2060 I,
1511 2027 1533 2051 x
1544 2042 1553 2060 ,
1571 2029 1620 2051 ιο.
1633 2017 1707 2052 Nec

1030 2065 1141 2110 placet
1162 2067 1256 2101 verb.
1279 2069 1436 2102 diminuit
1453 2075 1598 2113 propter
1617 2082 1705 2104 eun-

1030 2122 1113 2158 tem,
1142 2118 1164 2152 i.
1188 2132 1216 2154 e.
1238 2128 1442 2166 vergentem
1466 2120 1509 2155 ad
1534 2134 1704 2157 occasum.

1032 2171 1138 2216 Apud
1154 2170 1226 2207 Cic.
1237 2172 1379 2218 quidem
1392 2175 1571 2209 diminuere
1579 2179 1706 2220 tempus

1031 2221 1135 2267 paulo
1151 2223 1251 2258 aliter
1268 2224 1413 2266 dicitur;
1434 2225 1616 2271 multoque
1630 2226 1706 2260 mi—

1031 2287 1098 2308 nus
1114 2275 1203 2311 trahi
1225 2275 1294 2310 huc
1313 2284 1456 2321 possunt
1477 2277 1616 2323 phrases
1640 2278 1706 2314 illae

1032 2326 1245 2362 Horatianae.
1264 2327 1441 2362 Gebhard.
1463 2328 1568 2374 Crep.
1587 2331 1603 2365 Ι
1619 2355 1628 2372 ,
1647 2341 1706 2373 lx,

1031 2378 1175 2423 explicat
1190 2404 1199 2422 ,
1235 2379 1426 2414 consumsit
1450 2382 1708 2417 confabulando

1031 2438 1067 2464 et
1090 2433 1257 2476 transegit
1276 2431 1371 2466 diem
1392 2433 1466 2477 jam
1486 2433 1529 2468 ad
1548 2447 1707 2470 occasum

1030 2490 1244 2528 vergentem.
1271 2484 1317 2518 Et
1338 2484 1478 2519 videtur
1498 2487 1643 2522 detinere
1662 2488 1710 2522 ita

1030 2533 1096 2568 dici
1107 2547 1204 2580 posse
1215 2561 1224 2578 ,
1243 2536 1296 2569 IV
1307 2549 1348 2570 ex
1359 2537 1463 2572 Pont.
1476 2549 1499 2572 x
1512 2564 1521 2581 ,
1540 2539 1582 2585 67
1594 2540 1710 2573 :Deti-

1029 2589 1221 2632 nuitempus
1231 2614 1239 2628 ,
1258 2601 1418 2634 curasque
1419 2590 1553 2634 fi’fi’lli,
1569 2591 1628 2625 ubi
1640 2591 1710 2625 vid.

1031 2639 1153 2675 Heius.
1171 2641 1229 2675 Sic
1245 2642 1336 2687 cepit
1355 2642 1460 2676 etiam
1482 2642 1572 2677 Rod.
1591 2656 1599 2677 z
1609 2646 1708 2687 plau-

1029 2694 1104 2726 dert
1120 2696 1191 2726 viel
1203 2695 1276 2727 und
1287 2697 1453 2739 verbringt
1460 2696 1710 2740 denfldcbltgren

1035 2746 1177 2787 Tagmit
1184 2746 1578 2789 Gespraechen.Molesta
1587 2753 1705 2781 tamen

1028 2794 1264 2830 redundantia
1285 2803 1337 2831 est
1360 2797 1396 2830 in
1417 2799 1523 2831 multa
1543 2799 1706 2842 loquendo
