1832 3100
212 210 294 255 166

580 210 632 252 P.
667 180 902 254 ov'1D11
930 208 1231 253 NASONIS

202 296 521 370 opposuitque
543 321 720 351 manum
744 301 903 360 fronti;
931 320 1178 368 magnoque
1203 313 1388 349 tremore

201 381 364 431 Omnia
388 380 642 430 concutiens
666 379 848 447 paulum
869 379 1096 438 subsedit;
1116 374 1164 428 'et
1186 379 1322 437 infra,

201 460 348 523 Quam
371 457 484 506 solet
506 476 620 516 esse,
645 456 750 514 fuit;
777 457 976 523 siccaque
1000 456 1063 504 ita
1085 475 1195 504 voce
1217 455 1365 504 locuta
1390 466 1484 503 est:

203 558 225 577 «
255 535 302 582 Si
322 534 466 601 placet
488 535 596 593 hoc,
622 535 868 602 meruique,
896 533 1023 601 quid,
1050 552 1099 591 o,
1125 545 1200 582 tua
1215 532 1403 582 fulmina
1420 544 1613 591 cessant,

202 636 225 657 »
255 613 432 661 Summe
453 614 630 662 Deum?
650 612 778 662 liceat
801 612 1008 679 periturae
1030 611 1200 660 viribus
1224 611 1340 673 ignis
1358 648 1371 671 ,

1552 627 1617 662 280

202 713 226 733 »
253 692 362 753 Igne
387 691 528 757 perire
554 703 660 749 tuo;
686 690 938 757 clademque
960 701 1135 740 auctore
1160 688 1314 738 levare.

200 787 224 811 γ)
251 768 339 816 Vix
363 768 566 834 equidem
587 768 734 818 fauces
757 768 848 818 haec
873 769 969 835 ipsa
990 768 1036 817 in
1058 768 1193 817 verba
1215 765 1411 826 resolvo,

201 867 224 888 ›>
253 846 507 908 (Presserat
531 865 609 894 ora
632 849 799 912 vapor)
827 857 970 894 tostos
995 865 1049 895 en
1075 845 1250 911 adspice
1270 846 1412 893 crines
1427 881 1440 903 ‚

200 944 223 965 »
251 924 391 989 Inque
417 922 556 971 oculis
581 934 769 982 tantum,
797 935 969 973 tantum
992 943 1125 990 super
1150 943 1227 972 ora
1250 922 1419 972 favillae.

195 1050 317 1085 Terrae
337 1050 418 1084 Jovi
434 1050 675 1096 supplicantis,
701 1057 741 1086 ut
755 1063 773 1086 e
790 1050 873 1086 caelo

194 1102 346 1137 imbrem
362 1101 533 1137 demittat.
550 1117 566 1132 υ
584 1103 650 1136 Ed.

238 1155 310 1199 276.
333 1156 556 1200 Opposuilque
567 1162 631 1189 etc.
643 1154 746 1189 Silius
759 1154 852 1189 XIII
861 1180 871 1198 ‚

194 1206 253 1250 341
271 1219 279 1240 :
293 1206 547 1251 Oblercdensque
555 1221 688 1242 manum
697 1206 807 1242 solem
817 1207 871 1242 in·-

193 1259 385 1293 fervescere
409 1258 517 1293 sronti
534 1259 653 1294 Arcet.

237 1311 309 1355 278.
325 1311 423 1344 Sicca
434 1324 509 1345 vox.
529 1311 622 1355 Quae
639 1310 736 1346 venit
749 1324 768 1345 e
786 1317 872 1357 gut-

192 1368 270 1396 ture
286 1361 385 1396 sicco.
405 1363 485 1397 Hoc
501 1371 536 1397 et
552 1363 661 1409 magis
676 1364 870 1409 poeticum,

193 1422 228 1449 et
251 1414 330 1450 huic
354 1414 430 1449 loco
451 1415 582 1460 aptius,
611 1427 717 1460 quam
744 1414 871 1460 vulgat.

191 1480 352 1511 sacraque
381 1480 389 1501 :
417 1467 450 1502 X
465 1494 475 1511 ,
500 1468 565 1503 663
582 1495 590 1508 ‚
620 1469 738 1502 aridus
761 1469 874 1502 anbe-

190 1520 498 1564 musa—Siccaque
513 1526 620 1554 exstat
637 1519 779 1564 quidem
797 1530 871 1553 non

192 1571 258 1606 nisi
281 1570 316 1605 in
337 1571 463 1606 Urbin.
483 1578 518 1606 et
536 1584 608 1606 uno
627 1571 763 1606 Ciosan.
776 1598 785 1615 ,
811 1571 872 1606 sed

191 1631 284 1658 recte
298 1631 479 1670 receptum
492 1625 533 1659 ab
547 1625 670 1659 Heins.
679 1637 743 1670 pro
755 1638 872 1659 sacra-

190 1689 260 1720 que.
286 1695 331 1702 --
347 1677 465 1712 Nostri
491 1676 605 1712 Codd.
622 1686 809 1723 'sacraque‚
837 1684 873 1711 et

191 1730 307 1763 sorsan
333 1731 366 1764 τό
387 1732 482 1763 sicca
507 1730 549 1763 ab
572 1729 713 1775 ingenio
740 1742 872 1764 recen-

193 1780 325 1814 tiorum
343 1780 582 1825 proficiscitur.

237 1845 311 1879 279.
327 1833 484 1875 Siplacet
492 1834 563 1867 boc.
576 1833 657 1867 Non
675 1831 873 1878 suppliciter

194 1890 293 1928 orat,
311 1883 372 1918 sed
392 1891 463 1918 tota
481 1884 583 1919 estin
601 1884 807 1930 indignitate
822 1883 872 1919 rei

195 1935 469 1971 demonstranda
495 1936 662 1981 Jovisque
692 1936 873 1982 negligen-

193 1988 239 2022 tia
251 1987 451 2022 incusanda.
465 1988 561 2023 Inest
573 1989 737 2034 aequabile
751 1996 786 2023 et
798 2001 874 2034 gra·

194 2046 272 2072 tum
295 2039 460 2074 orationis
483 2039 628 2075 flumen.
655 2041 743 2075 Haec
767 2053 873 2075 com—-

195 2097 344 2135 pensant
366 2090 539 2125 luxuriem
555 2092 708 2137 ingenii,
735 2104 812 2136 quae
835 2091 872 2125 in

193 2142 429 2188 superioribus
440 2143 619 2189 aliquoties
628 2145 791 2180 ostendit.
799 2145 874 2180 Pri-

195 2207 253 2228 ma
270 2195 375 2229 verba
395 2195 490 2240 quasi
505 2196 739 2241 captationem
755 2197 873 2231 bene-

195 2246 356 2281 volentiae
376 2247 554 2292 quandam
570 2247 710 2282 habent.
725 2265 769 2272 —
788 2249 873 2281 Me-

192 2302 261 2332 teri
274 2299 367 2333 malo
386 2312 490 2334 sensu
507 2311 571 2345 pro
580 2312 735 2343 peccare,
767 2299 873 2334 e'tiam

198 2363 256 2396 291
280 2363 288 2384 ·.
306 2349 383 2385 vide
404 2351 536 2398 Heynii
549 2350 819 2387 Observationes
830 2351 873 2386 ad

198 2401 313 2435 Tibul.
333 2402 387 2442 ΙΙ,
418 2413 469 2445 lv,
491 2406 520 2438 5.
536 2422 579 2430 —
604 2405 698 2438 Vires
721 2415 809 2448 saepe
838 2410 874 2437 et

194 2453 265 2498 igni
286 2454 488 2490 tribuuntur
505 2462 541 2490 et
562 2469 626 2502 pro
646 2455 782 2502 ignibus
802 2468 873 2501 po—

195 2513 330 2540 nuntur
347 2520 355 2540 :
375 2507 446 2542 VII
458 2534 468 2551 ,
487 2508 525 2542 8ι
540 2534 549 2551 ,
566 2508 710 2543 scintilla
731 2511 767 2542 in
780 2512 873 2542 vete-

196 2571 248 2592 res
262 2563 383 2593 crescit
402 2564 511 2603 vires‚·
531 2561 641 2604 XIII,
662 2561 747 2606 868,
766 2561 875 2595 AEtna

195 2622 270 2644 cum
296 2614 367 2645 suis
387 2615 522 2646 viribus.
549 2613 644 2647 llinc
670 2612 703 2647 h.
727 2613 748 2647 l.
773 2613 874 2659 peri-

201 2663 341 2708 phrasin
370 2663 448 2698 facit
463 2690 472 2707 ‚
501 2672 539 2699 ut
562 2665 649 2699 XIV
665 2693 673 2705 ,
705 2667 789 2711 274,
821 2668 875 2699 vis

195 2719 282 2751 meri.
296 2715 430 2751 Similia
446 2716 536 2762 apud
555 2717 875 2753 Graecos-Clades

937 1053 1082 1092 levatur,
1108 1050 1320 1086 tolerabilior
1334 1049 1495 1085 redditur
1507 1074 1518 1092 ,
1538 1059 1618 1083 auc-

936 1108 1022 1143 lore,
1051 1103 1191 1149 quando
1215 1110 1274 1139 aut
1291 1116 1310 1137 a
1327 1115 1458 1149 magno
1477 1108 1513 1137 et
1529 1100 1617 1136 illu-

935 1156 998 1190 stri
1009 1155 1083 1190 viro
1094 1182 1103 1199 ,
1115 1163 1173 1191 aut
1185 1181 1194 1198 ‚
1208 1161 1247 1190 ut
1260 1155 1429 1197 hocloco,
1442 1167 1462 1188 a
1472 1153 1553 1188 Deo
1566 1152 1618 1187 in-

936 1209 1059 1242 sertur.
1072 1207 1202 1243 BURM.
1215 1209 1341 1242 Levare
1350 1233 1360 1249 ‚
1378 1205 1540 1240 minuere
1552 1230 1563 1249 ‚
1579 1210 1620 1238 ut

939 1260 1016 1303 111,
1034 1260 1107 1294 338.
1270 1278 1276 1284 ·

984 1312 1057 1346 283.
1089 1313 1221 1346 Toslos.
1260 1310 1383 1346 Codex
1413 1307 1544 1355 Regius
1575 1307 1619 1343 B.

937 1368 1094 1405 nostros-‚-
1114 1377 1133 1398 e
1153 1363 1261 1410 glossa
1274 1363 1375 1397 sorte.

982 1418 1057 1460 284.
1072 1418 1174 1461 Inque
1187 1418 1294 1450 oculis
1310 1421 1374 1450 etc.
1391 1414 1443 1449 Ita
1454 1419 1547 1449 recte
1562 1425 1619 1449 ve-

939 1468 1111 1503 tustiores.
1131 1468 1230 1503 Olim
1243 1467 1413 1501 edebatur
1423 1467 1527 1510 Inque
1539 1478 1619 1500 ocu-

936 1520 1114 1565 lis-sumum
1125 1534 1135 1554 ,’
1146 1523 1292 1554 volitant
1302 1532 1404 1564 super
1410 1531 1470 1554 ora
1473 1517 1618 1563 favilla.

939 1573 1077 1606 Verum
1097 1571 1140 1606 de
1154 1572 1255 1616 fumo
1276 1571 1312 1605 in
1335 1577 1434 1605 tanto
1453 1569 1546 1604 malo
1563 1569 1619 1604 vix

938 1631 1058 1668 questa
1072 1630 1160 1658 esset
1172 1623 1301 1657 Tellus.
1316 1621 1484 1657 Heinsius
1498 1619 1618 1656 suade-

936 1676 995 1710 bat
1006 1701 1015 1718 ,
1033 1677 1136 1720 Inque
1148 1676 1255 1709 oculis
1261 1674 1361 1718 sumi
1370 1677 1499 1708 tantum
1510 1699 1519 1713 ‚
1541 1677 1619 1707 laa-

936 1733 1066 1774 tumque
1074 1728 1217 1773 saville.
1247 1727 1337 1762 Satis
1359 1739 1489 1772 aspere.
1512 1726 1619 1762 Nem-

937 1795 979 1827 pe
992 1781 1047 1816 ille
1062 1795 1122 1816 ora
1133 1782 1224 1815 serre
1241 1780 1383 1814 nolebat
1395 1804 1405 1824 ,
1426 1778 1507 1825 quia
1520 1778 1617 1814 idem

937 1833 1147 1868 vocabulum
1174 1832 1355 1878 praecessit.
1393 1833 1442 1867 At
1468 1830 1618 1867 Ovidius

937 1885 1062 1919 millies
1074 1884 1165 1919 intra
1178 1896 1304 1929 paucos
1320 1895 1438 1918 versus
1451 1882 1547 1917 idem
1560 1894 1618 1916 vo-

937 1936 1100 1972 cabulum
1122 1936 1258 1981 repetit.
1284 1954 1327 1962 —-
1345 1935 1416 1970 Hic
1431 1946 1550 1969 versus
1569 1934 1616 1969 ita

936 1988 1064 2034 legitur
1088 1987 1125 2021 in
1154 1986 1286 2021 Codice
1307 1985 1419 2032 Regio
1435 1985 1465 2020 Β
1485 1998 1494 2020 :
1513 1986 1618 2030 Inque

936 2044 1043 2075 oculis
1060 2039 1188 2077 tantan}
1200 2066 1208 2079 ,
1234 2043 1362 2074 tantum
1380 2042 1434 2072 es!
1445 2051 1544 2083 super
1556 2051 1618 2074 ora

928 2094 1085 2139 savilloe,·
1113 2093 1150 2128 in
1177 2090 1308 2127 Codice
1334 2091 1365 2126 A
1384 2093 1511 2136 :Inque
1533 2094 1617 2126 mets

937 2147 1045 2180 oculis
1064 2151 1128 2179 etc.
1147 2143 1279 2178 Insulse
1300 2158 1308 2186 ;
1331 2149 1470 2189 praestat
1498 2149 1618 2178 nostra

938 2197 1050 2232 lectio.
1068 2199 1134 2231 Ed.
1148 2216 1192 2223 -
1208 2197 1355 2231 Adunci.
1370 2196 1476 2232 Multi
1489 2222 1500 2240 ,
1515 2199 1616 2232 curel.

939 2251 1057 2286 Nostri
1084 2257 1202 2285 autem
1229 2249 1378 2284 Codices
1392 2276 1402 2294 ,
1426 2251 1559 2284 adunci.
1573 2268 1617 2276 —

938 2321 982 2327 —
996 2305 1180 2337 Presserat.
1205 2303 1372 2340 premere,
1395 2301 1614 2346 opprimere,

938 2352 1109 2387 claudere.
1134 2352 1296 2401 Virgilius
1317 2351 1400 2386 AEn.
1423 2352 1500 2395 VI,
1530 2352 1617 2386 155:

931 2418 1111 2450 pressoque
1128 2409 1291 2440 obmutuit
1303 2418 1369 2439 ore.
1387 2404 1545 2439 Multum
1561 2417 1617 2439 va·

937 2457 986 2492 let
1003 2457 1045 2491 ad
1063 2456 1256 2492 movendos
1271 2456 1352 2491 alios
1364 2482 1374 2500 ‚
1392 2457 1419 2491 si
1431 2483 1441 2500 ,
1463 2468 1541 2502 quae
1554 2456 1616 2491 di—

938 2509 1048 2543 cimus
1060 2535 1069 2551 ,
1087 2522 1211 2544 eorum
1229 2508 1334 2544 oculis
1347 2508 1518 2554 subjicere
1535 2520 1616 2554 pos-

937 2572 1068 2595 sumus.
1100 2559 1197 2595 Hinc
1217 2573 1258 2594 en
1283 2562 1442 2604 adspice,
1470 2566 1506 2595 et
1532 2570 1614 2593 mox

939 2615 1152 2655 circumspice
1167 2639 1176 2653 ‚
1208 2618 1311 2657 atque
1334 2625 1375 2646 en
1393 2613 1507 2647 Atlas.
1531 2610 1615 2646 Non

938 2668 1058 2701 cineris
1066 2665 1160 2709 dicit,
1169 2665 1242 2710 sed,
1255 2665 1349 2711 quod
1359 2665 1506 2712 gravius,
1509 2662 1615 2707 savil-

939 2721 997 2761 lae,
1017 2718 1142 2754 cineris
1159 2719 1256 2753 mixti
1274 2717 1427 2754 scintillis
1442 2715 1613 2763 igneis,—
