1832 3100
412 245 1121 296 METAMORPHOSEON
1151 249 1278 293 LIB.
1314 250 1385 293 11.

1525 247 1610 291 215

158 378 161 379 ν
183 344 442 402 Flectimur,
465 343 623 406 ignava
647 352 879 409 nequeunt
903 341 1112 405 gravitate
1136 341 1317 389 moveri.

183 421 266 472 Illa
290 420 472 488 quidem
495 430 616 468 recto
642 430 816 486 pugnat
840 437 884 467 se
907 417 1108 467 attollere
1131 428 1290 465 trunco
1313 436 1322 464 ε

186 499 274 549 Sed
299 517 490 562 genuum
512 497 719 563 junctura
741 497 882 560 riget,
908 495 1138 562 frigusque
1162 513 1246 561 per
1266 505 1386 543 artus

182 576 398 634 Labitur;
424 585 470 624 et
491 573 659 642 pallent
680 574 842 623 amisso
869 572 1082 636 sanguine
1106 591 1239 620 venae.

183 655 334 721 thue
357 651 521 702 malum
542 651 628 700 late
653 651 768 700 solet
785 650 1110 699 immedicabile
1134 669 1289 699 cancer

1547 665 1613 700 825

183 732 368 800 Serpere
382 768 395 789 ‚
421 742 466 779 et
487 729 644 779 illaesas
668 730 835 778 vitiatis
862 729 1021 778 addere
1044 740 1222 796 partes;

184 809 258 858 Sic
279 806 423 858 letalis
447 807 590 857 hiems
612 806 827 874 paulatim
851 807 898 855 in
921 818 1104 873 pectora
1127 805 1275 864 venit;

182 885 445 953 vitalesque·
463 885 583 944 vias,
609 898 655 934 et
678 885 968 952 respiramina
990 883 1150 933 clausit
1175 903 1185 931 ι

182 965 275 1013 Nec
301 974 460 1013 conata
481 961 609 1030 loqui
631 975 721 1022 est;
750 981 855 1021 nec,
881 962 920 1010 si
944 973 1103 1010 conata
1125 960 1284 1009 suisset
1299 997 1312 1018 ‚

183 1041 321 1090 Vocis
342 1040 529 1091 haberet
552 1042 636 1090 iter
654 1061 665 1092 z
687 1060 840 1090 saxum
858 1041 947 1106 jam
971 1039 1086 1088 colla
1108 1038 1316 1096 tenebat3
1381 1054 1386 1064 ·

1548 1052 1616 1087 830

186 1119 368 1186 Oraque
390 1119 659 1178 duruerant3
685 1119 950 1188 signumque
976 1136 1196 1180 exsangue
1221 1115 1432 1165 sedebat:

183 1197 277 1246 Nec
299 1195 414 1264 lapis
435 1196 565 1246 albus
589 1209 705 1255 erat,
735 1216 815 1246 sua
834 1215 960 1246 mens
982 1195 1194 1245 infecerat
1214 1194 1348 1243 illam.

249 1275 376 1324 VIII.
408 1276 502 1325 Has
525 1275 607 1324 ubi
629 1275 868 1325 verborum
891 1294 1046 1343 poenas
1067 1273 1316 1340 mentisque
1336 1270 1535 1339 profanae

187 1419 275 1449 noto
291 1419 329 1449 et
349 1413 460 1460 poetis
481 1413 645 1449 familiari
666 1413 844 1461 graecismo
856 1441 866 1460 ,

187 1479 296 1514 quem
320 1467 486 1514 exemplis
512 1467 661 1503 illustrat
689 1468 867 1505 Heinsius.

186 1535 232 1545 —
254 1517 374 1554 Nostri
392 1517 541 1553 Codices
553 1544 563 1563 ,
570 1520 742 1564 flectitur,
772 1518 865 1564 quod

185 1570 402 1616 praetulerim
415 1596 426 1614 ‚
453 1570 581 1616 quippe
603 1570 698 1616 quod
721 1571 866 1606 absolu-

184 1628 264 1657 tum
288 1634 298 1658 :
322 1635 383 1657 sur
404 1624 579 1668 lesquelles
602 1636 646 1657 on
658 1624 802 1668 flbcbff,
821 1637 865 1659 on

183 1686 221 1709 se
223 1675 297 1719 plie
306 1701 316 1715 ,
333 1687 376 1709 en
385 1674 589 1721 s'asseyant.
602 1674 669 1709 Ed.
679 1693 725 1702 ·-
733 1677 871 1720 Pugnat

182 1740 222 1763 se
231 1727 388 1763 attollere
400 1755 410 1773 ,
426 1735 466 1764 ut
478 1728 497 1763 1
507 1753 518 1773 ,
529 1728 594 1764 685
611 1741 621 1764 ι
631 1733 765 1774 pugnat
773 1732 868 1765 eoin-

183 1793 258 1816 ceae
267 1793 414 1816 somnos.

227 1832 304 1868 823.
318 1833 447 1874 Arius,
463 1844 528 1879 pro
540 1845 611 1878 quo
622 1832 733 1868 nostri
751 1832 868 1869 Codd.

183 1883 412 1930 «laustangas,
420 1884 547 1929 latiori,
558 1891 599 1920 ut
604 1884 745 1921 videtur
751 1885 867 1929 nobis,

184 1937 452 1984 significatione.
468 1939 535 1972 Ed.
550 1956 597 1964 —-
610 1939 678 1973 Per
689 1942 786 1972 artus
802 1949 868 1983 pro

178 2003 242 2034 per
257 2002 385 2036 unques
400 2017 410 2032 ‚
437 2003 478 2025 ex
499 1989 656 2036 pluribus
674 1989 814 2025 Ciosani
833 1997 869 2025 et

186 2042 326 2078 Heinsii
341 2042 451 2079 MSS.
467 2043 583 2089 recepi
597 2057 605 2085 ;
628 2055 755 2088 ungues
771 2042 869 2077 enim

185 2108 254 2131 nee
274 2095 403 2141 frigus,
427 2107 496 2130 nec
519 2095 673 2130 calorem
699 2094 869 2130 sentiunt.

186 2148 276 2184 Vult
288 2154 405 2184 totum
413 2161 539 2194 corpus
552 2148 685 2192 dicere,
701 2148 736 2183 id
750 2155 869 2183 autem

185 2208 280 2237 recte
294 2214 360 2248 per
373 2206 469 2236 attus
485 2202 680 2247 (juncturas
694 2202 869 2236 membro-

186 2266 267 2289 rum
282 2279 292 2298 ,
315 2253 403 2289 item
422 2254 584 2289 membra
598 2253 688 2300 ipsa)
712 2260 748 2288 et
763 2266 869 2289 venas

185 2306 358 2352 exprimit.
378 2306 427 2342 Et
448 2306 574 2352 passim
579 2306 697 2351 frigus
713 2313 774 2342 aut
793 2310 868 2341 tte-

184 2374 259 2396 mor
266 2365 361 2396 artus
369 2373 532 2406 occupare
543 2360 684 2396 dicitur:
692 2360 762 2396 vid.
777 2359 868 2395 Cios.

230 2415 306 2449 825.
329 2414 438 2459 thue
447 2415 573 2448 malum
583 2420 648 2448 etc.
666 2411 868 2448 Similitudo

187 2466 345 2514 apprime
371 2467 570 2503 claudicans
595 2480 603 2502 ι
626 2467 759 2502 etenim
783 2465 869 2511 lapis

185 2520 297 2554 sactus
319 2531 402 2555 cum
428 2531 533 2555 carne
557 2531 685 2555 cancro
708 2519 868 2554 absumta

185 2572 278 2608 male
294 2579 537 2619 comparatum
554 2579 633 2608 tum
648 2584 774 2607 cancer
789 2572 869 2606 len-

185 2624 318 2661 tissime
333 2624 460 2670 serpit,
478 2636 595 2669 neque
610 2630 727 2659 totum
742 2636 868 2669 corpus

186 2684 343 2723 occupat.
361 2677 507 2712 Frustra
521 2675 670 2722 subjecit
680 2678 847 2720 paulatim
856 2702 866 2720 ,

186 2735 228 2764 ut
250 2728 517 2764 similitudinem
540 2727 718 2775 quandam
741 2734 867 2763 osten-

189 2781 300 2818 deret.
315 2799 360 2809 —·
373 2783 493 2818 Hiems
503 2809 512 2825 ,
531 2781 640 2827 frigus
650 2806 660 2826 ,
676 2780 770 2826 justo
792 2779 867 2815 du-

935 1414 1008 1451 rius
1022 1413 1066 1450 de
1082 1423 1229 1458 corpore
1244 1409 1413 1445 humano.
1427 1426 1473 1435 --·
1491 1409 1622 1444 Vt'lales

933 1471 1011 1503 vias
1022 1494 1031 1509 ‚
1063 1465 1198 1501 canales
1217 1489 1226 1508 ,
1254 1463 1380 1508 quibus
1407 1461 1619 1508 respiramus

933 1519 1067 1565 aliaque
1082 1529 1232 1552 munera
1244 1514 1287 1550 ad
1301 1514 1409 1549 vitam
1423 1520 1619 1549 sustentan-

933 1572 1016 1607 dam
1030 1572 1195 1608 sacimus:
1210 1572 1305 1604 vocis
1319 1571 1397 1609 ιἸεν,
1419 1566 1548 1602 arteria
1564 1579 1620 1600 as-

932 1639 1017 1672 pera
1029 1633 1065 1660 et
1077 1638 1136 1667 os;
1155 1623 1209 1658 VI
1221 1649 1231 1667 ,
1246 1623 1331 1665 355,
1350 1624 1409 1655 via
1424 1622 1528 1655 vocis.
1546 1619 1620 1653 Lu—
1685 1659 1689 1662 -

933 1684 1018 1714 eret.
1031 1676 1085 1712 IV
1095 1702 1104 1720 ,
1122 1677 1291 1719 514:1‘ter,
1305 1685 1371 1718 qua
1387 1684 1453 1706 vox
1468 1674 1499 1705 it
1512 1674 1548 1705 in
1557 1684 1623 1705 au-

932 1744 1001 1767 ras.
1015 1749 1060 1757 --
1071 1731 1229 1764 Haberel.
1246 1727 1367 1763 Nostri
1381 1725 1531 1761 Codices
1544 1726 1619 1760 Re-

934 1786 980 1832 gii
998 1785 1030 1820 A
1048 1791 1083 1819 et
1099 1784 1130 1818 B
1143 1810 1153 1828 ,
1168 1784 1323 1818 habebat.
1345 1798 1391 1807 —
1409 1781 1506 1814 Colla
1523 1783 1622 1812 lene-

934 1840 1014 1877 bal,
1043 1840 1273 1882 occupaverat
1298 1832 1450 1874 collum,
1481 1837 1520 1864 ut
1544 1830 1623 1875 376.

933 1909 979 1918 -
995 1892 1175 1925 Durueral.
1201 1886 1321 1923 Nostri
1352 1883 1502 1919 Codices
1531 1883 1619 1929 Reg.

933 1945 1123 1977 duruerant.
1132 1939 1223 1974 Vide
1238 1938 1280 1973 ad
1295 1938 1368 1982 706.
1379 1955 1427 1977 -,
1436 1935 1613 1980 Inseceral‚

934 1994 1086 2029 maculas
1099 1999 1158 2027 aut
1167 1992 1311 2037 nigrum
1322 1989 1354 2024 ei
1365 1988 1520 2024 colorem
1530 2000 1618 2022 con-

934 2052 1098 2081 traxerat.
1133 2043 1286 2079 Servant
1308 2041 1470 2076 homines
1493 2039 1620 2074 mutati

935 2097 1065 2143 aliquid
1084 2109 1103 2132 e
1128 2095 1272 2142 pristina
1299 2100 1447 2137 natura,
1474 2092 1617 2140 Lycaon

933 2151 1110 2186 feritatem
1123 2176 1133 2194 ,
1149 2147 1302 2194 Daphne
1316 2147 1490 2189 nitorem,
1509 2152 1573 2180 etc.

977 2203 1146 2247 833-875.
1166 2202 1245 2235 Has
1267 2203 1330 2235 ubi
1349 2207 1413 2235 etc.
1444 2199 1591 2244 Agenor
1605 2224 1614 2242 ,

933 2268 995 2290 rex
1010 2254 1213 2297 Phoenices,
1234 2252 1342 2287 filiam
1359 2251 1480 2286 habuit
1499 2251 1618 2285 Euro-

933 2322 1034 2355 pam,
1053 2320 1160 2354 quam
1177 2307 1305 2342 amavit
1321 2305 1471 2352 Jupiter.
1495 2305 1528 2340 Is
1545 2304 1618 2350 igi—

934 2367 1015 2405 tur,
1048 2361 1085 2395 in
1113 2367 1254 2396 taurum
1278 2372 1421 2402 versus,
1444 2357 1619 2403 virginem

933 2421 1071 2460 raptam
1094 2413 1197 2448 dorso
1229 2412 1407 2448 transtulit
1431 2424 1493 2456 per
1518 2422 1615 2444 mare

933 2466 1236 2502 mediterraneum
1245 2466 1280 2500 in
1289 2464 1439 2499 insulam
1449 2462 1594 2497 Cretam
1607 2488 1616 2505 ,

934 2519 995 2554 ubi
1008 2532 1049 2553 ex
1064 2531 1105 2553 ea
1119 2517 1269 2568 suscepit
1286 2516 1448 2550 Minoem
1461 2540 1470 2559 ,
1487 2514 1619 2560 Sarpe-

934 2571 1066 2606 donem
1089 2576 1125 2604 et
1143 2567 1466 2604 Rhadamanthum.
1492 2566 1618 2602 Fabu—

933 2624 1004 2658 lam
1021 2622 1112 2657 hanc
1127 2621 1254 2667 partim
1271 2619 1509 2665 Phoeniciam,
1526 2631 1615 2665 par-

934 2675 997 2710 tim
1017 2673 1225 2708 Cretensem
1237 2699 1247 2716 ,
1265 2670 1506 2720 Pherecydes,
1526 2669 1618 2705 Hel-

933 2726 1065 2761 lanicus
1084 2752 1093 2769 ,
1117 2724 1349 2761 Antimachus
1361 2751 1372 2768 ,
1398 2722 1591 2759 Anticlides
1605 2748 1615 2765 ,

935 2777 1163 2825 Epimenides
1173 2783 1403 2814 narraverant
1413 2790 1423 2823 ;
1441 2775 1621 2822 peculiari-
