1832 3100
351 241 1088 287 METAMORPHOSEON
1127 245 1261 288 LIB.
1300 246 1396 291 VI.
1501 244 1581 306 471

160 336 368 386 Excussit
389 353 581 402 pennas3
603 352 788 400 quarum
807 334 1046 399 jactatibus
1070 337 1215 384 omnis

160 413 333 462 Adflata
355 424 422 463 est
445 410 602 468 tellus,
624 409 851 477 latumque
875 411 1131 478 perhorruit
1154 431 1331 478 aequor3

159 490 502 556 Pulvereamque
525 488 702 537 trahens
723 507 803 555 per
824 508 994 537 summa
1016 489 1245 538 cacumina
1266 490 1450 556 pallam,
1524 506 1588 552 705
1639 547 1642 550 Δ

157 567 308 616 Verrit
327 566 535 623 humum;
555 566 846 633 pavidamque
870 577 991 614 metu
1019 565 1206 628 caligine
1232 578 1375 616 tectus

157 644 394 712 Orithyian
417 664 566 693 amans
590 644 723 693 fulvis
748 643 1029 710 amplectitur
1049 643 1144 693 alis.

155 723 278 772 Dum
299 723 422 772 volat
433 739 451 781 ,·
468 735 671 772 arserunt
693 722 846 786 agitati
868 721 1031 770 fortius
1056 722 1210 785 ignes;

153 800 247 849 Nec
269 800 394 867 prius
418 800 524 849 aerii
548 819 702 849 cursus
727 799 979 866 suppressit
1005 799 1226 857 habenas,

154 879 304 942 Quam
330 878 548 927 Ciconum
570 878 714 926 tenuit
732 876 956 944 populos,
978 897 1058 926 sua
1083 877 1261 937 moenia,
1285 889 1453 945 raptor.
1523 904 1588 940 7¹0

153 955 252 1004 Illic
275 968 320 1006 et
341 955 475 1020 gelidi
499 957 661 1023 conjux
685 958 835 1005 Actaea
859 956 1060 1023 tyranni,

207 1189 282 1235 703.
303 1190 492 1231 Excussit,
519 1189 686 1235 jactavit,
714 1190 836 1225 movit.

151 1243 259 1278 ·Mare
275 1245 517 1288 perhorrescit,
542 1256 653 1290 quum
669 1256 837 1279 commo-

153 1302 277 1340 vetur,
289 1301 329 1330 ut
339 1294 466 1331 fluctus
482 1295 573 1331 edat.
589 1296 758 1342 Sequitur
773 1296 838 1331 ad-

153 1348 320 1384 mirabilis
336 1348 694 1395 phantasia—Pulvis
706 1376 715 1393 ‚
728 1363 836 1396 quem

154 1408 274 1437 movet
286 1402 417 1437 Boreas
426 1428 435 1445 ,
447 1409 499 1437 est
510 1403 585 1447 ejus
592 1405 692 1446 palla
700 1430 708 1443 ⁷
730 1416 836 1448 quam

153 1457 278 1496 trabit,
296 1462 336 1490 ut
360 1455 448 1490 solet
466 1468 584 1502 syrma
610 1455 713 1490 vestis
734 1455 835 1490 trahi.

153 1523 199 1534 ·—
213 1508 346 1542 Vertere
360 1513 491 1542 terram
503 1514 538 1541 et
549 1520 645 1542 mare
657 1534 666 1551 ,
677 1507 835 1542 solemne

154 1558 266 1604 poetis
277 1558 321 1594 de
331 1559 444 1594 ventis
454 1558 583 1604 rapidis
592 1585 601 1602 ‚
612 1558 832 1604 superficiem

153 1618 257 1659 terrae
271 1612 539 1658 stringentibus,
553 1612 697 1657 ejusque
714 1611 835 1657 pulve-

153 1676 230 1699 rem
241 1677 362 1700 secum
374 1664 622 1699 auferentibus.
636 1664 832 1707 Lucretius,

153 1716 190 1761 I,
208 1716 387 1765 279;V1,
406 1716 492 1760 624;
514 1716 597 1750 AEn.
624 1716 662 1760 1,
681 1716 733 1751 53.
761 1716 833 1752 Sed

150 1767 186 1804 h.
206 1769 227 1804 l.
247 1768 430 1815 respicitur
452 1768 495 1803 ad
519 1768 644 1815 pallam
658 1795 667 1812 ,
694 1781 771 1814 quae
797 1776 833 1804 et

150 1821 224 1868 ipsa
233 1835 359 1857 verrere
368 1824 500 1857 humum
517 1822 657 1867 dicitur,
671 1823 743 1866 XI,
762 1823 831 1857 166.

150 1891 194 1900 -
207 1876 371 1909 Pavidum
389 1879 487 1909 melu.
506 1875 667 1920 Propert.
688 1875 766 1918 ΙΙΙ,
785 1886 809 1908 v
821 1900 830 1918 ‚

152 1938 196 1973 29
209 1939 216 1961 :
234 1926 270 1960 A
271 1929 362 1971 quilo
377 1930 480 1970 raplae
491 1929 592 1959 lt'mor
606 1927 833 1971 Orithyia-—

151 1979 270 2013 hints
279 1980 358 2013 alis.
375 1977 499 2022 Silius,
514 1977 586 2013 XII
601 2003 611 2020 ,
624 1977 663 2011 fn
672 1991 688 2023 7
701 2004 709 2020 ,
717 1977 834 2021 fuscis

152 2029 294 2075 Asticus
307 2033 396 2071 alis,
414 2030 472 2065 ubi
495 2029 573 2064 vide
599 2029 834 2064 Drakenb.-—-

140 2077 142 2079 ¹
152 2081 284 2128 Rapuit
294 2081 486 2130 Orithyian
497 2081 538 2116 ad
555 2082 691 2116 llissum
706 2081 833 2116 luden-

152 2140 225 2169 tem
239 2147 247 2170 ι
259 2134 308 2170 sic
320 2134 506 2170 Pausanias
516 2161 525 2178 ,
539 2135 645 2169 Attio.
655 2147 687 2180 p.
698 2135 738 2178 45
752 2149 759 2176 ;
770 2133 831 2169 sed

152 2186 244 2233 apud
262 2187 493 2233 Apollonium
507 2187 598 2232 rapit
611 2193 809 2237 κεκροπ-ιήἇεν.

198 2240 272 2284 708.
294 2239 463 2274 Arserunt
475 2246 539 2273 etc.
554 2239 722 2284 quoniam
738 2243 831 2283 denes

153 2291 212 2337 qui
230 2304 281 2337 pr.
298 2291 464 2326 dicuntur
480 2298 580 2325 motu
602 2290 706 2325 celeri
723 2292 831 2338 magis

151 2346 355 2381 excitantur.
369 2344 476 2379 Ludit
489 2344 672 2390 ingenium
689 2344 828 2389 Ovidii,

151 2399 248 2444 isque
267 2398 360 2433 lusus
375 2398 525 2444 ineptus.
543 2398 691 2432 Heroid.
710 2409 804 2433 xv111
818 2426 827 2443 ,

152 2451 208 2495 41,
222 2450 265 2486 de
278 2450 408 2485 Borea:
420 2452 504 2484 Tam
515 2452 644 2494 gelidus
653 2463 750 2495 quum
759 2455 826 2492 sis,

151 2514 217 2536 non
241 2508 274 2537 le
300 2507 410 2536 tamen
425 2529 433 2543 ‚
464 2505 611 2547 improbe
625 2529 634 2544 ‚
664 2505 829 2548 quondam

152 2555 292 2598 Ignibus
307 2554 343 2588 A
344 2557 438 2588 cloeis
452 2557 635 2589 incaluisse
648 2567 763 2599 negas.

198 2617 272 2653 709.
288 2606 410 2640 Cursus
422 2607 572 2640 habenas
587 2609 828 2654 ποιητικώτερον,

154 2670 260 2703 quam
275 2671 390 2693 currus
403 2660 569 2700 habenas,
588 2658 682 2704 quod
698 2658 830 2694 habent

153 2710 224 2750 alii,
237 2711 329 2745 inter
338 2723 424 2755 quos
434 2723 524 2746 unus
536 2711 673 2746 Heinsii
684 2737 693 2755 ,
705 2718 740 2745 et
749 2711 829 2747 huic

152 2762 216 2809 ipsi
243 2776 315 2798 non
342 2762 550 2809 displicebat.
575 2763 622 2798 Et
643 2776 758 2799 currus
782 2777 827 2799 ne

142 1035 216 1083 'Et
238 1034 436 1098 genetrix
458 1033 573 1083 facta
594 1045 686 1094 est;
711 1046 866 1101 partus
890 1034 1018 1083 enixa
1041 1033 1279 1097 gemellos,
1343 1052 1352 1061 ·

901 1190 1018 1225 locum
1031 1190 1173 1236 quidem
1185 1203 1281 1225 nunc
1290 1189 1396 1225 habet
1405 1217 1414 1234 ‚
1427 1190 1506 1236 quia
1518 1191 1585 1226 Bo-

901 1256 977 1278 reas
993 1256 1065 1278 non
1081 1256 1187 1278 curru
1201 1243 1360 1287 vehitur,
1373 1243 1433 1278 sed
1447 1243 1506 1278 alis
1520 1257 1586 1277 vo-

901 1295 960 1330 lat.
975 1315 1019 1321 —
1036 1297 1240 1340 Supperere
1252 1323 1260 1336 ‚
1280 1295 1460 1330 retrahere
1476 1310 1484 1338 ;
1504 1296 1586 1331 hinc

902 1352 1101 1393 supprimere
1108 1350 1258 1383 habenas
1268 1361 1385 1382 cursus
1391 1351 1478 1383 aerii
1484 1348 1587 1394 paulo

904 1401 1066 1436 audacius
1079 1428 1088 1445 ,
1104 1401 1268 1436 desistere
1286 1414 1426 1436 currere
1444 1414 1507 1446 per
1524 1414 1584 1436 ae-

902 1454 1187 1493 rem.-—C1'cones‚
1204 1467 1288 1499 gens
1297 1453 1465 1489 Thraciae.
1475 1452 1585 1488 Thra-

902 1503 953 1537 cia
964 1511 1083 1538 autem
1097 1504 1288 1540 habebatur
1299 1513 1484 1540 ventorum
1494 1532 1504 1549 ,
1518 1505 1586 1539 Bo-

900 1567 970 1589 reae
982 1555 1140 1600 inprimis
1149 1582 1158 1600 ,
1171 1557 1406 1592 habitaculum
1416 1585 1425 1602 ,
1440 1559 1535 1604 isque
1547 1558 1584 1591 in

902 1613 1022 1641 monte
1037 1608 1165 1642 Haemo
1177 1609 1381 1654 speluncam
1393 1609 1583 1655 quamdam

900 1657 1052 1693 incolere
1083 1660 1301 1694 credebatur.
1331 1661 1423 1695 Vide
1455 1662 1583 1695 Theo-

898 1708 1080 1756 phrastum
1092 1737 1101 1755 ,
1114 1711 1157 1746 de
1171 1711 1291 1747 Causs.
1305 1712 1469 1756 Plant.V,
1484 1727 1535 1759 17,
1549 1720 1584 1747 et

900 1761 943 1795 de
962 1762 1108 1806 Ventis,
1126 1776 1157 1807 p.
1178 1765 1253 1810 409.
1279 1764 1376 1798 Hinc
1390 1770 1530 1812 Θρηΐκιος
1548 1771 1584 1798 et

899 1817 1074 1863 erupo'vzog
1081 1815 1349 1849 vocatur.—Sua
1355 1819 1479 1850 moenia
1489 1828 1508 1849 e
1521 1816 1585 1849 Ba-

897 1865 1034 1900 sileensi
1051 1867 1279 1901 Burmannus
1296 1866 1413 1912 dedit,
1430 1875 1468 1902 ut
1485 1868 1583 1902 addi-

900 1925 974 1952 tum
994 1919 1037 1953 sit
1053 1933 1115 1964 per
1131 1920 1397 1965 appositionem.
1415 1920 1533 1966 Vulgo
1550 1926 1586 1955 et

898 1977 1027 2008 moem'a.
1051 1974 1102 2008 Ita
1117 1981 1152 2008 et
1171 1974 1273 2020 Regii
1290 1974 1401 2009 nostri
1421 1973 1581 2022 Codices.

897 2043 942 2051 —
953 2027 1080 2061 Maenia
1091 2026 1228 2073 dignius
1239 2040 1343 2074 quam
1353 2027 1528 2073 spelunca.
1536 2047 1580 2055 —

897 2080 1043 2123 «θηρίοις
1056 2083 1148 2124 rapi,
1167 2079 1305 2125 proprie
1319 2079 1362 2114 de
1378 2079 1579 2125 virginibus.

943 2146 1016 2177 71¹-
1038 2134 1089 2167 Et
1108 2135 1235 2177 gelide)-
1262 2132 1404 2178 quidam
1431 2137 1572 2178 egelMi,

898 2184 990 2230 quod
1015 2186 1154 2231 praesert
1174 2187 1266 2220 Mar.
1290 2186 1497 2231 Accursius,
1520 2188 1578 2233 qui

896 2245 1020 2273 monet
1033 2238 1100 2273 hoc
1117 2239 1325 2282 vocab-ulum
1339 2246 1374 2274 et
1390 2239 1577 2274 vehemen-

896 2298 950 2326 ter
966 2297 1001 2325 et
1018 2290 1242 2326 mediocriter
1258 2291 1423 2338 frigidum
1442 2299 1575 2327 notare.

895 2343 1050 2389 —Regii
1068 2343 1176 2378 nostri
1194 2370 1202 2387 ,
1223 2348 1257 2377 el
1267 2346 1381 2388 gelidi.
1401 2346 1578 2390 Gelidt‘ly-

893 2400 1012 2439 mam,
1023 2396 1146 2430 Boreae
1157 2422 1165 2439 ‚
1175 2396 1234 2440 qui
1245 2394 1483 2441 frigidissimus
1501 2408 1576 2429 om-

893 2446 994 2480 nium
1009 2453 1209 2482 ventorum.
1229 2449 1294 2481 Ed.
1304 2466 1348 2472 —
1359 2448 1479 2481 Acloea
1490 2475 1498 2488 ‚
1516 2448 1576 2482 At-

894 2500 984 2534 tica:
1001 2499 1078 2535 vide
1110 2500 1152 2535 ad
1180 2501 1216 2544 I,
1237 2500 1323 2534 313:
1340 2500 1466 2534 Aclt'as
1495 2502 1575 2535 On·-

893 2556 1007 2601 thyzh,
1027 2553 1117 2599 apud
1139 2553 1236 2599 Virg.
1258 2551 1388 2598 Georg.
1407 2553 1480 2597 IV,
1499 2554 1573 2598 463.

893 2607 1069 2640 —Parlus
1082 2605 1124 2640 de
1140 2605 1247 2651 prole.
1265 2604 1336 2640 Sed
1355 2605 1391 2640 in
1408 2619 1476 2652 qua
1493 2620 1574 2641 cor-

893 2659 985 2704 poris
1011 2665 1108 2705 parte
1133 2659 1181 2693 illi
1199 2672 1332 2703 pennas
1358 2659 1544 2695 habuerint
1562 2688 1572 2703 ,

893 2710 936 2744 de
950 2723 992 2745 eo
1004 2723 1075 2745 non
1087 2711 1310 2746 consentiunt
1325 2719 1444 2757 poetae.
1461 2713 1572 2759 Hygi-

893 2776 982 2809 nus,
1000 2764 1115 2800 sabula
1136 2765 1195 2809 14:
1212 2766 1266 2800 Hi
1279 2769 1396 2810 capila
1412 2768 1578 2810 pedesque
