1832 3100
374 222 1104 269 METAMORPHOSEON
1141 227 1276 269 LIB.
1319 226 1357 268 I.
1526 223 1580 266 53

153 318 302 368 Eurus
325 317 381 367 ad
401 319 621 368 Auroram
637 357 649 377 ‚
672 319 970 386 Nabataeaque
993 338 1127 383 regna
1146 319 1347 378 recessit,

153 395 422 463 Persidaque
437 434 449 455 ‚
473 409 518 445 et
540 397 674 446 radiis
695 398 801 463 juga
825 396 1006 447 subdita
1026 395 1255 445 matutinis
1280 416 1291 443 ;

153 473 345 540 Vesper,
371 485 417 523 et
439 474 627 523 occiduo
652 494 748 542 quae
770 475 904 524 litora
927 473 1031 523 Sole
1056 484 1289 540 tepescunt
1303 509 1316 529 ‚

155 551 362 602 Proxima
383 565 489 602 sunt
509 553 712 620 Zephyro
733 573 743 601 ε
769 553 994 620 Scythiam
1018 549 1469 618 septemquetrionem

155 629 360 679 Horrifer
380 630 542 681 invasit
561 633 727 681 Boreas
744 651 753 680 :
772 629 990 680 contraria
1012 627 1144 678 tellus
1537 641 1582 675 65

151 707 366 758 Nubibus
387 709 606 769 adsiduis,
631 709 873 776 pluvioque
897 708 1108 758 madescit
1130 707 1186 756 ab
1211 707 1395 755 Austro.

154 785 262 834 Haec
285 805 420 854 super
442 788 659 855 imposuit
679 787 924 855 liquidum,
950 799 994 836 et
1017 784 1229 850 gravitate
1251 795 1469 834 carentem
1489 821 1500 842 ,

155 863 357 923 AEthera,
379 884 460 914 nec
484 865 726 932 quidquam
748 878 928 914 terrenae
949 863 1066 913 faecis
1089 863 1339 912 habentem.

153 940 239 990 Vix
264 960 314 990 ea
336 942 552 992 limitibus
575 943 842 1011 dissepserat
865 943 1012 992 omnia
1038 942 1190 1001 certis,

194 1080 250 1117 61.
265 1082 444 1118 Auroram.
462 1082 599 1118 Laudat
609 1083 700 1119 hanc
711 1090 833 1118 vento-

151 1145 233 1168 rum
242 1133 473 1170 cardinalium
490 1135 761 1181 descriptionem
775 1136 835 1171 Se-

150 1186 293 1223 necaN.
305 1186 355 1232 Q
365 1189 400 1222 V
411 1213 421 1232 ,
438 1188 488 1223 16.
498 1190 664 1223 Auroram
674 1215 682 1229 ‚
698 1187 835 1223 AEthio-

151 1237 265 1284 piam,
280 1238 402 1274 sedem
416 1239 565 1275 Aurorae
578 1267 588 1284 ,
603 1253 691 1275 vers.
707 1242 779 1286 774.
790 1258 834 1267 —

151 1290 391 1336 Nabataeaque.
405 1292 458 1327 Ita
468 1292 544 1340 sine
559 1295 598 1334 h,
618 1292 687 1328 hoc
698 1302 833 1328 nomen

151 1349 355 1379 constanter
376 1344 505 1391 legitur
525 1345 616 1391 apud
639 1345 731 1380 Plin.
750 1345 833 1381 Tac.

153 1393 269 1432 strab.
277 1414 323 1424 —
330 1398 514 1433 Nabataeos
522 1398 650 1433 Strabo
660 1398 717 1432 lib.
730 1398 833 1441 XVI,

152 1460 186 1493 p.
198 1447 274 1494 767,
284 1447 379 1483 inter
387 1449 608 1497 Babylonem
619 1456 656 1485 et
666 1450 834 1485 Arabiam

151 1499 307 1536 Felicem
337 1500 483 1538 collocat
500 1530 510 1547 ,
537 1503 833 1549 metropolimque

150 1564 278 1588 eorum
288 1554 451 1590 nominat
462 1556 618 1591 Petram.
628 1556 732 1592 Sicet
743 1557 833 1591 Plin.

150 1605 200 1640 H.
224 1606 270 1642 N.
290 1606 364 1651 VI,
382 1608 505 1644 28-32.
525 1609 572 1644 lis
589 1617 737 1656 praeerat
752 1624 831 1652 rex,

151 1657 212 1703 qui
234 1670 254 1693 a
278 1658 402 1694 Tacito
418 1658 489 1695 An.
506 1660 565 1704 11,
586 1663 626 1706 57
638 1688 647 1703 ,
666 1674 833 1697 comme-

148 1718 320 1747 moratur.
331 1713 420 1749 Inde
430 1713 595 1751 Nabata-a
603 1729 716 1760 regna.
728 1716 833 1751 Nunc

149 1775 297 1800 omnem
306 1765 474 1802 Arabiam
489 1768 735 1813 cogitabimus,
755 1782 833 1814 quae

146 1816 222 1852 fere
245 1826 566 1865 commemoratur,
587 1820 647 1855 ubi
672 1820 832 1856 Orientis

148 1868 238 1906 fines
247 1869 453 1918 designandi
461 1878 554 1907 sunt.
563 1891 607 1900 —-
614 1874 719 1918 Juga,
735 1873 831 1909 haud

148 1922 254 1958 dubie
271 1923 420 1969 Eumdi,
436 1925 593 1961 Damasii
603 1934 639 1962 et
651 1927 706 1962 alii
717 1940 831 1962 mon—

149 1981 200 2010 tes
212 2001 222 2019 ,
234 1976 358 2022 quibus
369 1977 471 2013 India
481 1978 645 2025 cingitur,
659 1979 751 2014 Plin.
761 1979 828 2023 Vl,

151 2031 477 2074 17-2i.—-Subdita.
495 2033 620 2068 Horat.
636 2033 667 2077 1,
678 2032 749 2068 Od.
760 2044 830 2076 ΧΠ,

149 2080 193 2115 55
216 2106 226 2124 ,
264 2083 434 2128 subjectos
457 2088 596 2119 orientis
624 2098 691 2120 oroe
721 2086 830 2120 seras.

148 2131 323 2168 Nostrum
348 2137 514 2181 expressit
535 2136 659 2172 Senec.
684 2137 828 2186 Thyest.

147 2184 214 2228 482
227 2198 235 2220 :
251 2186 367 2221 Eurus
384 2188 550 2224 Orientem
566 2193 692 2230 movet,
708 2190 831 2224 Naba-

147 2241 280 2283 !oeaque
293 2243 448 2284 quatiens
461 2253 565 2286 regna
573 2246 610 2276 ct
621 2243 715 2277 Eoos
723 2246 828 2277 sinus.

150 2288 206 2327 Cf.
222 2290 319 2326 idem
333 2318 343 2336 ,
362 2292 488 2339 Agam.
506 2295 581 2339 477.

189 2342 244 2378 63.
267 2345 406 2389 Vesper,
424 2350 461 2381 et
470 2349 620 2382 occiduo.
635 2347 733 2382 Euro
743 2361 829 2383 con-

143 2396 273 2434 trarius
293 2398 464 2443 zephirus
491 2400 533 2435 ab
554 2399 735 2437 occidente
756 2400 828 2437 flat.

144 2451 214 2484 Ed.
222 2468 268 2476 —
276 2451 396 2486 Litora
405 2452 490 2488 dixit
503 2479 512 2497 ,
530 2466 605 2487 non
614 2458 707 2488 letroe
718 2480 728 2498 ‚
746 2455 827 2500 quia

145 2515 244 2538 mare
257 2503 474 2541 Atlanticum
487 2506 616 2542 claudit
630 2508 752 2543 orbem
765 2521 827 2544 oc-

144 2555 421 2592 cidemalem.—
435 2559 630 2604 Tepescunt,
644 2562 724 2607 quia
736 2561 827 2598 Solis

145 2608 335 2644 occidentis
346 2609 434 2646 radii
443 2611 561 2647 minus
569 2613 713 2650 violenti
722 2622 823 2657 sunt;

144 2668 332 2708 propterea
347 2662 455 2698 etiam
476 2663 706 2701 occidentales
723 2673 826 2702 terrae

146 2713 325 2749 minorem
341 2715 420 2751 solis
435 2723 557 2752 aestum
569 2718 700 2753 sentire
714 2725 826 2764 poetae

147 2765 323 2803 videntur.
355 2768 407 2803 Ita
425 2775 460 2803 et
479 2769 603 2805 Horat.
621 2770 658 2815 I,
676 2770 748 2807 Sat,
767 2782 822 2815 tv,

901 1083 945 1118 30
960 1096 968 1119 :
988 1084 1065 1123 Sol,
1093 1095 1158 1126 quo
1173 1083 1362 1125 vespertina
1379 1084 1469 1124 lepel
1485 1083 1586 1124 regio.

901 1135 1072 1171 Similiter
1078 1146 1160 1169 mox
1167 1132 1406 1168 meridionalis
1415 1139 1507 1167 terra
1515 1146 1583 1166 ma-

900 1192 1033 1224 descere
1058 1187 1185 1222 dicitur
1196 1214 1206 1231 ,
1233 1186 1314 1232 quia
1341 1186 1471 1220 Auster
1499 1183 1583 1219 inde

900 1241 1032 1287 pluvias
1057 1240 1137 1285 agit.
1164 1239 1290 1274 Boreae
1307 1250 1391 1272 vero
1407 1236 1583 1271 violentiae

898 1296 979 1332 satis
997 1292 1301 1330 accommodatum
1312 1295 1447 1327 invasit.
1458 1290 1583 1325 Manil.

899 1350 1014 1394 Asper
1026 1351 1070 1383 ab
1088 1360 1154 1382 axe
1167 1351 1236 1382 rui!
1248 1347 1390 1380 Boreas.

943 1403 996 1446 64.
1014 1402 1157 1448 Scythia
1168 1399 1316 1434 nomine
1324 1398 1474 1433 Veteres
1486 1410 1583 1433 com-

898 1453 1167 1501 prehenderunt
1183 1465 1306 1486 omnes
1321 1458 1431 1486 terras
1442 1457 1583 1496 septen-

898 1506 1066 1542 trionales
1095 1505 1301 1552 incognitas.
1333 1522 1378 1531 ·--
1408 1505 1559 1537 Trionem
1572 1529 1581 1543 ,

898 1572 974 1594 non
1001 1563 1125 1594 triones
1137 1586 1146 1599 ,
1177 1558 1371 1604 praeserunt
1402 1555 1559 1590 Florent.
1571 1581 1581 1598 ,

897 1614 1050 1660 Berneg.
1063 1639 1072 1656 ,
1091 1612 1241 1653 Urbin.;
1258 1610 1363 1656 idque
1381 1623 1421 1644 ex
1436 1609 1583 1655 antiquo

899 1680 964 1702 usu
980 1665 1149 1712 loquendi
1161 1663 1370 1710 comprobat
1387 1661 1512 1697 Heins.

941 1719 996 1754 65.
1019 1718 1182 1763 Horriser.
1210 1717 1357 1762 Frigora
1381 1715 1478 1750 enim
1500 1740 1509 1757 ,
1537 1713 1581 1748 de

898 1773 1024 1818 quibus
1039 1771 1179 1818 proprie
1195 1772 1329 1810 horror,
1354 1768 1423 1813 agit
1439 1768 1582 1802 Boreas.

897 1824 955 1860 De
966 1825 1101 1870 origine
1112 1824 1188 1869 ejus
1198 1823 1240 1858 cs.
1255 1821 1308 1856 1V
1319 1848 1328 1863 ,
1344 1821 1452 1855 Pom:
1467 1831 1489 1853 x
1499 1847 1509 1863 ,
1526 1821 1580 1863 4ο.

897 1896 942 1903 -
970 1878 1147 1911 Conlrart‘a
1173 1876 1286 1908 lellus.
1311 1871 1556 1907 Bleridionalis
1570 1898 1579 1915 ,

899 1928 1111 1971 Antarctica‚
1121 1925 1396 1972 Septentrionali
1412 1920 1581 1971 opposita.

940 1981 993 2025 67.
1005 1981 1182 2024 Liquidum
1189 1979 1382 2013 -AEthera.
1395 1977 1533 2012 Purum
1545 1983 1581 2011 et

896 2033 938 2068 ab
949 2032 1047 2066 omni
1056 2031 1159 2066 noxio
1170 2042 1296 2077 vapore
1304 2028 1578 2064 liberatum.Ed.

940 2085 993 2120 68.
1019 2086 1091 2119 Nec
1116 2086 1294 2130 quidquam
1315 2087 1449 2116 terrena·
1463 2081 1576 2126 soecss.

895 2139 1053 2188 ἀτρύγετον
1069 2139 1173 2187 αἰθέρα
1190 2135 1276 2170 dixit
1300 2135 1451 2170 Homer.
1475 2133 1514 2169 Il.
1534 2128 1574 2178 13,

895 2192 981 2235 4²5³
999 2202 1083 2228 nam
1096 2194 1169 2239 τρὺξ
1180 2189 1316 2234 etsoe2·‚
1338 2200 1446 2222 omne
1460 2186 1576 2232 impu-

893 2256 976 2278 rum
986 2256 994 2278 ε
1004 2242 1073 2279 vid.
1081 2242 1238 2278 Gronov.
1251 2240 1435 2276 Observat.
1447 2240 1496 2283 ΙΙ,
1508 2250 1577 2282 vn,

893 2310 925 2343 p.
944 2309 1020 2342 207.

937 2350 992 2397 69.
1019 2350 1246 2392 Dissepseml.
1264 2346 1390 2381 Heins.
1402 2358 1421 2379 e
1435 2343 1576 2379 Leodic.

891 2403 1092 2448 fragmento
1099 2398 1340 2446 antiquissimo
1351 2397 1459 2439 dedit3
1470 2397 1575 2442 idque

893 2456 1041 2490 verbum
1058 2461 1109 2489 est
1125 2454 1276 2499 probum
1291 2465 1299 2493 ;
1316 2450 1378 2486 sed
1399 2449 1575 2485 a'librario

893 2508 1058 2555 imperito
1070 2534 1079 2551 ,
1099 2514 1159 2542 aut
1180 2505 1372 2540 dictantem
1387 2516 1459 2538 non
1478 2510 1573 2538 recte

892 2560 1106 2607 percipiente
1124 2585 1132 2600 ,
1158 2558 1225 2592 hoc
1240 2557 1338 2593 facile
1353 2556 1483 2591 mutari
1501 2569 1572 2601 po-

892 2613 961 2648 tuit
993 2613 1031 2646 in
1058 2613 1265 2655 dtlrcepsemt
1276 2637 1285 2651 ,
1323 2607 1418 2655 quod
1442 2607 1575 2642 habent

892 2664 1058 2711 permulti
1076 2663 1183 2703 MSS.
1204 2662 1244 2698 Id
1263 2675 1373 2708 quum
1390 2661 1474 2695 ferri
1498 2663 1572 2694 n‘on

891 2723 1028 2763 posset,
1056 2715 1141 2750 alius
1165 2713 1313 2750 correxit
1329 2715 1554 2757 dtlrccrpserat
1564 2738 1572 2751 ,

892 2768 986 2816 quod
1003 2775 1038 2804 et
1058 2768 1172 2814 ipsum
1189 2766 1319 2802 multos
1339 2765 1443 2801 libros
1462 2776 1574 2799 occu-
