1832 3100
282 226 363 269 ⁷50

661 225 712 267 P.
765 225 1002 270 OVIDII
1039 224 1340 270 NASONIS

307 317 568 380 Congeriem
591 318 748 376 secuit,
776 330 1022 385 sectamque
1046 319 1092 366 in
1114 320 1309 368 membra
1329 319 1498 383 redegit
1518 340 1530 379 ;

305 395 528 462 Principio
552 406 730 452 terram,
753 414 809 443 ne
832 414 923 444 non
944 395 1122 462 aequalis
1144 396 1198 444 ab
1223 396 1344 444 omni

306 474 432 521 Parte
456 472 589 530 foret,
615 472 762 534 magni
786 473 976 538 speciem
999 472 1257 536 glomeravit
1278 474 1325 521 in
1350 474 1486 522 orbis.
1669 489 1712 523 35

303 551 417 598 Tum
439 550 549 599 freta
572 549 783 607 diffundi,
809 549 1062 616 rabidisque
1087 562 1323 598 tumescere
1346 551 1487 599 ventis

301 628 463 685 Jussit‚
487 640 528 676 et
549 627 720 676 ambitae
740 627 1005 676 circumdare
1027 626 1159 675 litora
1183 639 1318 675 terrae.

304 704 492 753 Addidit
515 717 558 753 et
580 705 725 753 fontes
740 743 752 762 ,
778 705 1074 771 immensaque
1099 716 1277 766 stagna,
1302 703 1535 770 lacusque3

301 783 588 848 Fluminaque
615 781 813 847 obliquis
837 782 974 830 cinxit
997 781 1178 830 declivia
1197 781 1308 848 ripis
1325 819 1338 839 ,

300 914 406 949 22—23
425 939 434 957 ,
468 919 570 957 atque
602 911 690 947 adeo
724 913 945 956 dzzeposmzrset
957 939 965 954 ,

298 966 423 1010 cuique
440 963 529 1010 parti
548 976 650 998 suum
665 963 781 998 locum
799 963 972 1008 assignas-

297 1024 349 1052 set
361 1043 370 1059 ,
391 1016 512 1050 25-31.
527 1014 660 1051 Amant
675 1020 785 1059 poetae
801 1014 972 1059 ejusmodi

299 1066 592 1112 transpositiones.
601 1065 699 1110 Virg.
711 1065 838 1111 Georg.
848 1066 878 1109 Ι,
891 1066 973 1112 319:

304 1122 382 1163 Qua*
385 1144 434 1153 .....
445 1122 584 1162 segetem
587 1142 637 1151 .....
649 1119 788 1151 sublime
800 1120 972 1161 expulsam

296 1174 460 1209 emerent,
479 1170 501 1203 i.
518 1182 547 1203 e.
565 1175 730 1202 eruerent
740 1174 776 1203 et
791 1166 918 1202 deinde
934 1168 969 1202 in

297 1235 415 1258 aerem
426 1220 646 1266 expellerent.
659 1219 772 1263 Ideni,
784 1233 871 1255 vers.
886 1222 970 1264 400:

295 1277 423 1308 solutos
429 1275 566 1316 jactare
574 1274 749 1315 maniplos,
766 1272 892 1316 jactare
902 1283 971 1305 ma-

295 1325 433 1370 nipulos
449 1325 496 1359 sic
507 1350 516 1367 ,
534 1330 573 1358 ut
589 1322 776 1358 solvantur.
802 1322 971 1358 Similiter

296 1380 424 1415 Noster
446 1377 580 1422 passim.
606 1376 697 1410 Vide
723 1376 767 1410 ad
789 1389 877 1410 vers.
893 1376 969 1410 303.

297 1433 418 1466 Burm.
435 1437 555 1465 tamen
571 1429 711 1474 praesert
733 1428 876 1462 alteram
893 1428 970 1463 lec.-

295 1484 432 1518 tionem
449 1484 665 1525 compositam
676 1507 685 1520 ‚
707 1486 747 1513 ut
769 1479 856 1514 adeo
871 1492 969 1516 com-

288 1538 403 1580 posita
419 1535 588 1577 congeries
604 1532 648 1566 sit
662 1532 718 1566 ille
739 1534 848 1576 κόσμος
863 1557 872 1575 ,
901 1531 969 1565 scil.

296 1588 435 1621 mundus
451 1583 746 1630 philosophorum.
769 1582 877 1616 Bene.
898 1581 969 1617 Sed

296 1653 352 1673 me
374 1636 521 1672 offendit
544 1635 610 1670 hoc
624 1662 633 1679 ,
661 1634 755 1679 quod
780 1634 835 1668 illa
860 1634 969 1668 moles

294 1691 455 1727 nondum
476 1695 567 1723 secta
583 1700 656 1722 non
682 1693 818 1732 poterat
839 1689 968 1731 κόσμος,

294 1750 352 1778 aut
369 1744 509 1777 mundus
527 1752 631 1775 sensu
653 1739 711 1773 illo
734 1736 969 1783 philosophico

295 1796 371 1830 dici.
401 1793 476 1828 Cic.
498 1793 535 1829 in
563 1792 719 1836 Timaeoq,
754 1802 826 1834 cap.
855 1800 943 1823 xxxr
957 1815 967 1832 ,

294 1863 326 1894 p.
347 1862 360 1882 ι
370 1862 382 1882 1
392 1849 448 1891 14,
463 1846 548 1880 Ern.
566 1858 575 1879 ι
591 1849 629 1878 ut
637 1845 724 1878 hunc
733 1845 798 1877 hoc
808 1845 971 1876 varietate

292 1904 484 1936 distinctum
501 1901 579 1935 bene
594 1899 833 1940 θνιεείκὸσμον,
845 1907 907 1929 nos
914 1898 970 1928 lu-

291 1957 416 1987 centem
426 1952 581 1985 mundum
589 1951 840 1983 nominaremus.
852 1946 968 1980 Etiam

295 2003 477 2038 claudian.
491 2003 529 2036 in
552 2001 634 2036 Rus.
651 2000 690 2043 I,
718 2001 758 2043 4,
781 1998 816 2032 h.
833 2010 865 2034 v.
887 2011 968 2032 usus

292 2063 343 2091 est
360 2065 367 2086 :
386 2057 546 2098 dispositi
553 2053 685 2096 faedera
701 2053 823 2088 mundi.

335 2107 388 2141 33.
404 2106 533 2144 secuit,
552 2108 747 2146 sectamque.
772 2102 908 2138 Mirum
930 2102 966 2136 in

292 2157 439 2193 modum
457 2151 585 2192 Noster
607 2154 701 2189 illam
722 2153 967 2197 repetitionem

292 2209 484 2247 adfectavit.
498 2208 553 2243 Cf.
566 2220 652 2242 vers.
673 2208 732 2250 142
744 2232 753 2249 ‚
775 2207 836 2240 158
847 2232 856 2249 ,
879 2206 940 2239 166
956 2232 965 2248 ,

292 2263 357 2297 205
372 2289 380 2306 ‚
408 2269 444 2296 et
461 2260 550 2295 alibi.
571 2277 615 2285 ——
631 2260 782 2293 fflembm
798 2269 870 2291 non
888 2257 967 2291 satis

290 2313 475 2349 commode
491 2311 581 2347 Rod.
596 2313 725 2355 glieder
736 2309 849 2343 vertit.
864 2310 966 2343 Mem-

291 2371 349 2401 bra
360 2366 506 2400 omnino
517 2372 629 2410 partes
642 2363 812 2398 distinctae
823 2361 965 2406 alicujus

290 2420 341 2453 rei
361 2446 369 2462 ,
392 2425 436 2452 ut
461 2420 605 2451 membra
634 2418 781 2454 carine,
812 2416 962 2458 edificii,

286 2471 516 2515 philosophia.
535 2467 625 2502 Vide
646 2479 710 2501 nos
733 2466 775 2500 ad
797 2465 887 2500 Plin.
903 2465 940 2498 11
952 2490 962 2507 ,

291 2522 356 2566 Ep.
372 2533 451 2555 xvu
462 2547 471 2564 ,
489 2535 521 2567 9.
534 2519 714 2554 Caeterum
725 2518 962 2562 Anaxagoras,

291 2573 350 2617 qui
367 2579 401 2607 et
418 2572 488 2617 ipse
508 2572 674 2613 docebat,
693 2570 734 2604 ab
751 2569 850 2602 initio
867 2570 964 2603 πάντκ

291 2629 438 2674 χρήματα
456 2626 624 2672 πεφυρμένα
642 2622 745 2656 fuisse
757 2646 766 2664 ,
789 2620 936 2654 addebat
953 2630 961 2651 Ζ

287 2671 313 2714 ὁ
331 2685 407 2715 Νοῦς
426 2681 455 2711 δὲ
471 2679 548 2711 αὐτὰ
566 2680 648 2726 διῄρε
661 2701 670 2718 ,
690 2678 741 2709 zoe}¹
764 2677 962 2717 διεκόσμησε,

289 2734 340 2767 καὶ
353 2732 381 2765 ἐκ
394 2737 447 2767 τῆς
463 2729 589 2772 &ruffine-3
605 2738 644 2767 εἰς
659 2728 746 2771 τάξι-ι
762 2731 861 2770 ἤγαγε.
883 2726 963 2761 Plu-

1038 911 1199 947 tarchum
1208 911 1289 949 vide.
1300 911 1343 946 de
1357 912 1448 947 Plac.
1457 911 1515 946 lib.
1526 912 1562 957 I,
1574 925 1646 958 cap.
1656 924 1711 948 111.

1080 964 1133 997 35.
1148 962 1351 1006 Partesoret
1365 970 1429 998 etc.
1451 963 1580 1007 Omnis
1596 963 1652 1000 hic
1666 964 1713 999 lo·

1037 1028 1096 1050 cus
1107 1015 1298 1061 plurimum
1311 1015 1415 1050 hahet
1425 1016 1612 1060 suavitatis,
1626 1029 1646 1051 a
1654 1015 1713 1051 de-

1036 1066 1128 1101 lectu
1142 1067 1178 1101 in
1193 1067 1312 1112 primis
1327 1067 1526 1103 verborum.
1542 1068 1614 1103 Pr0
1626 1068 1713 1103 sim-

1037 1119 1115 1164 plici
1146 1119 1242 1153 enim
1263 1118 1383 1163 facem
1412 1126 1472 1154 aut
1489 1122 1577 1165 fieti
1597 1121 1713 1166 posuit

1037 1172 1141 1206 verba
1155 1184 1197 1206 ea
1209 1197 1218 1215 ‚
1237 1184 1313 1216 quae
1326 1172 1379 1207 vel
1396 1179 1558 1208 naturam
1577 1173 1630 1208 rei
1644 1186 1710 1208 ex-

1036 1224 1212 1270 primant,
1243 1224 1298 1259 vel
1319 1224 1468 1259 modum
1492 1224 1711 1271 adspectabi-

1035 1276 1106 1310 lem
1118 1302 1127 1320 ,
1145 1288 1215 1320 quo
1229 1276 1318 1310 facta
1333 1275 1387 1323 sit.
1413 1276 1523 1311 Terra
1540 1278 1712 1321 glomer-07-

1034 1332 1104 1367 tur,
1134 1328 1222 1362 freta
1237 1327 1490 1372 diffunduntur,
1511 1339 1609 1374 aquae
1624 1331 1711 1372 pul-

1033 1384 1115 1413 sant
1126 1379 1228 1413 litora
1239 1405 1248 1422 ‚
1263 1375 1602 1427 extendunturcanipi
1613 1405 1626 1424 ‚-
1638 1379 1712 1415 val-

1033 1430 1081 1464 les
1105 1432 1301 1471 subsidunt,
1325 1437 1464 1465 montes
1484 1437 1606 1466 contra
1627 1443 1711 1465 sur-

1031 1486 1122 1525 gunt.
1144 1500 1188 1508 —
1213 1484 1426 1516 Glomeram't.
1455 1480 1528 1517 Cic.
1545 1482 1638 1517 Tim.
1659 1484 1709 1518 15.

1033 1534 1128 1567 Deus
1143 1535 1298 1567 mundum
1315 1537 1366 1567 ita
1383 1538 1546 1576 tornavit,
1569 1539 1609 1568 ut
1624 1537 1717 1569 nihil

1019 1587 1106 1629 fieri
1108 1588 1222 1628 possit
1235 1587 1418 1619 rotundius.
1441 1585 1487 1620 N.
1502 1585 1548 1619 D.
1565 1585 1601 1620 11
1610 1611 1620 1629 ,
1640 1586 1687 1633 39·
1697 1612 1706 1629 ,

1032 1640 1120 1670 terra
1134 1639 1269 1671 nutibus
1284 1639 1355 1670 suis
1371 1634 1563 1682 (pondere)
1579 1639 1709 1681 conglo-

1033 1690 1124 1721 bata.
1142 1705 1187 1713 --
1205 1688 1288 1722 Jam
1307 1694 1408 1722 antea
1425 1691 1708 1732 aquaecoercue-

1031 1745 1112 1772 rant
1123 1739 1256 1781 orbem;
1265 1751 1361 1776 nunc
1368 1738 1536 1783 jubentur
1546 1737 1705 1784 disfimdi,

1031 1791 1131 1826 latius
1147 1790 1304 1834 extendi,
1323 1797 1426 1834 atque
1442 1790 1498 1825 hic
1515 1790 1584 1826 illic
1595 1805 1631 1826 se
1650 1792 1709 1826 ἤιέ-

1031 1845 1170 1878 sinuare
1188 1844 1224 1878 in
1242 1850 1350 1878 terras
1361 1869 1371 1887 ‚
1393 1849 1432 1877 ut
1446 1843 1542 1878 sinus
1557 1850 1592 1878 et
1606 1844 1704 1880 simi-

1032 1894 1077 1928 lia
1093 1894 1255 1928 efficiant.

1074 1948 1125 1982 36.
1140 1947 1377 1992 Diffundipro
1382 1946 1656 1992 dffedit‘Heins.
1665 1960 1707 1982 ex

1032 1999 1158 2034 Urbin.
1175 2007 1211 2034 et
1226 1999 1411 2044 Langerm.
1427 1999 1567 2044 recepit.
1584 1999 1702 2040 Bene3

1030 2050 1260 2085 nam-accedit
1273 2058 1307 2084 et
1319 2051 1473 2085 Lactant.
1487 2050 1571 2085 Inst.
1589 2049 1646 2093 II.
1664 2051 1683 2084 5
1693 2076 1702 2092 ,

1030 2103 1230 2146 auctoritas,
1249 2110 1351 2147 atque
1367 2102 1505 2136 monins
1517 2101 1622 2137 etiam
1637 2100 1704 2136 hoc

1030 2163 1081 2190 est
1097 2156 1215 2189 altero.
1233 2172 1276 2180 ·--
1297 2156 1504 2198 Rabidisque
1521 2166 1585 2199 pro
1602 2157 1703 2197 rapi-

1029 2210 1144 2251 disque
1154 2207 1190 2240 in
1202 2206 1309 2241 MSS,
1320 2213 1499 2252 repertum
1510 2213 1545 2240 et
1555 2206 1702 2240 Heinsio

1029 2260 1213 2305 probatum
1229 2259 1358 2304 recepit
1375 2260 1497 2294 Burm.
1518 2277 1562 2285 -
1582 2258 1630 2292 Et
1643 2255 1702 2292 ro—

1028 2315 1099 2346 bies
1109 2318 1143 2345 et
1152 2315 1288 2345 insania
1299 2311 1411 2347 ventis
1422 2309 1584 2344 tribuitur
1597 2323 1604 2350 ;
1622 2308 1700 2343 vide

1029 2363 1151 2396 Heius.
1159 2366 1269 2396 rabies
1279 2364 1368 2401 Noti,
1375 2362 1462 2394 Hor.
1472 2360 1636 2403 I‚Od.111,
1651 2362 1701 2404 14.

1071 2415 1124 2460 37.
1140 2416 1285 2449 Ambita-
1295 2441 1302 2453 ‚
1323 2426 1398 2458 quae
1408 2413 1560 2458 cingitur
1570 2425 1588 2446 a
1601 2412 1701 2446 mari.
1714 2453 1719 2455 μ

1029 2466 1112 2511 Qua
1127 2466 1265 2500 ratione
1277 2468 1421 2499 ambitus
1436 2464 1588 2499 mediam
1609 2476 1700 2509 pro-

1027 2519 1130 2552 ducat
1144 2544 1153 2561 ,
1174 2517 1368 2562 disputatur
1385 2527 1392 2548 :
1408 2514 1487 2551 vide
1504 2517 1698 2551 Burmann.

1026 2589 1069 2596 —-
1080 2572 1223 2604 Ambitae
1237 2571 1440 2604 circumdare
1455 2582 1474 2604 e
1492 2568 1590 2614 copia
1606 2580 1697 2613 poe*

1025 2621 1090 2656 tica
1107 2620 1248 2655 dictum.

1068 2673 1121 2720 39.
1144 2675 1266 2707 Cinaeit.
1283 2672 1404 2707 Heius.
1419 2671 1538 2706 mallet
1550 2673 1695 2704 strinxit.

1025 2724 1362 2767 Male.—Declim'a‚
1381 2723 1460 2768 quia
1475 2735 1493 2758 e
1505 2721 1587 2757 locis
1597 2719 1698 2756 altio-
