1832 3100
233 301 316 344 292

601 285 654 328 P.
698 284 927 330 OVIDII
965 284 1258 332 NASONIS

227 378 299 424 Tu
320 395 431 443 puer
453 387 665 435 aeternus,
693 388 742 425 tu
765 377 1108 428 formosissimus
1131 379 1222 428 alto

230 454 512 520 Conspiceris
536 453 640 502 caelo
663 474 672 502 ε
694 454 798 512 tibi,
826 474 961 520 quum
985 455 1078 503 sine
1105 453 1316 504 cornibus
1339 454 1483 503 adstas
1497 470 1512 513 ,·

227 530 488 593 Virgineum
512 543 644 597 caput
667 543 744 579 est.
769 531 930 579 Oriens
955 531 1038 580 tibi
1061 532 1224 590 victus,
1248 532 1303 579 ad
1322 550 1463 597 usque
1597 555 1639 577 20

227 607 422 656 Decolor
442 619 635 659 extremo
658 627 745 674 qua
767 607 986 670 tinguitur
1008 608 1140 657 India
1166 609 1330 671 Gange.

228 684 423 733 Penthea
446 682 522 743 tu,
546 684 810 743 venerande,
835 684 1250 751 bipenniferumque
1273 687 1522 750 Lycurgum

223 816 316 851 inter
327 817 492 861 iuvenem
503 823 537 852 et
555 829 705 862 puerum
716 842 726 860 ,
742 816 798 851 111
808 816 899 851 Fast.

226 869 298 915 773.
314 888 357 896 -
372 870 491 904 Fuisse
512 877 630 905 autem
643 869 821 904 Bacchum
825 870 900 914 sor-

222 925 461 962 mosissimum,
480 921 582 956 docet
606 920 841 964 Brukhusius‚
855 920 899 955 ad

224 973 338 1008 Tibul.
352 974 388 1008 11
399 999 409 1017 ‚
422 984 467 1007 111
479 998 488 1016 ,
507 973 559 1007 35.
576 973 672 1007 Hinc
688 978 723 1006 et
735 973 899 1006 candidus

222 1032 387 1068 vocatur,
416 1024 507 1070 apud
535 1024 747 1067 Horatium,
766 1024 802 1067 1,
827 1023 898 1058 Od.

224 1087 339 1119 xv111‚
371 1090 405 1110 ιι
429 1090 437 1117 ;
470 1087 540 1120 quo
566 1074 721 1120 epitheto
749 1074 899 1119 virgines

222 1128 295 1162 sere
312 1127 470 1173 insigniri
483 1127 658 1162 solent—
671 1128 896 1170 Conspzkerzir,

221 1192 286 1225 pro
299 1192 355 1220 es,
374 1191 448 1213 non
472 1177 579 1212 modo
602 1177 783 1213 sonantius
796 1204 806 1218 ,
837 1175 898 1211 sed

222 1233 328 1267 etiam
358 1232 529 1267 efficacius
556 1231 598 1266 ad
626 1243 777 1266 sensum.
806 1230 900 1266 Nam

220 1287 372 1328 conspici
389 1283 553 1319 dicuntur
571 1310 580 1327 ,
607 1284 666 1329 qui
687 1283 767 1317 dote
786 1282 899 1327 aliqua

225 1345 283 1372 aut
299 1338 426 1372 virtute
438 1337 603 1382 insignes,
617 1337 765 1371 aliorum
783 1335 899 1370 oculos

219 1391 255 1424 in
271 1403 306 1425 se
323 1402 507 1424 conversos
519 1396 704 1424 tenent.—
718 1390 805 1423 Caelo
813 1388 897 1422 Bac-

219 1443 304 1478 chus
315 1442 496 1486 impositus
506 1448 583 1487 post
596 1440 754 1476 victorias
769 1447 894 1485 partas,

220 1506 322 1527 versu
349 1493 424 1527 613.
448 1493 578 1537 Regius
607 1498 643 1526 et
669 1491 896 1526 Burmannus

218 1551 364 1590 putant,
378 1543 548 1578 Ovidium
564 1543 622 1578 hic
636 1542 733 1587 sequi
752 1555 822 1585 eos,
837 1541 896 1587 qui

219 1595 341 1631 Solem
366 1603 401 1630 et
424 1595 603 1630 Bacchum
634 1593 800 1629 eumdem
822 1606 895 1628 esse

217 1648 403 1683 tradebant
422 1662 431 1690 ;
463 1660 569 1692 quam
603 1647 777 1683 rationem
812 1659 894 1681 sane

218 1700 340 1746 Virgil.
352 1700 479 1745 Georg.
496 1700 512 1733 1
524 1726 534 1743 ‚
548 1702 613 1743 5-7
627 1725 637 1742 ,
653 1705 818 1743 sequutus
834 1705 895 1732 est.

218 1772 261 1778 —-
271 1755 402 1787 Cornua
414 1764 517 1796 parva
530 1750 660 1785 dantur
675 1749 812 1785 Baccho
822 1762 895 1784 non

217 1812 291 1839 tam
321 1817 340 1838 a
364 1803 574 1849 pictoribus,
602 1814 708 1846 quam
731 1814 750 1835 a
775 1801 896 1847 poetis.

218 1855 361 1901 Deponi
382 1861 566 1900 poterant;
590 1852 770 1888 haerebant
799 1852 896 1887 enim

220 1920 294 1941 non
311 1907 348 1941 in
367 1907 476 1952 capite
489 1932 498 1950 ,
513 1904 573 1940 sed
592 1904 629 1939 in
646 1905 799 1939 filamine
814 1916 897 1949 quo-

218 1959 311 1993 dam.
323 1959 435 1993 Erant
446 1964 565 1992 autem
575 1969 707 1991 cornua
718 1955 811 2002 apud
822 1957 898 1990 Ve-

219 2018 311 2045 teres
334 2010 532 2057 symbolum
554 2008 742 2054 majestatis
767 2014 802 2042 et
825 2021 897 2053 po-

219 2064 339 2098 tentiae
353 2076 360 2096 :
377 2062 444 2096 vid.
457 2061 524 2096 Th.
540 2060 735 2096 Bartholin.
751 2059 794 2093 de
809 2059 898 2094 Uni-

223 2129 318 2151 corn.
334 2128 406 2160 cap.
419 2129 438 2148 2
452 2122 488 2148 et
504 2115 534 2148 3.
549 2114 646 2148 Hinc
658 2112 813 2147 Bacchus
822 2125 898 2147 cor-

221 2172 322 2212 niger,
342 2174 478 2216 κεραῒος,
497 2168 685 2215 κερασφόρος,
709 2167 898 2213 ταυρέκερως.

218 2239 261 2245 -
278 2219 332 2252 De
354 2220 499 2261 virgineo
522 2220 632 2260 capilo
652 2215 731 2248 vide
748 2214 789 2248 ad
816 2215 872 2248 ΙΙΙ
885 2241 894 2258 ,

221 2273 297 2315 607.
321 2288 364 2296 -
390 2271 452 2303 Ad
472 2267 730 2312 usqua-Usque
752 2266 796 2300 ad
819 2279 897 2300 eam

222 2329 352 2356 terram
371 2345 380 2363 ,
408 2332 485 2364 qua.

263 2386 315 2406 21.
338 2373 485 2405 Decolor
497 2374 640 2403 extremo
664 2375 728 2403 etc.
754 2368 810 2402 De
831 2381 896 2401 ex-

223 2424 401 2469 peditione
415 2421 541 2457 Bacchi
559 2421 693 2461 Indica,
713 2421 810 2466 cujus
826 2433 898 2454 cre-

214 2474 282 2511 bra
295 2477 384 2522 apud
396 2482 514 2521 poetas
529 2474 663 2508 mentio
673 2499 682 2516 ,
696 2473 763 2507 vid.
777 2473 898 2507 Nonni

221 2527 432 2575 Dionysiaca
448 2535 483 2562 et
502 2527 606 2562 Diod.
623 2527 689 2561 Sic..
705 2527 759 2560 lib.
776 2525 837 2560 IV.
855 2544 899 2550 —

221 2582 324 2614 Liber
347 2588 444 2625 pater
468 2580 600 2624 primus
631 2578 791 2612 omnium
818 2590 899 2612 cum

219 2634 390 2676 exercitu,
417 2634 454 2666 in
474 2646 543 2677 quo
569 2632 731 2666 mulieres
758 2643 896 2675 quoque

220 2691 322 2719 erant
332 2686 487 2718 furentes
497 2711 506 2726 ,
522 2684 558 2717 in
574 2682 712 2717 Indiam
726 2682 760 2715 in
767 2694 898 2726 gressus

220 2738 323 2773 suisse
336 2764 344 2778 ‚
363 2749 510 2781 eamque
527 2736 699 2780 subegisse
720 2761 729 2777 ,
760 2747 797 2768 ac
814 2746 899 2778 gen-

223 2798 297 2826 tem
322 2789 409 2824 nulli
433 2801 589 2833 unquam
615 2787 807 2822 hominum‘
827 2785 897 2819 ob·-

963 816 1104 850 noxiam
1118 842 1127 860 ,
1152 829 1190 850 ac
1205 815 1275 850 sola
1288 815 1402 861 quiete
1414 820 1614 850 contentam
1628 841 1637 857 ,

963 868 1112 902 caedibus
1142 867 1411 911 libidinibusque
1443 879 1577 901 vexasse
1601 878 1641 899 ac

963 919 1145 964 polluisse,
1170 917 1321 964 indeque
1340 917 1641 963 magnificentissi—

963 984 1063 1006 mum
1079 970 1299 1015 triumphum
1311 976 1501 1015 reportasse
1517 969 1640 1003 fertur.

963 1024 1028 1057 Ed.
1049 1040 1094 1048 -
1108 1023 1256 1056 Decolor
1274 1020 1317 1055 de
1333 1020 1448 1055 colore
1463 1020 1584 1054 vitiato
1605 1026 1641 1053 et

963 1074 1112 1109 deformi
1131 1073 1267 1109 dicitur.
1298 1074 1346 1109 H.
1371 1074 1394 1109 l.
1415 1073 1512 1108 color
1525 1074 1640 1107 fuscus

962 1125 1180 1171 intelligitur.
1214 1125 1316 1160 Fusci
1338 1125 1435 1159 enirn
1454 1130 1537 1159 sunt
1559 1123 1641 1158 Indi

963 1185 1107 1223 propter
1117 1177 1196 1212 solis
1214 1184 1336 1212 aestum
1349 1189 1357 1210 :
1371 1175 1486 1216 Tibul.
1503 1175 1539 1210 11
1551 1201 1561 1218 ‚
1580 1186 1637 1215 vl,

967 1243 1005 1263 ια
1021 1243 1029 1271 ;
1047 1229 1115 1263 vid.
1131 1228 1324 1264 Bruckhus.
1338 1227 1382 1262 ad
1396 1228 1556 1272 Propert.
1571 1226 1640 1270 IV,

963 1291 1009 1314 111
1022 1306 1031 1322 ,
1053 1292 1102 1314 10.
1128 1281 1268 1314 Furmm
1286 1284 1416 1324 geniem
1435 1277 1542 1313 Indos
1557 1277 1641 1312 dixit

963 1332 1142 1367 Juvenalis
1154 1358 1164 1375 ‚
1193 1332 1287 1375 XII,
1307 1332 1359 1366 86.
1379 1331 1514 1376 Nempe
1518 1329 1639 1374 fieruos
1668 1353 1671 1355 -

963 1379 1125 1418 dicebant
1144 1383 1357 1421 recentiores
1370 1408 1380 1426 ,
1402 1395 1488 1427 quos
1505 1381 1638 1426 antiqui

949 1437 1084 1482 fuscos.
1094 1438 1241 1471 Decolor
1247 1437 1355 1470 Indus
1362 1441 1415 1470 est
1426 1434 1532 1469 etiam
1545 1460 1555 1478 ,
1570 1433 1641 1469 vid.

962 1489 1067 1524 Trist.
1082 1489 1157 1530 III;
1179 1495 1214 1523 et
1228 1490 1363 1522 decolor
1380 1489 1499 1528 ludla,
1517 1486 1640 1521 Senec.

964 1543 1071 1588 Hipp.
1105 1544 1180 1586 344.
1206 1543 1358 1577 Colorali
1378 1543 1482 1582 Indi,
1510 1552 1639 1585 nempe

960 1596 1144 1640 AEthiopes
1157 1622 1166 1639 ,
1180 1595 1303 1640 Virgil.
1329 1593 1458 1639 Georg.
1481 1592 1547 1636 IV,
1565 1593 1640 1639 293.

960 1668 1003 1675 —
1019 1649 1213 1692 Tinguitur,
1234 1646 1434 1691 exquisitius
1445 1657 1550 1690 quam
1564 1670 1573 1688 ,
1591 1644 1641 1678 ir-

959 1700 1112 1745 rigatur,
1133 1705 1168 1732 et
1186 1697 1280 1743 quod
1298 1697 1453 1742 quinque
1469 1703 1505 1730 et
1526 1695 1637 1730 nostri

964 1751 1065 1796 Regii
1089 1750 1220 1785 habent
1247 1752 1401 1793 cingt'lur.
1433 1747 1536 1782 India
1564 1759 1640 1781 non

960 1801 1111 1847 cingitur
1121 1800 1255 1846 Gange.
1270 1798 1404 1834 Suadet
1415 1798 1640 1833 Burmannus

946 1855 1101 1899 finditur,
1120 1852 1200 1897 quia
1215 1851 1317 1886 India
1328 1851 1364 1884 in
1377 1850 1462 1884 duas
1471 1856 1586 1895 partes
1597 1850 1639 1883 ab

961 1916 1004 1938 eo
1032 1896 1179 1937 flumine
1210 1901 1387 1936 dividitur.
1418 1900 1535 1935 Hodie
1555 1899 1640 1944 qui—

961 1956 1054 1996 dem,
1067 1955 1127 1991 sed
1139 1954 1258 1990 Ovidii
1271 1953 1485 1999 temporibus
1503 1954 1640 1995 Ganges

962 2015 1038 2042 erat
1054 2006 1226 2042 terminus
1244 2005 1375 2049 Indiae3
1391 2004 1470 2039 vide
1488 2003 1536 2048 Q.
1553 2001 1640 2038 Cur-

960 2060 1048 2094 tium
1059 2085 1069 2101 ,
1084 2058 1174 2093 VIII
1184 2083 1193 2101 ,
1213 2071 1234 2105 9
1247 2071 1255 2099 3
1274 2056 1356 2091 hinc
1366 2060 1530 2090 extremus
1545 2055 1641 2089 Gau-

957 2124 1018 2155 ges
1038 2110 1174 2144 dicitur.

1006 2175 1057 2195 22.
1073 2161 1220 2194 Penthea
1232 2163 1276 2194 tu.
1295 2159 1339 2193 In
1348 2155 1640 2192 laudibusBacchi

960 2212 1228 2248 commemorari
1262 2211 1369 2245 etiam
1394 2210 1481 2244 solet
1505 2221 1608 2255 poena
1627 2234 1637 2251 ,

960 2277 1026 2309 qua
1039 2264 1200 2298 affecerat
1209 2268 1444 2296 contemtores
1456 2260 1637 2305 orgiorum

959 2329 1114 2351 suorum.
1126 2335 1170 2342 —
1191 2316 1400 2353 Venerando,
1420 2318 1556 2352 sancte;
1573 2323 1639 2345 vox

959 2369 1123 2404 solemnis
1136 2369 1169 2402 in
1185 2365 1458 2402 invocationibus
1466 2364 1636 2398 Deorum.

959 2440 1002 2447 --
1014 2423 1202 2467 Lycurgus,
1226 2417 1394 2464 Dryantis
1411 2416 1501 2450 filius
1514 2441 1523 2458 ,
1540 2414 1639 2449 Edo-

959 2485 1047 2506 num
1065 2472 1099 2505 in
1113 2469 1262 2504 Thracia
1273 2482 1351 2511 rex,
1363 2468 1461 2512 cujus
1477 2466 1638 2512 impietas

960 2531 995 2558 et
1018 2522 1223 2567 supplicium
1240 2520 1332 2554 varie
1351 2526 1514 2561 narratur
1538 2531 1546 2552 ι
1567 2517 1634 2552 vid.

962 2576 1110 2609 Homer.
1124 2573 1162 2607 ΙΙ.
1175 2580 1197 2607 Ζ
1211 2599 1220 2615 ,
1238 2572 1299 2606 ι3ο
1308 2584 1380 2616 sqq.
1395 2585 1403 2611 ;
1419 2569 1533 2605 Schol.
1546 2569 1636 2603 Hor.

961 2626 1003 2660 ad
1023 2626 1084 2668 11,
1112 2624 1182 2659 Od.
1197 2635 1281 2665 XIx;
1311 2623 1442 2670 Hygia.
1459 2622 1524 2655 fab.
1551 2621 1634 2662 132;

960 2679 1065 2713 Diod.
1099 2678 1165 2712 Sic.
1192 2677 1270 2720 ΙΙΙ,
1293 2677 1363 2719 64;
1389 2672 1561 2709 Plutarch.
1591 2671 1634 2706 de

961 2731 1039 2766 aud.
1055 2737 1145 2775 poet.
1165 2743 1198 2775 p.
1215 2730 1237 2763 6
1249 2755 1258 2772 ,
1277 2728 1330 2762 ed.
1349 2727 1473 2761 Krebs.
1489 2739 1497 2766 ;
1518 2723 1632 2769 Apol-

959 2783 1028 2818 lod.
1042 2783 1108 2825 111,
1121 2794 1156 2827 v,
1172 2796 1199 2816 ι.
1210 2780 1316 2827 Apud
1327 2777 1635 2822 Homerum,Bac-
