1832 3100
292 207 351 266 96
673 206 725 250 P.
767 205 1004 252 ovum
1042 206 1345 253 NAsoms

295 299 429 364 Quod
453 299 588 349 modo
612 303 720 349 vena
740 301 846 359 fuit,
871 302 954 350 suh
978 300 1133 350 eodem
1153 304 1331 358 nomine
1354 303 1527 352 mansit.

1641 317 1747 377 4102

291 380 433 443 Inque
455 377 580 427 brevi
603 378 765 444 spatio,
792 379 1064 446 Superorum
1082 380 1284 438 numine,
1307 400 1409 430 saxa

293 453 434 503 Missa
455 454 537 503 viri
560 455 763 503 manibus
786 455 939 504 faciem
963 468 1131 504 traxere
1154 456 1348 506 virilem:

292 532 354 579 Et
376 530 427 580 de
450 531 638 580 femineo
663 544 862 597 reparata
888 544 956 580 est
977 532 1137 581 femina
1155 533 1287 598 jactu.

291 610 401 658 Inde
426 628 564 672 genus
591 608 749 657 durum
771 628 944 667 sumus,
969 609 1284 676 experiensque
1306 609 1537 670 laborum3

294 688 354 734 Et
374 685 639 734 documenta
663 686 839 745 damus,
867 707 952 753 qua
974 687 1110 735 simus
1136 687 1304 750 origine
1327 688 1433 735 nati.

1641 703 1707 748 4¹⁵

356 765 434 811 VI.
474 765 629 812 Cetera
651 763 832 812 diversis
857 763 987 812 tellus
1013 764 1216 813 animalia
1235 765 1388 813 formis

291 906 392 935 usus,
415 893 475 928 ubi
496 895 571 929 Ian.
595 894 663 928 hoc
684 901 862 940 comparat
885 907 967 929 cum

296 945 409 980 Graec.
426 954 544 994 χρῆμα.

335 999 410 1041 4ιο.
445 998 546 1040 Quod
571 999 678 1031 modo.
705 996 819 1032 Codd.
849 999 969 1034 Nostri

293 1051 365 1086 duo
374 1078 383 1096 ‚
408 1052 488 1095 Quae
502 1065 590 1086 vero.
603 1052 686 1087 Non
698 1053 790 1087 male
802 1059 894 1087 certe
907 1079 917 1097 ,
935 1059 970 1087 et

290 1105 382 1139 sorte
397 1104 613 1139 concinnius.
635 1105 701 1140 Ed.

335 1158 373 1200 4ι
384 1170 410 1190 1.
427 1157 570 1191 Numine
583 1183 592 1197 ‚
617 1156 650 1190 vi
667 1163 702 1190 et
717 1156 883 1201 potentia.
900 1156 969 1192 Id-

291 1221 359 1253 que
367 1207 551 1251 efficacius,
561 1221 667 1253 quam
675 1208 824 1242 aliorum
830 1221 969 1242 munere.

335 1260 410 1302 412.
434 1260 568 1293 Faciem
590 1261 728 1294 trahere.
755 1260 865 1294 Paulo
887 1266 967 1294 ante

234 1355 237 1358 .
281 1309 430 1353 formam
444 1312 570 1352 ducere,
585 1318 621 1346 et
631 1312 691 1355 421
701 1310 833 1355 faciem
840 1324 968 1355 capere.

291 1363 344 1397 Ita
361 1370 478 1398 autem
491 1366 783 1411 traherefiguram,
795 1365 863 1408 ΙΙΙ,
882 1365 967 1412 399;

290 1417 448 1456 ruborem,
462 1415 543 1449 ibid.
554 1416 616 1459 482
632 1430 639 1456 ;
657 1418 810 1459 colorem,
823 1416 871 1458 II,
886 1415 966 1456 236;

291 1469 432 1501 calorem
443 1494 452 1508 ,
471 1467 524 1501 XI
538 1492 547 1510 ,
568 1467 644 1501 305.
656 1485 701 1494 -
723 1469 857 1501 Virilem
873 1465 969 1501 dedit

293 1518 418 1552 Heins.
437 1532 477 1552 ex
499 1531 571 1552 uno
593 1531 655 1553 suo
677 1526 713 1553 et
728 1531 800 1553 uno
823 1517 967 1552 Mediol.

292 1583 356 1615 pro
382 1573 534 1605 wrorum.
568 1570 655 1605 Ibid.
682 1575 841 1611 trustem,-
876 1583 969 1603 unus

293 1622 416 1656 Heins.
435 1633 625 1666 snmpserc,·
651 1621 707 1655 alii
728 1634 839 1665 cepere
855 1632 865 1652 ··
891 1634 968 1666 quae

292 1674 412 1708 omnia
434 1673 561 1707 eodem
589 1672 749 1707 redeunt.
781 1691 825 1698 —·
849 1673 969 1707 Nostri

293 1739 431 1772 quoque
459 1725 571 1760 Codd.
598 1725 668 1760 duo
691 1725 822 1760 habent
839 1730 969 1759 traxere

291 1783 445 1813 virorum.

334 1832 409 1874 414.
432 1832 516 1864 Inde
531 1842 636 1873 genus
662 1830 795 1869 durum,
821 1828 926 1862 habet
947 1841 967 1862 a

294 1883 416 1928 Virgil.
428 1881 557 1928 Georg.
576 1882 593 1915 Ι
604 1908 612 1924 ,
629 1881 682 1915 63.
698 1880 737 1915 Si
751 1880 889 1915 Graecos
905 1893 967 1914 au-

292 1935 406 1969 dimus
420 1961 429 1978 ,
445 1935 559 1979 ipsum
575 1934 691 1968 vocab.
709 1935 776 1971 λαὶς
791 1946 808 1966 a
822 1932 967 1966 nomine

292 1987 384 2028 λάας,
401 1986 504 2030 lapis,
518 1984 637 2019 fluxit:
655 1984 731 2018 vide
745 1983 910 2017 Munker.
927 1982 970 2016 ad

294 2038 426 2086 Hygia.
451 2038 516 2072 sab.
541 2038 610 2072 153.
635 2038 704 2072 Hic
720 2037 813 2071 lusus
832 2045 971 2084 etymo-

292 2089 422 2136 logicus
448 2089 620 2135 originem
644 2089 725 2123 huic
747 2089 813 2123 fab.
837 2088 969 2123 dedisse

291 2141 430 2182 videtur
444 2167 453 2185 ,
482 2153 587 2185 quam
606 2140 660 2174 alii
676 2153 716 2174 ex
733 2140 898 2185 opinione
914 2140 970 2174 illa

292 2200 406 2227 ortam
430 2199 576 2238 putant,
610 2191 737 2237 priscos
761 2191 920 2225 homines
950 2204 968 2225 e

291 2245 376 2279 saxis
387 2252 421 2279 et
430 2244 609 2278 arboribus
618 2251 726 2278 natos.
741 2244 889 2277 Homer.
898 2243 968 2278 Od.

293 2304 333 2342 T,
359 2298 418 2332 163
432 2323 441 2341 ,
458 2297 516 2331 ubi
538 2296 615 2330 vide
637 2295 752 2330 Clark.
771 2295 867 2340 Virg.
885 2295 968 2329 AEn.

292 2349 385 2383 VIII
398 2375 407 2393 ,
421 2350 496 2383 315.
508 2351 693 2392 Experiens
705 2350 870 2388 laborum,
885 2353 968 2382 πολυ-

291 2407 436 2448 τλήμων,
463 2403 521 2447 qui
548 2402 676 2436 multos
698 2402 831 2436 labores
854 2401 968 2435 susci-

291 2470 373 2501 pere
391 2463 425 2491 et
441 2457 589 2490 tolerare
606 2462 727 2501 potest.
748 2455 794 2489 Et
812 2455 966 2500 profecto

293 2509 359 2544 tale
370 2507 497 2542 animal
508 2507 615 2541 homo
626 2514 687 2541 est.
699 2505 968 2542 Humanaenim

291 2567 416 2594 natura
433 2573 494 2604 per
515 2560 693 2604 integrum
713 2571 785 2591 non
803 2569 883 2591 raro
905 2570 967 2591 se·-

293 2611 411 2646 culum
424 2637 433 2654 ‚
453 2618 537 2655 quot
555 2623 729 2655 quamque
746 2610 856 2645 varios
872 2609 968 2643 labo-

290 2675 346 2697 res
360 2662 499 2697 tolerat!
519 2662 592 2696 Sub
604 2663 702 2696 omni
718 2661 812 2704 eaelo,
825 2660 969 2705 quibus-

289 2716 339 2751 vis
356 2715 527 2751 alimentis
543 2721 756 2750 sustentatur
770 2721 805 2749 et
821 2713 923 2758 viget.

1077 895 1244 939 416-451.
1267 896 1384 930 Cetera
1399 897 1538 930 diversis
1551 903 1615 930 ete.
1631 896 1709 931 Hu—

1033 959 1180 982 manum
1193 947 1298 993 igitur
1311 960 1419 993 genus
1429 961 1448 982 e
1461 947 1629 993 lapidibus
1641 961 1707 992 re—

1033 999 1193 1034 stitutum
1211 1006 1305 1040 erat;
1334 1006 1450 1036 cetero
1471 999 1660 1034 animantia
1686 1012 1707 1034 e

1032 1052 1118 1086 limo
1131 1078 1140 1096 ,
1156 1051 1234 1087 solis
1248 1059 1332 1087 aestu
1343 1052 1525 1096 calefacto,
1542 1052 1707 1098 paulatim

1033 1103 1323 1148 procreabantur,
1346 1103 1384 1137 in
1407 1103 1531 1148 quibus
1552 1105 1705 1150 Python,

1033 1167 1175 1199 serpens
1193 1167 1319 1200 magna
1341 1162 1376 1188 et
1394 1155 1554 1190 terribilis
1567 1181 1576 1199 ,
1601 1167 1706 1200 quarn

1034 1206 1158 1250 Apollo
1172 1201 1300 1252 sagittis
1315 1207 1463 1241 confecit
1474 1232 1484 1250 ,
1507 1207 1544 1240 in
1563 1207 1706 1252 ejusque

1035 1257 1086 1292 rei
1103 1257 1311 1292 memoriam
1326 1257 1425 1292 ludos
1442 1260 1582 1305 Pythias
1600 1259 1707 1293 insti—

1034 1309 1110 1344 tuit.
1123 1307 1177 1343 Cf.
1189 1309 1337 1344 Homer.
1346 1309 1380 1343 h.
1393 1309 1505 1355 Apoll.
1517 1323 1605 1345 vers.
1618 1310 1704 1352 30ος

1037 1360 1240 1395 callimach.
1264 1361 1298 1395 h.
1328 1361 1437 1407 Apoll.
1461 1373 1524 1395 ιοο
1537 1388 1547 1406 ,
1573 1362 1611 1396 in
1627 1360 1706 1396 Del.

1034 1426 1073 1459 9¹
1087 1427 1096 1453 ;
1112 1412 1271 1457 Apollod.
1284 1413 1447 1448 Biblioth.
1459 1413 1515 1448 lib.
1534 1414 1570 1457 Ῑ,
1589 1425 1645 1456 lv,
1668 1428 1704 1456 1;

1035 1465 1167 1511 Hygin.
1182 1465 1249 1499 sab.
1271 1466 1341 1507 ι4ο.
1361 1465 1528 1500 Fabulam
1545 1465 1619 1510 jam
1637 1466 1706 1500 Ve—

1034 1522 1124 1550 teres
1138 1516 1229 1550 varie
1246 1516 1461 1561 interpretati
1481 1525 1571 1551 sunt.
1596 1517 1708 1551 Macr.

1034 1568 1175 1603 Saturn.
1193 1580 1206 1602 1
1219 1595 1227 1611 ‚
1247 1582 1282 1614 ¹7
1296 1594 1306 1611 ,
1325 1575 1443 1603 censet
1457 1568 1658 1614 Apollinem
1669 1570 1706 1604 in

1033 1621 1146 1666 prima
1170 1621 1315 1655 infantia
1338 1620 1488 1654 belluam
1512 1621 1707 1655 confecisse.

1035 1672 1103 1706 Alii
1114 1698 1123 1715 ,
1136 1679 1175 1705 ut
1187 1671 1348 1716 Ephorus
1355 1671 1445 1717 apud
1454 1671 1631 1706 Strabdib.
1642 1672 1706 1715 lx,

1034 1732 1159 1770 putant
1168 1724 1369 1771 Pythonem
1380 1723 1482 1758 fuisse
1494 1729 1685 1771 tyrannum
1697 1749 1708 1766 ,

1033 1781 1162 1822 χαλεπὸν
1174 1779 1267 1825 ἄνδρα
1276 1803 1285 1819 ,
1300 1779 1488 1817 ἕπικληθίντα
1501 1781 1532 1811 δὲ
1547 1778 1707 1826 Δράκοντα.

1034 1829 1204 1864 Ceterum
1220 1841 1301 1863 cum
1323 1829 1390 1863 hoc
1411 1828 1573 1874 Pythone
1596 1827 1707 1863 Rufi-

1034 1895 1121 1916 num
1144 1889 1320 1926 comparat
1340 1880 1522 1914 claudian.
1546 1881 1649 1915 Praes.
1670 1880 1707 1914 in

1034 1932 1154 1967 Rufin.
1181 1932 1235 1966 De
1251 1932 1383 1978 origine
1401 1931 1601 1972 animalium
1621 1944 1640 1966 e
1657 1931 1706 1965 li·-

1036 1998 1094 2020 mo
1107 2013 1115 2029 ‚
1134 1987 1168 2020 in
1184 1997 1253 2030 quo
1267 1998 1385 2020 rursus
1400 1985 1556 2030 sequitur
1569 1991 1707 2019 senten-

1035 2038 1118 2072 tiam
1129 2050 1205 2071 eam
1215 2063 1224 2080 ,
1238 2051 1313 2082 quae
1325 2037 1365 2071 ab
1375 2037 1547 2084 AEgyptiis
1558 2036 1600 2070 ad
1608 2036 1708 2071 Grae-

1034 2102 1091 2123 cos
1104 2096 1310 2134 pervenerat
1323 2115 1332 2132 ,
1342 2088 1420 2122 vide
1434 2087 1537 2122 Diod.
1550 2087 1618 2122 Sic.
1629 2094 1653 2121 t.
1668 2087 1704 2131 Ι,
1754 2088 1756 2090 ’

1035 2155 1066 2187 p.
1089 2155 1100 2175 1
1111 2156 1135 2175 1.
1153 2141 1218 2176 His
1232 2141 1326 2175 enim
1343 2153 1544 2186 persuasum
1560 2147 1651 2183 erat,
1668 2139 1706 2173 in

1034 2193 1202 2239 principio
1215 2205 1335 2226 rerum
1346 2192 1465 2226 omnia
1476 2190 1707 2226 animantium

1035 2257 1162 2291 genera
1171 2245 1217 2279 sic
1227 2270 1236 2288 ,
1248 2252 1287 2279 ut
1295 2244 1351 2278 hic
1360 2243 1564 2279 describitur
1572 2268 1582 2286 ,
1594 2242 1708 2276 elimo

1034 2297 1240 2342 prorepsisse
1256 2310 1263 2337 ;
1297 2303 1414 2341 postea
1439 2306 1522 2328 vero
1553 2301 1682 2328 terram
1696 2320 1705 2338 ‚

1034 2362 1143 2394 quum
1155 2348 1364 2382 induruisset
1374 2372 1383 2390 ,
1395 2358 1467 2380 non
1479 2345 1623 2391 amplius
1634 2345 1708 2379 sus-

1033 2401 1150 2435 secisse
1187 2398 1367 2445 gignendis
1398 2397 1588 2443 majoribus
1624 2396 1707 2430 ani-

1033 2452 1187 2486 malibus.
1210 2450 1380 2485 Habuisse
1397 2456 1514 2484 autem
1529 2461 1607 2483 eam
1623 2448 1707 2483 olim

1032 2503 1122 2538 hanc
1151 2504 1221 2537 vim
1253 2503 1444 2548 probabant
1476 2500 1556 2535 inde
1568 2526 1578 2543 ,
1611 2499 1704 2545 quod

1033 2563 1108 2600 post
1121 2554 1387 2588 inundationem
1398 2553 1467 2590 Nili
1479 2579 1489 2596 ,
1506 2566 1546 2587 ex
1559 2551 1643 2586 limo
1653 2564 1705 2585 ca-

1032 2607 1154 2641 lefacto
1168 2607 1328 2651 gignatur
1336 2604 1544 2654 incredibilis
1550 2603 1706 2642 murium

1032 2660 1220 2694 multitudo
1234 2686 1243 2702 ‚
1273 2658 1316 2693 de
1337 2658 1462 2704 quibus
1482 2657 1523 2692 cf.
1547 2656 1704 2690 Macrob.

1033 2711 1173 2747 saturn.
1186 2711 1259 2745 VII
1270 2737 1278 2752 ,
1300 2710 1338 2744 if>
1350 2736 1360 2755 ,
1376 2717 1412 2745 et
1427 2710 1550 2753 Pomp.
1568 2707 1653 2743 Mel.
1665 2707 1703 2751 I,
