1832 3100
290 224 372 265 522

661 225 712 268 P.
755 226 986 271 OVIDII
1028 227 1333 273 NASONIS

287 315 465 363 Viscera
490 327 713 366 torrentur
734 319 901 385 primo3
927 320 1192 386 flammaeque
1214 320 1390 369 latentis

287 392 504 441 Indicium
529 394 665 443 rubor
689 408 777 454 est,
804 409 848 445 et
869 397 1028 444 ductus
1053 398 1271 447 anhelitus
1292 417 1402 460 aegre
1423 419 1433 446 ε

1633 415 1699 451 555

288 470 455 534 Aspera
477 468 626 532 lingua
650 483 813 530 tumet;
839 473 1088 539 tepidisque
1108 475 1273 522 arentia
1294 475 1436 524 ventis

290 547 380 594 Ora
403 559 575 613 patent;
601 568 800 616 auraeque
825 569 976 612 graves
997 562 1228 616 captantur
1250 547 1373 599 hiatu
1393 571 1403 599 :

255 649 261 653 ⁷
286 625 390 671 Non
414 636 598 674 stratum
614 664 625 685 ,
652 646 741 675 non
765 627 854 676 ulla
876 628 968 693 pati
992 627 1205 676 velamina
1226 634 1444 694 possunt3

288 701 410 749 Dura
432 703 506 751 sed
528 704 574 752 in
599 716 710 753 terra
733 717 910 771 ponunt
932 705 1170 770 praecordia
1190 725 1199 752 ε
1217 725 1298 754 nec
1319 704 1371 752 fit

290 780 461 846 Corpus
485 782 620 830 humo
646 782 863 844 gelidum,
891 783 966 831 secl
990 783 1152 831 humus
1178 783 1229 831 de
1252 802 1435 850 corpore
1458 783 1606 854 fervet.
1636 800 1701 836 560

264 871 266 874 '
286 858 377 906 Nec
402 859 651 907 moderator
676 860 822 917 adest3
848 861 982 927 inque
1006 861 1127 927 ipsos
1152 881 1261 910 saeva
1284 862 1506 911 medentes

286 935 492 1001 Erumpit
516 936 681 995 clades,
707 938 958 1004 obsuntque
981 939 1236 987 auctoribus
1262 951 1389 988 artes.

289 1010 392 1073 Quo
414 1014 598 1079 propior
621 1015 809 1081 quisque
829 1028 919 1074 est,
947 1017 1166 1083 servitque
1187 1016 1359 1066 fidelius
1381 1037 1524 1080 aegro3

288 1088 339 1134 In
364 1101 531 1153 partem
557 1089 632 1138 leti
658 1091 787 1139 citius
806 1092 925 1140 ‘venit
945 1113 953 1140 :
975 1105 1113 1159 utque
1137 1092 1290 1142 salutis

288 1165 397 1230 Spes
425 1166 534 1214 abiit
548 1204 559 1225 ,
583 1167 801 1235 finemque
823 1169 973 1218 vident
995 1170 1043 1217 in
1064 1166 1217 1218 funere
1240 1171 1416 1229 morbi,

1569 1193 1571 1195 '
1635 1184 1700 1220 565

288 1242 526 1306 Indulgent
547 1245 701 1316 animis
723 1266 733 1293 ε
755 1258 799 1294 et
819 1246 941 1295 nulla
955 1285 966 1306 ,
992 1247 1099 1313 quid
1122 1246 1253 1306 utile,
1278 1267 1381 1296 cura
1403 1260 1495 1307 est;

285 1385 329 1418 pe
348 1386 453 1418 quam
469 1376 632 1410 serarum.
649 1396 693 1404 ·—
709 1379 839 1422 Magna
857 1391 962 1412 com-

287 1438 395 1460 mune
407 1427 586 1472 epitheton
600 1430 740 1464 urbium
754 1430 961 1475 capitalium.

331 1481 403 1522 554.
424 1482 560 1515 Viscera
575 1488 738 1517 torrentur
749 1490 812 1518 etc.
831 1484 964 1518 Lucre-

286 1530 353 1564 tius
364 1556 374 1573 ,
394 1532 445 1566 Vl
459 1558 467 1575 ‚
488 1547 501 1566 1
512 1534 571 1567 166
585 1547 592 1568 :
607 1537 730 1569 Intima
740 1549 823 1579 pars
839 1539 968 1570 homini

287 1595 361 1616 vero
366 1585 529 1627 flagravit
536 1588 585 1619 ad
597 1599 676 1620 ossa
689 1600 699 1620 :
710 1589 882 1630 Flagravit
890 1593 963 1621 sto-

287 1637 402 1669 macho
411 1638 562 1678 flamma,
590 1643 629 1672 ut
631 1639 832 1683 fornacibus
846 1643 936 1674 intus
947 1651 963 1682 ,⁴

287 1694 321 1721 et
340 1701 353 1722 1
363 1688 441 1731 164:
460 1703 554 1723 omne
569 1693 680 1724 rubere
692 1693 826 1734 Corpus,
849 1696 887 1724 ut
895 1696 954 1731 est,

281 1752 344 1783 per
352 1743 497 1775 membra
510 1755 609 1776 sacer
620 1755 715 1786 quum
729 1745 857 1777 diditur
864 1746 962 1787 ignis.

286 1794 549 1839 -Flarnmoeque
554 1795 962 1840 latenlcir,·quidam,flarn-

287 1845 605 1888 mlquuesatlircunl,
631 1846 724 1891 quod
740 1847 862 1892 probat
877 1846 963 1881 Cio-

287 1897 397 1931 sanus.
415 1915 460 1922 -—-
478 1897 525 1931 Et
541 1897 631 1933 hanc
651 1899 836 1933 lectionem
856 1911 960 1943 quam

286 1949 396 1983 nostri
405 1962 544 1995 quoque
554 1950 701 1986 Codices
709 1952 810 1997 Regii
819 1951 959 1995 habent,

286 2001 397 2036 solam
411 2003 581 2038 sinceram
593 2011 688 2049 puto.
708 2006 775 2038 Ed.
784 2022 828 2030 -—
840 2006 960 2047 AEgre‚·

289 2054 446 2098 plurimi,
464 2058 540 2099 igne
550 2062 609 2090 aut
623 2059 709 2100 igni:
718 2056 838 2092 Barth.
850 2056 892 2090 ad
904 2056 961 2090 Si-

287 2105 393 2149 lium,
407 2106 575 2140 Thebaid.
589 2107 655 2150 IV,
676 2108 750 2152 756,
762 2106 844 2152 legit
855 2113 890 2141 et
897 2109 963 2141 du—

287 2170 345 2205 rus¹
365 2159 533 2192 anhelitus
550 2171 559 2199 ;
589 2161 663 2202 egrni
688 2160 829 2203 Aspera.
861 2159 962 2205 Regii

288 2210 397 2245 nostri
411 2210 540 2244 habent
551 2214 631 2254 zgrm'.

331 2262 405 2296 556.
417 2262 559 2305 Aspera,
576 2262 863 2297 inflammatione.
880 2262 959 2296 Vir-

287 2312 398 2358 gilius,
407 2312 534 2358 Georg.
546 2314 610 2357 IV,
623 2315 704 2348 508:
716 2313 961 2356 obsessasfau-

286 2379 342 2400 ces
346 2370 468 2409 premit
481 2379 599 2410 aspera
614 2366 738 2410 lingua.
756 2366 936 2401 Lucretius
949 2392 959 2409 ,

287 2416 340 2450 VI
352 2442 361 2459 ,
377 2431 389 2450 1
399 2419 456 2462 147
471 2431 479 2452 :
490 2418 602 2462 Atque
611 2421 881 2459 anirniinterpres
890 2430 962 2450 rna-

285 2472 391 2503 nabat
395 2472 511 2513 lingua
519 2483 640 2510 cruore,
650 2471 839 2504 Debilitata
848 2472 958 2510 malis,

285 2527 374 2556 motu
384 2527 505 2566 gravis,
523 2536 642 2566 aspera
650 2527 751 2557 tactu.
761 2540 805 2547 ·-·-
812 2523 962 2565 Trepidis·

287 2579 395 2616 venis,
431 2577 523 2621 quod
550 2577 776 2611 Burmannus
801 2589 819 2609 e
845 2576 960 2620 priore

289 2628 547 2673 Hamburgensi
563 2629 760 2671 invexerat,
780 2627 877 2661 valde
891 2627 961 2661 dis—

290 2682 402 2726 plicet.
424 2682 463 2715 Id
477 2683 603 2716 rectius
617 2708 625 2725 ,
643 2683 695 2717 VI
711 2709 720 2725 ,
738 2682 802 2728 389
817 2708 826 2724 ,
844 2681 887 2715 de
903 2694 958 2724 e0,

289 2732 344 2767 cui
357 2732 442 2768 cutis
455 2732 660 2775 detrahitur,
677 2745 782 2777 quam
794 2732 959 2775 hocloco,

1027 1378 1070 1413 de
1083 1379 1232 1414 sitiente.
1250 1379 1423 1414 Revocavi
1437 1391 1520 1425 ergo
1532 1392 1576 1414 ex.
1583 1378 1700 1425 pluri-

1027 1430 1092 1465 mis
1111 1430 1218 1465 MSS.
1234 1433 1355 1475 tepffl‘s
1372 1434 1489 1466 ventis.
1508 1431 1699 1475 Nonnulli,

1027 1482 1081 1515 vel
1094 1484 1230 1525 trepidis·
1244 1486 1351 1517 ventis
1360 1509 1369 1524 ‚
1387 1482 1443 1517 vel
1457 1485 1578 1527 tepidis
1588 1487 1697 1523 venis,

1026 1533 1107 1568 inde
1124 1534 1225 1569 lectio
1241 1534 1296 1569 illa
1312 1535 1702 1580 composita.—Orapa-

1025 1590 1112 1622 tent:
1124 1586 1314 1629 Lucretius,
1333 1600 1345 1620 1
1356 1600 1366 1620 1
1376 1586 1415 1631 73
1425 1612 1434 1630 ,
1451 1589 1525 1630 ψει)
1535 1590 1702 1621 venientes

1025 1651 1080 1671 ore
1084 1643 1229 1680 patente.
1239 1657 1282 1666 -·
1292 1642 1430 1679 Graves,
1449 1639 1700 1684 pestilentiales.

1027 1689 1192 1724 Heinsius
1202 1691 1299 1725 malit
1305 1694 1407 1735 gravi.
1419 1718 1427 1725 .
1439 1717 1446 1724 .
1457 1693 1702 1725 hiatu—Dura

1025 1741 1251 1777 Burmannus
1268 1743 1516 1787 interpretatur
1527 1769 1536 1787 ,
1560 1749 1648 1778 tosta
1666 1750 1702 1777 et

1026 1793 1131 1828 arida.
1141 1794 1210 1828 Sed
1223 1794 1441 1839 Schepperus
1451 1795 1591 1845 corrigit
1601 1797 1701 1829 nuda.

1026 1845 1165 1879 Dicitur
1179 1846 1268 1879 sorte
1284 1848 1385 1885 dura,
1406 1845 1484 1890 quia
1500 1852 1599 1880 aestus
1615 1858 1702 1881 con-

1026 1904 1175 1931 traxerat
1185 1897 1291 1931 cutim
1302 1923 1311 1940 ‚
1331 1903 1434 1941 atque
1445 1897 1492 1932 sic
1502 1897 1702 1932 reddiderat

1027 1949 1150 1983 duram
1161 1975 1170 1992 ‚
1183 1950 1293 1993 VIII,
1308 1950 1382 1984 803.
1392 1949 1586 1993 Lucretius,
1598 1963 1611 1983 1
1621 1962 1678 1996 192
1689 1975 1702 1992 ,

1015 2001 1148 2046 frzgrida
1164 2004 1265 2045 pellis
1286 2003 1439 2045 duraque.
1467 2001 1595 2035 Melius
1617 2004 1701 2035 dura

1025 2059 1113 2088 terra
1128 2054 1184 2089 hic
1199 2061 1472 2088 commemorata
1487 2060 1585 2088 esset.

1069 2107 1143 2141 561.
1158 2108 1359 2147 Moderator,
1381 2105 1535 2140 medicus
1547 2106 1701 2151 impera-

1025 2166 1092 2193 tor.
1104 2159 1237 2193 Seneca
1249 2185 1258 2202 ,
1276 2158 1318 2192 de
1329 2157 1474 2193 benefic.
1487 2154 1555 2201 Vl,
1571 2159 1620 2192 16.
1632 2159 1696 2192 Ed.

1025 2229 1068 2237 —-
1078 2210 1198 2256 Virgil.
1214 2209 1247 2244 d.
1261 2210 1282 2244 l.
1298 2211 1382 2256 5493
1403 2211 1615 2254 Quoesitoeque
1629 2222 1698 2243 no·—

1025 2267 1101 2297 cent
1115 2267 1204 2296 artes
1219 2275 1228 2296 :
1245 2274 1370 2296 cessere
1384 2265 1544 2305 magistri,
1564 2263 1698 2307 Philly-

1025 2318 1113 2350 rides
1127 2317 1264 2354 Chiron,
1280 2314 1526 2354 eto—Auctor,
1543 2312 1600 2356 qui
1616 2324 1700 2358 pro-

1026 2369 1146 2403 fitetur
1161 2374 1282 2401 artem.

1069 2419 1142 2453 563.
1164 2421 1237 2461 Quo
1247 2420 1382 2461 propior
1395 2420 1531 2461 quisque
1545 2423 1608 2451 etc.
1625 2415 1699 2449 Lu·-

1024 2471 1149 2506 cretius
1163 2497 1173 2514 ,
1204 2472 1281 2513 1241
1309 2482 1318 2503 :
1348 2471 1418 2512 Qui
1429 2468 1574 2512 fuerant
1588 2472 1700 2502 autern

1019 2528 1155 2568 praua,
1178 2523 1371 2565 contagibus
1389 2523 1491 2555 ibant.

1069 2576 1142 2610 566.
1151 2577 1267 2615 Nulla,
1276 2576 1358 2619 quid
1364 2576 1454 2613 utile,
1468 2586 1548 2607 cura
1558 2577 1617 2607 est.
1631 2571 1697 2605 Lu-

1025 2627 1151 2663 cretius
1163 2653 1172 2670 ‚
1195 2640 1207 2660 1
1217 2626 1276 2660 168
1292 2638 1300 2659 ε
1319 2627 1381 2659 Nil
1392 2627 1477 2658 adeo
1487 2628 1604 2668 posset
1616 2627 1696 2657 cui-

1023 2692 1120 2724 quam
1136 2681 1204 2712 leve
1226 2682 1381 2722 tenueque
1398 2678 1549 2709 membris
1568 2676 1698 2709 Vertere

1025 2733 1061 2764 in
1076 2733 1252 2764 utilitatem
1277 2742 1287 2763 ,·
1311 2730 1361 2762 ad
1376 2731 1505 2762 ventum
1523 2730 1560 2759 et
1564 2725 1696 2769 frigora
