<?xml version="1.0" encoding="UTF-8"?>
<!DOCTYPE html PUBLIC "-//W3C//DTD XHTML 1.0 Transitional//EN"
    "http://www.w3.org/TR/xhtml1/DTD/xhtml1-transitional.dtd">
<html xmlns="http://www.w3.org/1999/xhtml" xml:lang="en" lang="en">
 <head>
  <title>
</title>
<meta http-equiv="Content-Type" content="text/html;charset=utf-8" />
  <meta name='ocr-system' content='tesseract 3.04.00' />
  <meta name='ocr-capabilities' content='ocr_page ocr_carea ocr_par ocr_line ocrx_word'/>
</head>
<body>
  <div class='ocr_page' id='page_1' title='image "./quaeextantomniao03oviduoft_0312.png"; bbox 0 0 1832 3100; ppageno 0'>
   <div class='ocr_carea' id='block_1_1' title="bbox 241 225 329 267">
    <p class='ocr_par' dir='ltr' id='par_1_1' title="bbox 241 225 329 267">
     <span class='ocr_line' id='line_1_1' title="bbox 241 225 329 267; baseline 0 -1"><span class='ocrx_word' id='word_1_1' title='bbox 241 225 329 267; x_wconf 81' lang='lat'><strong>280</strong></span> 
     </span>
    </p>
   </div>
   <div class='ocr_carea' id='block_1_2' title="bbox 610 224 1284 287">
    <p class='ocr_par' dir='ltr' id='par_1_2' title="bbox 610 224 1284 287">
     <span class='ocr_line' id='line_1_2' title="bbox 610 224 1284 287; baseline 0.009 -21"><span class='ocrx_word' id='word_1_2' title='bbox 610 225 662 267; x_wconf 89' lang='lat' dir='ltr'><strong>P.</strong></span> <span class='ocrx_word' id='word_1_3' title='bbox 708 224 941 287; x_wconf 79' lang='lat' dir='ltr'><strong>ov1n11</strong></span> <span class='ocrx_word' id='word_1_4' title='bbox 988 225 1284 272; x_wconf 76' lang='lat' dir='ltr'><strong>NAsoMs</strong></span> 
     </span>
    </p>
   </div>
   <div class='ocr_carea' id='block_1_3' title="bbox 238 316 1647 923">
    <p class='ocr_par' dir='ltr' id='par_1_3' title="bbox 243 316 1429 381">
     <span class='ocr_line' id='line_1_3' title="bbox 243 316 1429 381; baseline 0.004 -15"><span class='ocrx_word' id='word_1_5' title='bbox 243 338 267 361; x_wconf 73' lang='lat'><strong>³›</strong></span> <span class='ocrx_word' id='word_1_6' title='bbox 294 319 356 366; x_wconf 85' lang='lat' dir='ltr'><strong>Et</strong></span> <span class='ocrx_word' id='word_1_7' title='bbox 379 316 501 367; x_wconf 87' lang='lat' dir='ltr'><strong>flenti</strong></span> <span class='ocrx_word' id='word_1_8' title='bbox 526 319 701 378; x_wconf 88' lang='lat' dir='ltr'><strong>similis;</strong></span> <span class='ocrx_word' id='word_1_9' title='bbox 720 321 823 369; x_wconf 89' lang='lat' dir='ltr'><strong>Non</strong></span> <span class='ocrx_word' id='word_1_10' title='bbox 839 320 930 369; x_wconf 87' lang='lat' dir='ltr'><strong>haee</strong></span> <span class='ocrx_word' id='word_1_11' title='bbox 953 321 1063 370; x_wconf 85' lang='lat' dir='ltr'><strong>mihi</strong></span> <span class='ocrx_word' id='word_1_12' title='bbox 1083 321 1232 381; x_wconf 89' lang='lat' dir='ltr'><strong>litora,</strong></span> <span class='ocrx_word' id='word_1_13' title='bbox 1258 334 1400 372; x_wconf 77' lang='lat' dir='ltr'><strong>nautae</strong></span> <span class='ocrx_word' id='word_1_14' title='bbox 1414 339 1429 381; x_wconf 80' lang='lat'><strong>‚·</strong></span> 
     </span>
    </p>

    <p class='ocr_par' dir='ltr' id='par_1_4' title="bbox 249 395 1487 462">
     <span class='ocr_line' id='line_1_4' title="bbox 249 395 1487 462; baseline 0.003 -19"><span class='ocrx_word' id='word_1_15' title='bbox 249 418 272 438; x_wconf 87' lang='lat'><strong>&gt;›</strong></span> <span class='ocrx_word' id='word_1_16' title='bbox 301 395 571 444; x_wconf 87' lang='lat' dir='ltr'><strong>Promisistis</strong></span> <span class='ocrx_word' id='word_1_17' title='bbox 585 434 596 455; x_wconf 94' lang='lat'>‚</span> <span class='ocrx_word' id='word_1_18' title='bbox 618 397 703 454; x_wconf 82' lang='lat' dir='ltr'><strong>ait3</strong></span> <span class='ocrx_word' id='word_1_19' title='bbox 728 416 819 448; x_wconf 86' lang='lat' dir='ltr'><strong>non</strong></span> <span class='ocrx_word' id='word_1_20' title='bbox 836 397 927 446; x_wconf 82' lang='lat' dir='ltr'><strong>haec</strong></span> <span class='ocrx_word' id='word_1_21' title='bbox 950 399 1059 446; x_wconf 90' lang='lat' dir='ltr'><strong>mihi</strong></span> <span class='ocrx_word' id='word_1_22' title='bbox 1083 411 1198 448; x_wconf 87' lang='lat' dir='ltr'><strong>terra</strong></span> <span class='ocrx_word' id='word_1_23' title='bbox 1218 412 1370 462; x_wconf 85' lang='lat' dir='ltr'><strong>rogata</strong></span> <span class='ocrx_word' id='word_1_24' title='bbox 1394 411 1487 448; x_wconf 90' lang='lat' dir='ltr'><strong>est:</strong></span> 
     </span>
    </p>

    <p class='ocr_par' dir='ltr' id='par_1_5' title="bbox 242 472 1480 541">
     <span class='ocr_line' id='line_1_5' title="bbox 242 472 1480 541; baseline 0.005 -22"><span class='ocrx_word' id='word_1_25' title='bbox 242 494 265 515; x_wconf 64' lang='grc' dir='ltr'><strong>ι)</strong></span> <span class='ocrx_word' id='word_1_26' title='bbox 292 472 397 536; x_wconf 80' lang='lat' dir='ltr'><strong>Quo</strong></span> <span class='ocrx_word' id='word_1_27' title='bbox 419 472 557 522; x_wconf 77' lang='lat' dir='ltr'><strong>merui</strong></span> <span class='ocrx_word' id='word_1_28' title='bbox 579 492 754 540; x_wconf 89' lang='lat' dir='ltr'><strong>poenam</strong></span> <span class='ocrx_word' id='word_1_29' title='bbox 775 474 925 523; x_wconf 82' lang='lat' dir='ltr'><strong>facto?</strong></span> <span class='ocrx_word' id='word_1_30' title='bbox 945 495 1040 541; x_wconf 83' lang='lat' dir='ltr'><strong>quae</strong></span> <span class='ocrx_word' id='word_1_31' title='bbox 1065 475 1205 538; x_wconf 86' lang='lat' dir='ltr'><strong>gloria</strong></span> <span class='ocrx_word' id='word_1_32' title='bbox 1225 489 1366 526; x_wconf 83' lang='lat' dir='ltr'><strong>vestra</strong></span> <span class='ocrx_word' id='word_1_33' title='bbox 1387 488 1454 525; x_wconf 84' lang='lat' dir='ltr'><strong>est</strong></span> <span class='ocrx_word' id='word_1_34' title='bbox 1467 514 1480 535; x_wconf 89' lang='lat'>,</span> 
     </span>
    </p>

    <p class='ocr_par' dir='ltr' id='par_1_6' title="bbox 242 551 1647 696">
     <span class='ocr_line' id='line_1_6' title="bbox 242 551 1647 618; baseline 0.001 -19"><span class='ocrx_word' id='word_1_35' title='bbox 242 573 266 594; x_wconf 85' lang='lat'><strong>&gt;›</strong></span> <span class='ocrx_word' id='word_1_36' title='bbox 295 551 343 599; x_wconf 87' lang='lat' dir='ltr'><strong>Si</strong></span> <span class='ocrx_word' id='word_1_37' title='bbox 366 570 551 618; x_wconf 88' lang='lat' dir='ltr'><strong>puerum</strong></span> <span class='ocrx_word' id='word_1_38' title='bbox 572 552 751 617; x_wconf 89' lang='lat' dir='ltr'><strong>juvenes</strong></span> <span class='ocrx_word' id='word_1_39' title='bbox 766 590 778 610; x_wconf 86' lang='lat'>‚</span> <span class='ocrx_word' id='word_1_40' title='bbox 805 553 842 600; x_wconf 91' lang='lat' dir='ltr'><strong>si</strong></span> <span class='ocrx_word' id='word_1_41' title='bbox 864 551 994 600; x_wconf 83' lang='lat' dir='ltr'><strong>multi</strong></span> <span class='ocrx_word' id='word_1_42' title='bbox 1017 551 1168 600; x_wconf 75' lang='lat' dir='ltr'><strong>fallitis</strong></span> <span class='ocrx_word' id='word_1_43' title='bbox 1191 555 1360 602; x_wconf 84' lang='lat' dir='ltr'><strong>unum?</strong></span> <span class='ocrx_word' id='word_1_44' title='bbox 1580 564 1647 601; x_wconf 85' lang='lat'><strong>655</strong></span> 
     </span>
     <span class='ocr_line' id='line_1_7' title="bbox 242 628 1525 696; baseline 0.002 -20"><span class='ocrx_word' id='word_1_45' title='bbox 242 650 265 671; x_wconf 76' lang='lat'><strong>2&gt;</strong></span> <span class='ocrx_word' id='word_1_46' title='bbox 295 629 564 678; x_wconf 83' lang='lat' dir='ltr'><strong>Jamdudum</strong></span> <span class='ocrx_word' id='word_1_47' title='bbox 585 629 744 678; x_wconf 90' lang='lat' dir='ltr'><strong>flebam</strong></span> <span class='ocrx_word' id='word_1_48' title='bbox 765 647 776 677; x_wconf 73' lang='grc' dir='ltr'><strong><em>ε</em></strong></span> <span class='ocrx_word' id='word_1_49' title='bbox 795 628 993 678; x_wconf 85' lang='lat' dir='ltr'>lacrimas</span> <span class='ocrx_word' id='word_1_50' title='bbox 1015 648 1171 678; x_wconf 89' lang='lat' dir='ltr'><strong>manus</strong></span> <span class='ocrx_word' id='word_1_51' title='bbox 1194 630 1330 696; x_wconf 88' lang='lat' dir='ltr'><strong>impia</strong></span> <span class='ocrx_word' id='word_1_52' title='bbox 1349 628 1525 692; x_wconf 87' lang='lat' dir='ltr'><strong>nostras¹</strong></span> 
     </span>
    </p>

    <p class='ocr_par' dir='ltr' id='par_1_7' title="bbox 238 703 1452 773">
     <span class='ocr_line' id='line_1_8' title="bbox 238 703 1452 773; baseline 0.002 -21"><span class='ocrx_word' id='word_1_53' title='bbox 238 727 262 748; x_wconf 88' lang='lat'>»</span> <span class='ocrx_word' id='word_1_54' title='bbox 291 703 451 764; x_wconf 80' lang='lat' dir='ltr'><strong>Ridet&#39;3</strong></span> <span class='ocrx_word' id='word_1_55' title='bbox 472 715 516 755; x_wconf 84' lang='lat' dir='ltr'><strong>et</strong></span> <span class='ocrx_word' id='word_1_56' title='bbox 536 705 726 773; x_wconf 85' lang='lat' dir='ltr'>impellit</span> <span class='ocrx_word' id='word_1_57' title='bbox 745 706 1089 773; x_wconf 86' lang='lat' dir='ltr'>properantibus</span> <span class='ocrx_word' id='word_1_58' title='bbox 1114 725 1288 773; x_wconf 82' lang='lat' dir='ltr'><strong>aequora</strong></span> <span class='ocrx_word' id='word_1_59' title='bbox 1304 707 1452 756; x_wconf 83' lang='lat' dir='ltr'><strong>remis.</strong></span> 
     </span>
    </p>

    <p class='ocr_par' dir='ltr' id='par_1_8' title="bbox 241 782 1441 850">
     <span class='ocr_line' id='line_1_9' title="bbox 241 782 1441 850; baseline 0.001 -20"><span class='ocrx_word' id='word_1_60' title='bbox 241 803 264 824; x_wconf 87' lang='lat'>»</span> <span class='ocrx_word' id='word_1_61' title='bbox 291 782 377 830; x_wconf 86' lang='lat' dir='ltr'><strong>Per</strong></span> <span class='ocrx_word' id='word_1_62' title='bbox 400 782 484 830; x_wconf 85' lang='lat' dir='ltr'><strong>tibi</strong></span> <span class='ocrx_word' id='word_1_63' title='bbox 505 801 623 830; x_wconf 89' lang='lat' dir='ltr'><strong>nunc</strong></span> <span class='ocrx_word' id='word_1_64' title='bbox 645 782 814 848; x_wconf 83' lang='lat' dir='ltr'><strong>ipsum,</strong></span> <span class='ocrx_word' id='word_1_65' title='bbox 839 802 920 832; x_wconf 92' lang='lat' dir='ltr'><strong>nec</strong></span> <span class='ocrx_word' id='word_1_66' title='bbox 944 784 1060 836; x_wconf 86' lang='lat' dir='ltr'><strong>enim</strong></span> <span class='ocrx_word' id='word_1_67' title='bbox 1083 783 1340 850; x_wconf 75' lang='lat' dir='ltr'><strong>praesentior</strong></span> <span class='ocrx_word' id='word_1_68' title='bbox 1362 782 1441 831; x_wconf 92' lang='lat' dir='ltr'><strong>illo</strong></span> 
     </span>
    </p>

    <p class='ocr_par' dir='ltr' id='par_1_9' title="bbox 241 858 1381 923">
     <span class='ocr_line' id='line_1_10' title="bbox 241 858 1381 923; baseline 0.002 -18"><span class='ocrx_word' id='word_1_69' title='bbox 241 879 266 901; x_wconf 87' lang='lat'><strong>&gt;›</strong></span> <span class='ocrx_word' id='word_1_70' title='bbox 293 859 378 906; x_wconf 89' lang='lat' dir='ltr'><strong>Est</strong></span> <span class='ocrx_word' id='word_1_71' title='bbox 398 859 545 916; x_wconf 86' lang='lat' dir='ltr'><strong>Deus,</strong></span> <span class='ocrx_word' id='word_1_72' title='bbox 571 858 724 923; x_wconf 85' lang='lat' dir='ltr'><strong>adjuro</strong></span> <span class='ocrx_word' id='word_1_73' title='bbox 739 897 752 918; x_wconf 78' lang='lat'>‚</span> <span class='ocrx_word' id='word_1_74' title='bbox 777 872 865 908; x_wconf 88' lang='lat' dir='ltr'><strong>tam</strong></span> <span class='ocrx_word' id='word_1_75' title='bbox 887 879 955 908; x_wconf 92' lang='lat' dir='ltr'><strong>me</strong></span> <span class='ocrx_word' id='word_1_76' title='bbox 981 859 1064 908; x_wconf 88' lang='lat' dir='ltr'><strong>tibi</strong></span> <span class='ocrx_word' id='word_1_77' title='bbox 1083 879 1183 909; x_wconf 87' lang='lat' dir='ltr'><strong>vera</strong></span> <span class='ocrx_word' id='word_1_78' title='bbox 1203 859 1381 917; x_wconf 87' lang='lat' dir='ltr'><strong>referre,</strong></span> 
     </span>
    </p>
   </div>
   <div class='ocr_carea' id='block_1_4' title="bbox 239 934 1408 1003">
    <p class='ocr_par' dir='ltr' id='par_1_10' title="bbox 239 934 1408 1003">
     <span class='ocr_line' id='line_1_11' title="bbox 239 934 1408 1003; baseline 0 -21"><span class='ocrx_word' id='word_1_79' title='bbox 239 955 263 977; x_wconf 84' lang='lat'><strong>&gt;›</strong></span> <span class='ocrx_word' id='word_1_80' title='bbox 291 935 438 998; x_wconf 86' lang='lat' dir='ltr'><strong>Quam</strong></span> <span class='ocrx_word' id='word_1_81' title='bbox 461 934 552 983; x_wconf 86' lang='lat' dir='ltr'><strong>veri</strong></span> <span class='ocrx_word' id='word_1_82' title='bbox 574 935 741 1000; x_wconf 87' lang='lat' dir='ltr'><strong>majora</strong></span> <span class='ocrx_word' id='word_1_83' title='bbox 763 935 848 984; x_wconf 87' lang='lat' dir='ltr'><strong>fide</strong></span> <span class='ocrx_word' id='word_1_84' title='bbox 868 956 879 984; x_wconf 75' lang='grc' dir='ltr'><em>τ</em></span> <span class='ocrx_word' id='word_1_85' title='bbox 901 936 1024 984; x_wconf 83' lang='lat' dir='ltr'><strong>stetit</strong></span> <span class='ocrx_word' id='word_1_86' title='bbox 1046 955 1219 1003; x_wconf 86' lang='lat' dir='ltr'><strong>aequore</strong></span> <span class='ocrx_word' id='word_1_87' title='bbox 1242 936 1408 1002; x_wconf 85' lang='lat' dir='ltr'>puppis</span> 
     </span>
    </p>
   </div>
   <div class='ocr_carea' id='block_1_5' title="bbox 1585 948 1650 982">
    <p class='ocr_par' dir='ltr' id='par_1_11' title="bbox 1585 948 1650 982">
     <span class='ocr_line' id='line_1_12' title="bbox 1585 948 1650 982; baseline -0.046 0"><span class='ocrx_word' id='word_1_88' title='bbox 1585 948 1650 982; x_wconf 70' lang='lat'><strong>‹361›</strong></span> 
     </span>
    </p>
   </div>
   <div class='ocr_carea' id='block_1_6' title="bbox 237 1012 1553 1310">
    <p class='ocr_par' dir='ltr' id='par_1_12' title="bbox 237 1012 1370 1078">
     <span class='ocr_line' id='line_1_13' title="bbox 237 1012 1370 1078; baseline 0 -19"><span class='ocrx_word' id='word_1_89' title='bbox 237 1032 262 1053; x_wconf 76' lang='lat'><strong>2&gt;</strong></span> <span class='ocrx_word' id='word_1_90' title='bbox 289 1012 421 1060; x_wconf 84' lang='lat' dir='ltr'><strong>Haud</strong></span> <span class='ocrx_word' id='word_1_91' title='bbox 441 1012 590 1070; x_wconf 89' lang='lat' dir='ltr'><strong>aliter,</strong></span> <span class='ocrx_word' id='word_1_92' title='bbox 618 1031 749 1078; x_wconf 89' lang='lat' dir='ltr'><strong>quam</strong></span> <span class='ocrx_word' id='word_1_93' title='bbox 770 1013 808 1060; x_wconf 86' lang='lat' dir='ltr'><strong>si</strong></span> <span class='ocrx_word' id='word_1_94' title='bbox 831 1013 994 1061; x_wconf 90' lang='lat' dir='ltr'><strong>siccum</strong></span> <span class='ocrx_word' id='word_1_95' title='bbox 1017 1012 1167 1061; x_wconf 88' lang='lat' dir='ltr'><strong>navale</strong></span> <span class='ocrx_word' id='word_1_96' title='bbox 1192 1024 1370 1061; x_wconf 85' lang='lat' dir='ltr'><strong>teneret.</strong></span> 
     </span>
    </p>

    <p class='ocr_par' dir='ltr' id='par_1_13' title="bbox 239 1087 1413 1156">
     <span class='ocr_line' id='line_1_14' title="bbox 239 1087 1413 1156; baseline 0.003 -21"><span class='ocrx_word' id='word_1_97' title='bbox 239 1109 263 1130; x_wconf 82' lang='lat'>»</span> <span class='ocrx_word' id='word_1_98' title='bbox 291 1087 363 1135; x_wconf 91' lang='lat' dir='ltr'><strong>Illi</strong></span> <span class='ocrx_word' id='word_1_99' title='bbox 386 1088 650 1137; x_wconf 78' lang='lat' dir='ltr'><strong>admirantes</strong></span> <span class='ocrx_word' id='word_1_100' title='bbox 671 1107 893 1137; x_wconf 88' lang='lat' dir='ltr'><strong>remorum</strong></span> <span class='ocrx_word' id='word_1_101' title='bbox 915 1089 963 1136; x_wconf 88' lang='lat' dir='ltr'><strong>in</strong></span> <span class='ocrx_word' id='word_1_102' title='bbox 985 1090 1163 1138; x_wconf 86' lang='lat' dir='ltr'><strong>verbere</strong></span> <span class='ocrx_word' id='word_1_103' title='bbox 1185 1101 1413 1156; x_wconf 83' lang='lat' dir='ltr'><strong>perstant;</strong></span> 
     </span>
    </p>

    <p class='ocr_par' dir='ltr' id='par_1_14' title="bbox 237 1165 1553 1310">
     <span class='ocr_line' id='line_1_15' title="bbox 237 1165 1553 1232; baseline -0.001 -19"><span class='ocrx_word' id='word_1_104' title='bbox 237 1187 262 1207; x_wconf 85' lang='lat'><strong>&gt;›</strong></span> <span class='ocrx_word' id='word_1_105' title='bbox 287 1165 484 1232; x_wconf 87' lang='lat' dir='ltr'><strong>Velaque</strong></span> <span class='ocrx_word' id='word_1_106' title='bbox 509 1165 759 1224; x_wconf 89' lang='lat' dir='ltr'><strong>deducunt;</strong></span> <span class='ocrx_word' id='word_1_107' title='bbox 787 1166 1044 1232; x_wconf 87' lang='lat' dir='ltr'><strong>geminaque</strong></span> <span class='ocrx_word' id='word_1_108' title='bbox 1069 1185 1151 1232; x_wconf 90' lang='lat' dir='ltr'><strong>ope</strong></span> <span class='ocrx_word' id='word_1_109' title='bbox 1174 1174 1346 1215; x_wconf 83' lang='lat' dir='ltr'><strong>currere</strong></span> <span class='ocrx_word' id='word_1_110' title='bbox 1369 1176 1553 1214; x_wconf 86' lang='lat' dir='ltr'><strong>tentant.</strong></span> 
     </span>
     <span class='ocr_line' id='line_1_16' title="bbox 238 1242 1350 1310; baseline 0 -20"><span class='ocrx_word' id='word_1_111' title='bbox 238 1263 262 1284; x_wconf 88' lang='lat'>»</span> <span class='ocrx_word' id='word_1_112' title='bbox 289 1242 544 1309; x_wconf 83' lang='lat' dir='ltr'><strong>Impediunt</strong></span> <span class='ocrx_word' id='word_1_113' title='bbox 564 1243 736 1292; x_wconf 87' lang='lat' dir='ltr'><strong>hederae</strong></span> <span class='ocrx_word' id='word_1_114' title='bbox 758 1262 924 1301; x_wconf 85' lang='lat' dir='ltr'><strong>remos,</strong></span> <span class='ocrx_word' id='word_1_115' title='bbox 946 1262 1149 1310; x_wconf 84' lang='lat' dir='ltr'><strong>nexuque</strong></span> <span class='ocrx_word' id='word_1_116' title='bbox 1170 1254 1350 1292; x_wconf 75' lang='lat' dir='ltr'><strong>recurvo</strong></span> 
     </span>
    </p>
   </div>
   <div class='ocr_carea' id='block_1_7' title="bbox 221 1381 913 2772">
    <p class='ocr_par' dir='ltr' id='par_1_15' title="bbox 228 1381 909 1998">
     <span class='ocr_line' id='line_1_17' title="bbox 275 1381 908 1416; baseline 0.003 -2"><span class='ocrx_word' id='word_1_117' title='bbox 275 1381 350 1415; x_wconf 80' lang='lat'><strong>652.</strong></span> <span class='ocrx_word' id='word_1_118' title='bbox 372 1382 450 1415; x_wconf 84' lang='lat' dir='ltr'><strong>Non</strong></span> <span class='ocrx_word' id='word_1_119' title='bbox 466 1383 536 1415; x_wconf 77' lang='lat' dir='ltr'><strong>hoec</strong></span> <span class='ocrx_word' id='word_1_120' title='bbox 552 1383 638 1415; x_wconf 82' lang='lat' dir='ltr'><strong>mihi</strong></span> <span class='ocrx_word' id='word_1_121' title='bbox 649 1387 711 1416; x_wconf 83' lang='lat' dir='ltr'><strong>etc.</strong></span> <span class='ocrx_word' id='word_1_122' title='bbox 735 1381 820 1416; x_wconf 80' lang='lat' dir='ltr'><strong>Non</strong></span> <span class='ocrx_word' id='word_1_123' title='bbox 834 1381 908 1416; x_wconf 81' lang='lat' dir='ltr'><strong>haec</strong></span> 
     </span>
     <span class='ocr_line' id='line_1_18' title="bbox 233 1431 907 1478; baseline 0.001 -13"><span class='ocrx_word' id='word_1_124' title='bbox 233 1431 320 1466; x_wconf 86' lang='lat' dir='ltr'><strong>mihi</strong></span> <span class='ocrx_word' id='word_1_125' title='bbox 345 1431 446 1466; x_wconf 88' lang='lat' dir='ltr'><strong>litora</strong></span> <span class='ocrx_word' id='word_1_126' title='bbox 469 1433 671 1477; x_wconf 81' lang='lat' dir='ltr'><strong>promisistis</strong></span> <span class='ocrx_word' id='word_1_127' title='bbox 690 1459 700 1477; x_wconf 90' lang='lat'>,</span> <span class='ocrx_word' id='word_1_128' title='bbox 731 1446 808 1478; x_wconf 83' lang='lat' dir='ltr'><strong>quae</strong></span> <span class='ocrx_word' id='word_1_129' title='bbox 832 1446 907 1467; x_wconf 90' lang='lat' dir='ltr'><strong>non</strong></span> 
     </span>
     <span class='ocr_line' id='line_1_19' title="bbox 232 1483 909 1527; baseline 0.003 -10"><span class='ocrx_word' id='word_1_130' title='bbox 232 1490 315 1518; x_wconf 88' lang='lat' dir='ltr'><strong>sunt</strong></span> <span class='ocrx_word' id='word_1_131' title='bbox 340 1483 463 1527; x_wconf 88' lang='lat' dir='ltr'><strong>litora,</strong></span> <span class='ocrx_word' id='word_1_132' title='bbox 487 1484 549 1518; x_wconf 92' lang='lat' dir='ltr'><strong>sed</strong></span> <span class='ocrx_word' id='word_1_133' title='bbox 577 1496 674 1518; x_wconf 84' lang='lat' dir='ltr'><strong>mare</strong></span> <span class='ocrx_word' id='word_1_134' title='bbox 696 1496 704 1517; x_wconf 92' lang='lat'><strong>:</strong></span> <span class='ocrx_word' id='word_1_135' title='bbox 732 1497 807 1518; x_wconf 87' lang='lat' dir='ltr'><strong>non</strong></span> <span class='ocrx_word' id='word_1_136' title='bbox 834 1485 909 1519; x_wconf 83' lang='lat' dir='ltr'><strong>haec</strong></span> 
     </span>
     <span class='ocr_line' id='line_1_20' title="bbox 234 1531 905 1583; baseline 0.004 -14"><span class='ocrx_word' id='word_1_137' title='bbox 234 1543 327 1570; x_wconf 80' lang='lat' dir='ltr'><strong>terra</strong></span> <span class='ocrx_word' id='word_1_138' title='bbox 338 1561 348 1579; x_wconf 90' lang='lat'>,</span> <span class='ocrx_word' id='word_1_139' title='bbox 366 1549 442 1581; x_wconf 85' lang='lat' dir='ltr'><strong>quae</strong></span> <span class='ocrx_word' id='word_1_140' title='bbox 452 1531 526 1571; x_wconf 88' lang='lat' dir='ltr'><strong>non</strong></span> <span class='ocrx_word' id='word_1_141' title='bbox 537 1543 588 1571; x_wconf 86' lang='lat' dir='ltr'><strong>est</strong></span> <span class='ocrx_word' id='word_1_142' title='bbox 598 1545 690 1572; x_wconf 81' lang='lat' dir='ltr'><strong>terra</strong></span> <span class='ocrx_word' id='word_1_143' title='bbox 698 1564 706 1578; x_wconf 89' lang='lat'>‚</span> <span class='ocrx_word' id='word_1_144' title='bbox 726 1538 786 1572; x_wconf 91' lang='lat' dir='ltr'><strong>sed</strong></span> <span class='ocrx_word' id='word_1_145' title='bbox 799 1551 886 1583; x_wconf 86' lang='lat' dir='ltr'><strong>aqua</strong></span> <span class='ocrx_word' id='word_1_146' title='bbox 895 1564 905 1582; x_wconf 93' lang='lat'>,</span> 
     </span>
     <span class='ocr_line' id='line_1_21' title="bbox 235 1587 907 1633; baseline 0 -11"><span class='ocrx_word' id='word_1_147' title='bbox 235 1587 320 1622; x_wconf 87' lang='lat' dir='ltr'><strong>mihi</strong></span> <span class='ocrx_word' id='word_1_148' title='bbox 330 1595 448 1633; x_wconf 86' lang='lat' dir='ltr'><strong>rogata</strong></span> <span class='ocrx_word' id='word_1_149' title='bbox 460 1595 520 1623; x_wconf 86' lang='lat' dir='ltr'><strong>est.</strong></span> <span class='ocrx_word' id='word_1_150' title='bbox 530 1588 652 1622; x_wconf 87' lang='lat' dir='ltr'><strong>Burm.</strong></span> <span class='ocrx_word' id='word_1_151' title='bbox 666 1588 814 1623; x_wconf 81' lang='lat' dir='ltr'><strong>Lenzius</strong></span> <span class='ocrx_word' id='word_1_152' title='bbox 823 1602 907 1623; x_wconf 90' lang='lat' dir='ltr'><strong>vero</strong></span> 
     </span>
     <span class='ocr_line' id='line_1_22' title="bbox 234 1641 906 1687; baseline 0.001 -12"><span class='ocrx_word' id='word_1_153' title='bbox 234 1647 333 1686; x_wconf 86' lang='lat' dir='ltr'><strong>putat</strong></span> <span class='ocrx_word' id='word_1_154' title='bbox 347 1667 357 1685; x_wconf 89' lang='lat'>‚</span> <span class='ocrx_word' id='word_1_155' title='bbox 379 1653 462 1675; x_wconf 86' lang='lat' dir='ltr'><strong>eum</strong></span> <span class='ocrx_word' id='word_1_156' title='bbox 476 1641 685 1687; x_wconf 84' lang='lat' dir='ltr'><strong>prospexisse</strong></span> <span class='ocrx_word' id='word_1_157' title='bbox 702 1642 773 1686; x_wconf 77' lang='lat' dir='ltr'><strong>iam</strong></span> <span class='ocrx_word' id='word_1_158' title='bbox 790 1642 906 1676; x_wconf 86' lang='lat' dir='ltr'><strong>Delon</strong></span> 
     </span>
     <span class='ocr_line' id='line_1_23' title="bbox 232 1693 907 1739; baseline 0.001 -12"><span class='ocrx_word' id='word_1_159' title='bbox 232 1694 475 1739; x_wconf 86' lang='lat' dir='ltr'><strong>propinquam.</strong></span> <span class='ocrx_word' id='word_1_160' title='bbox 509 1694 612 1728; x_wconf 88' lang='lat' dir='ltr'><strong>Hanc</strong></span> <span class='ocrx_word' id='word_1_161' title='bbox 640 1693 907 1739; x_wconf 85' lang='lat' dir='ltr'><strong>interpretatio-</strong></span> 
     </span>
     <span class='ocr_line' id='line_1_24' title="bbox 234 1745 902 1791; baseline 0.001 -12"><span class='ocrx_word' id='word_1_162' title='bbox 234 1758 318 1779; x_wconf 87' lang='lat' dir='ltr'><strong>nem</strong></span> <span class='ocrx_word' id='word_1_163' title='bbox 331 1745 471 1791; x_wconf 79' lang='lat' dir='ltr'><strong>adjuvat</strong></span> <span class='ocrx_word' id='word_1_164' title='bbox 482 1745 672 1791; x_wconf 88' lang='lat' dir='ltr'><strong>Schepperi</strong></span> <span class='ocrx_word' id='word_1_165' title='bbox 685 1747 902 1791; x_wconf 79' lang='lat' dir='ltr'><strong>conjectura:</strong></span> 
     </span>
     <span class='ocr_line' id='line_1_25' title="bbox 228 1799 905 1841; baseline 0.001 -11"><span class='ocrx_word' id='word_1_166' title='bbox 228 1801 358 1839; x_wconf 81' lang='lat' dir='ltr'><strong>portum</strong></span> <span class='ocrx_word' id='word_1_167' title='bbox 374 1809 438 1841; x_wconf 88' lang='lat' dir='ltr'><strong>pro</strong></span> <span class='ocrx_word' id='word_1_168' title='bbox 451 1801 599 1840; x_wconf 82' lang='lat' dir='ltr'><strong>pontum.</strong></span> <span class='ocrx_word' id='word_1_169' title='bbox 615 1813 658 1822; x_wconf 82' lang='lat'><strong>--</strong></span> <span class='ocrx_word' id='word_1_170' title='bbox 685 1799 764 1840; x_wconf 75' lang='lat' dir='ltr'><strong>Qua·</strong></span> <span class='ocrx_word' id='word_1_171' title='bbox 776 1800 885 1841; x_wconf 75' lang='lat' dir='ltr'><strong>gloria</strong></span> <span class='ocrx_word' id='word_1_172' title='bbox 896 1824 905 1839; x_wconf 92' lang='lat'>‚</span> 
     </span>
     <span class='ocr_line' id='line_1_26' title="bbox 235 1847 908 1895; baseline 0.001 -13"><span class='ocrx_word' id='word_1_173' title='bbox 235 1855 320 1891; x_wconf 81' lang='lat' dir='ltr'><strong>etc.,</strong></span> <span class='ocrx_word' id='word_1_174' title='bbox 344 1854 383 1882; x_wconf 86' lang='lat' dir='ltr'><strong>ut</strong></span> <span class='ocrx_word' id='word_1_175' title='bbox 409 1847 523 1882; x_wconf 86' lang='lat' dir='ltr'><strong>Tibul.</strong></span> <span class='ocrx_word' id='word_1_176' title='bbox 541 1848 558 1882; x_wconf 93' lang='lat' dir='ltr'>I</span> <span class='ocrx_word' id='word_1_177' title='bbox 571 1874 580 1891; x_wconf 90' lang='lat'>‚</span> <span class='ocrx_word' id='word_1_178' title='bbox 605 1858 696 1892; x_wconf 85' lang='lat' dir='ltr'>VIII,</span> <span class='ocrx_word' id='word_1_179' title='bbox 721 1850 763 1895; x_wconf 78' lang='grc'><strong>49</strong></span> <span class='ocrx_word' id='word_1_180' title='bbox 776 1874 785 1891; x_wconf 88' lang='grc'><em>,</em></span> <span class='ocrx_word' id='word_1_181' title='bbox 805 1861 908 1893; x_wconf 84' lang='lat' dir='ltr'><strong>puero</strong></span> 
     </span>
     <span class='ocr_line' id='line_1_27' title="bbox 233 1899 907 1945; baseline 0.001 -11"><span class='ocrx_word' id='word_1_182' title='bbox 233 1913 304 1945; x_wconf 80' lang='lat' dir='ltr'><strong>quae</strong></span> <span class='ocrx_word' id='word_1_183' title='bbox 325 1902 435 1944; x_wconf 71' lang='lat' dir='ltr'><strong>gloria</strong></span> <span class='ocrx_word' id='word_1_184' title='bbox 461 1903 550 1934; x_wconf 80' lang='lat' dir='ltr'><strong>victo</strong></span> <span class='ocrx_word' id='word_1_185' title='bbox 564 1903 582 1936; x_wconf 84' lang='lat'><em>?</em></span> <span class='ocrx_word' id='word_1_186' title='bbox 609 1917 653 1926; x_wconf 86' lang='lat'><strong>·-·</strong></span> <span class='ocrx_word' id='word_1_187' title='bbox 677 1901 821 1935; x_wconf 72' lang='lat' dir='ltr'><strong>Juvenes</strong></span> <span class='ocrx_word' id='word_1_188' title='bbox 841 1899 907 1935; x_wconf 83' lang='lat' dir='ltr'><strong>dici</strong></span> 
     </span>
     <span class='ocr_line' id='line_1_28' title="bbox 236 1950 702 1998; baseline 0 -11"><span class='ocrx_word' id='word_1_189' title='bbox 236 1953 348 1987; x_wconf 87' lang='lat' dir='ltr'><strong>solent</strong></span> <span class='ocrx_word' id='word_1_190' title='bbox 362 1960 478 1987; x_wconf 78' lang='lat' dir='ltr'><strong>nnutae</strong></span> <span class='ocrx_word' id='word_1_191' title='bbox 493 1960 528 1987; x_wconf 85' lang='lat' dir='ltr'><strong>et</strong></span> <span class='ocrx_word' id='word_1_192' title='bbox 542 1950 702 1998; x_wconf 78' lang='lat' dir='ltr'><strong>remiges.</strong></span> 
     </span>
    </p>

    <p class='ocr_par' dir='ltr' id='par_1_16' title="bbox 221 2004 913 2517">
     <span class='ocr_line' id='line_1_29' title="bbox 278 2004 907 2049; baseline 0.002 -11"><span class='ocrx_word' id='word_1_193' title='bbox 278 2004 353 2039; x_wconf 86' lang='lat'><strong>658.</strong></span> <span class='ocrx_word' id='word_1_194' title='bbox 380 2007 534 2039; x_wconf 66' lang='lat' dir='ltr'><strong>Praesens</strong></span> <span class='ocrx_word' id='word_1_195' title='bbox 562 2006 658 2039; x_wconf 77' lang='lat' dir='ltr'><strong>Deus</strong></span> <span class='ocrx_word' id='word_1_196' title='bbox 670 2031 679 2045; x_wconf 96' lang='lat'>‚</span> <span class='ocrx_word' id='word_1_197' title='bbox 726 2004 783 2049; x_wconf 90' lang='lat' dir='ltr'><strong>qui</strong></span> <span class='ocrx_word' id='word_1_198' title='bbox 808 2004 907 2040; x_wconf 88' lang='lat' dir='ltr'><strong>nobis</strong></span> 
     </span>
     <span class='ocr_line' id='line_1_30' title="bbox 236 2055 906 2101; baseline 0 -11"><span class='ocrx_word' id='word_1_199' title='bbox 236 2055 358 2090; x_wconf 88' lang='lat' dir='ltr'><strong>auxilio</strong></span> <span class='ocrx_word' id='word_1_200' title='bbox 374 2068 437 2089; x_wconf 87' lang='lat' dir='ltr'><strong>suo</strong></span> <span class='ocrx_word' id='word_1_201' title='bbox 453 2055 559 2090; x_wconf 83' lang='lat' dir='ltr'><strong>adest.</strong></span> <span class='ocrx_word' id='word_1_202' title='bbox 575 2055 647 2090; x_wconf 88' lang='lat' dir='ltr'><strong>Sed</strong></span> <span class='ocrx_word' id='word_1_203' title='bbox 664 2055 697 2090; x_wconf 88' lang='lat' dir='ltr'><strong>h.</strong></span> <span class='ocrx_word' id='word_1_204' title='bbox 712 2055 733 2090; x_wconf 93' lang='lat' dir='ltr'><strong>l.</strong></span> <span class='ocrx_word' id='word_1_205' title='bbox 747 2056 906 2101; x_wconf 84' lang='lat' dir='ltr'><strong>ambigue</strong></span> 
     </span>
     <span class='ocr_line' id='line_1_31' title="bbox 235 2106 908 2152; baseline 0 -10"><span class='ocrx_word' id='word_1_206' title='bbox 235 2108 367 2142; x_wconf 78' lang='lat' dir='ltr'><strong>dictum</strong></span> <span class='ocrx_word' id='word_1_207' title='bbox 377 2106 514 2141; x_wconf 87' lang='lat' dir='ltr'><strong>videtur</strong></span> <span class='ocrx_word' id='word_1_208' title='bbox 528 2133 537 2150; x_wconf 87' lang='lat'>,</span> <span class='ocrx_word' id='word_1_209' title='bbox 552 2114 586 2142; x_wconf 79' lang='lat' dir='ltr'><strong>et</strong></span> <span class='ocrx_word' id='word_1_210' title='bbox 596 2106 698 2141; x_wconf 87' lang='lat' dir='ltr'><strong>simul</strong></span> <span class='ocrx_word' id='word_1_211' title='bbox 708 2107 750 2141; x_wconf 90' lang='lat' dir='ltr'><strong>de</strong></span> <span class='ocrx_word' id='word_1_212' title='bbox 763 2120 908 2152; x_wconf 84' lang='lat' dir='ltr'><strong>praesen·</strong></span> 
     </span>
     <span class='ocr_line' id='line_1_32' title="bbox 234 2158 905 2204; baseline -0.001 -10"><span class='ocrx_word' id='word_1_213' title='bbox 234 2160 281 2194; x_wconf 88' lang='lat' dir='ltr'><strong>tia</strong></span> <span class='ocrx_word' id='word_1_214' title='bbox 292 2158 444 2204; x_wconf 82' lang='lat' dir='ltr'><strong>corporis</strong></span> <span class='ocrx_word' id='word_1_215' title='bbox 454 2159 672 2204; x_wconf 84' lang='lat' dir='ltr'><strong>capiendum.</strong></span> <span class='ocrx_word' id='word_1_216' title='bbox 687 2158 791 2194; x_wconf 77' lang='lat' dir='ltr'><strong>Conf-</strong></span> <span class='ocrx_word' id='word_1_217' title='bbox 799 2160 905 2203; x_wconf 89' lang='lat' dir='ltr'>XIV,</span> 
     </span>
     <span class='ocr_line' id='line_1_33' title="bbox 234 2211 907 2259; baseline 0.004 -15"><span class='ocrx_word' id='word_1_218' title='bbox 234 2212 309 2259; x_wconf 81' lang='lat'><strong>679.</strong></span> <span class='ocrx_word' id='word_1_219' title='bbox 324 2223 368 2236; x_wconf 77' lang='lat'><strong>—·—</strong></span> <span class='ocrx_word' id='word_1_220' title='bbox 389 2213 476 2245; x_wconf 83' lang='lat' dir='ltr'><strong>Vera</strong></span> <span class='ocrx_word' id='word_1_221' title='bbox 490 2211 618 2259; x_wconf 62' lang='lat' dir='ltr'><strong>resprre.</strong></span> <span class='ocrx_word' id='word_1_222' title='bbox 640 2211 760 2246; x_wconf 85' lang='lat' dir='ltr'><strong>Codex</strong></span> <span class='ocrx_word' id='word_1_223' title='bbox 778 2212 907 2258; x_wconf 86' lang='lat' dir='ltr'><strong>Regius</strong></span> 
     </span>
     <span class='ocr_line' id='line_1_34' title="bbox 237 2263 907 2308; baseline 0.001 -11"><span class='ocrx_word' id='word_1_224' title='bbox 237 2264 268 2297; x_wconf 87' lang='lat' dir='ltr'><strong>A</strong></span> <span class='ocrx_word' id='word_1_225' title='bbox 281 2289 290 2306; x_wconf 91' lang='lat'>‚</span> <span class='ocrx_word' id='word_1_226' title='bbox 313 2264 413 2297; x_wconf 81' lang='lat' dir='ltr'><strong>verba</strong></span> <span class='ocrx_word' id='word_1_227' title='bbox 423 2263 552 2307; x_wconf 81' lang='lat' dir='ltr'><strong>fulcri,</strong></span> <span class='ocrx_word' id='word_1_228' title='bbox 579 2270 615 2297; x_wconf 86' lang='lat' dir='ltr'><strong>et</strong></span> <span class='ocrx_word' id='word_1_229' title='bbox 631 2263 732 2308; x_wconf 87' lang='lat' dir='ltr'><strong>paulo</strong></span> <span class='ocrx_word' id='word_1_230' title='bbox 748 2270 846 2308; x_wconf 87' lang='lat' dir='ltr'><strong>post,</strong></span> <span class='ocrx_word' id='word_1_231' title='bbox 865 2264 907 2298; x_wconf 84' lang='lat' dir='ltr'><strong>ab</strong></span> 
     </span>
     <span class='ocr_line' id='line_1_35' title="bbox 233 2314 907 2358; baseline 0.001 -10"><span class='ocrx_word' id='word_1_232' title='bbox 233 2314 357 2349; x_wconf 86' lang='lat' dir='ltr'><strong>eadem</strong></span> <span class='ocrx_word' id='word_1_233' title='bbox 373 2327 480 2349; x_wconf 90' lang='lat' dir='ltr'><strong>manu</strong></span> <span class='ocrx_word' id='word_1_234' title='bbox 490 2342 498 2356; x_wconf 90' lang='lat'>,</span> <span class='ocrx_word' id='word_1_235' title='bbox 516 2317 616 2349; x_wconf 82' lang='lat' dir='ltr'><strong>verba</strong></span> <span class='ocrx_word' id='word_1_236' title='bbox 633 2314 759 2358; x_wconf 81' lang='lat' dir='ltr'><strong>referre.</strong></span> <span class='ocrx_word' id='word_1_237' title='bbox 774 2315 907 2349; x_wconf 80' lang='lat' dir='ltr'><strong>Forsan</strong></span> 
     </span>
     <span class='ocr_line' id='line_1_36' title="bbox 233 2367 913 2412; baseline -0.003 -10"><span class='ocrx_word' id='word_1_238' title='bbox 233 2368 335 2402; x_wconf 81' lang='lat' dir='ltr'><strong>lectio</strong></span> <span class='ocrx_word' id='word_1_239' title='bbox 356 2368 469 2412; x_wconf 76' lang='lat' dir='ltr'><strong>fateri</strong></span> <span class='ocrx_word' id='word_1_240' title='bbox 486 2381 567 2402; x_wconf 86' lang='lat' dir='ltr'><strong>vera</strong></span> <span class='ocrx_word' id='word_1_241' title='bbox 596 2367 648 2402; x_wconf 89' lang='lat' dir='ltr'><strong>sit.</strong></span> <span class='ocrx_word' id='word_1_242' title='bbox 673 2369 739 2401; x_wconf 89' lang='lat' dir='ltr'><strong>Ed.</strong></span> <span class='ocrx_word' id='word_1_243' title='bbox 764 2385 807 2392; x_wconf 91' lang='lat'><em>-</em></span> <span class='ocrx_word' id='word_1_244' title='bbox 832 2369 913 2401; x_wconf 63' lang='lat' dir='ltr'><strong>mm·</strong></span> 
     </span>
     <span class='ocr_line' id='line_1_37' title="bbox 221 2418 913 2463; baseline -0.003 -11"><span class='ocrx_word' id='word_1_245' title='bbox 221 2420 316 2463; x_wconf 82' lang='lat' dir='ltr'><strong>fide,</strong></span> <span class='ocrx_word' id='word_1_246' title='bbox 345 2426 384 2453; x_wconf 91' lang='lat' dir='ltr'><strong>ut</strong></span> <span class='ocrx_word' id='word_1_247' title='bbox 412 2418 581 2454; x_wconf 89' lang='lat' dir='ltr'><strong>Heroidd.</strong></span> <span class='ocrx_word' id='word_1_248' title='bbox 608 2418 696 2452; x_wconf 88' lang='lat' dir='ltr'><strong>XVI</strong></span> <span class='ocrx_word' id='word_1_249' title='bbox 709 2444 718 2461; x_wconf 89' lang='lat'>‚</span> <span class='ocrx_word' id='word_1_250' title='bbox 741 2418 794 2452; x_wconf 88' lang='lat'><strong>60.</strong></span> <span class='ocrx_word' id='word_1_251' title='bbox 832 2419 913 2451; x_wconf 77' lang='lat' dir='ltr'><strong>Veri</strong></span> 
     </span>
     <span class='ocr_line' id='line_1_38' title="bbox 235 2470 907 2517; baseline 0 -14"><span class='ocrx_word' id='word_1_252' title='bbox 235 2475 294 2504; x_wconf 71' lang='lat' dir='ltr'><strong>viz·</strong></span> <span class='ocrx_word' id='word_1_253' title='bbox 308 2473 567 2517; x_wconf 77' lang='lat' dir='ltr'><strong>habt&#39;lurafldem</strong></span> <span class='ocrx_word' id='word_1_254' title='bbox 590 2470 691 2506; x_wconf 81' lang='lat' dir='ltr'><strong>:vide</strong></span> <span class='ocrx_word' id='word_1_255' title='bbox 709 2470 907 2505; x_wconf 88' lang='lat' dir='ltr'><strong>Heinsium.</strong></span> 
     </span>
    </p>

    <p class='ocr_par' dir='ltr' id='par_1_17' title="bbox 232 2523 910 2772">
     <span class='ocr_line' id='line_1_39' title="bbox 276 2523 907 2567; baseline 0 -10"><span class='ocrx_word' id='word_1_256' title='bbox 276 2523 350 2556; x_wconf 85' lang='lat'><strong>662.</strong></span> <span class='ocrx_word' id='word_1_257' title='bbox 367 2525 542 2557; x_wconf 80' lang='lat' dir='ltr'><strong>Remorum</strong></span> <span class='ocrx_word' id='word_1_258' title='bbox 553 2527 588 2557; x_wconf 79' lang='lat' dir='ltr'><strong>in</strong></span> <span class='ocrx_word' id='word_1_259' title='bbox 598 2525 738 2557; x_wconf 81' lang='lat' dir='ltr'><strong>verbere.</strong></span> <span class='ocrx_word' id='word_1_260' title='bbox 749 2523 907 2567; x_wconf 84' lang='lat' dir='ltr'><strong>Pergunt</strong></span> 
     </span>
     <span class='ocr_line' id='line_1_40' title="bbox 232 2573 906 2618; baseline 0.003 -13"><span class='ocrx_word' id='word_1_261' title='bbox 232 2573 415 2608; x_wconf 85' lang='lat' dir='ltr'><strong>verberare</strong></span> <span class='ocrx_word' id='word_1_262' title='bbox 426 2587 522 2609; x_wconf 91' lang='lat' dir='ltr'><strong>mare</strong></span> <span class='ocrx_word' id='word_1_263' title='bbox 534 2576 664 2617; x_wconf 75' lang='grc' dir='ltr'><strong>(τύπτειν</strong></span> <span class='ocrx_word' id='word_1_264' title='bbox 673 2576 731 2608; x_wconf 68' lang='grc' dir='ltr'><strong>ἅλα</strong></span> <span class='ocrx_word' id='word_1_265' title='bbox 740 2573 906 2618; x_wconf 79' lang='lat' dir='ltr'><strong>Homer.)</strong></span> 
     </span>
     <span class='ocr_line' id='line_1_41' title="bbox 232 2624 910 2671; baseline 0.006 -15"><span class='ocrx_word' id='word_1_266' title='bbox 232 2624 347 2657; x_wconf 85' lang='lat' dir='ltr'><strong>remis.</strong></span> <span class='ocrx_word' id='word_1_267' title='bbox 389 2625 557 2660; x_wconf 78' lang='lat' dir='ltr'><strong>Similiter</strong></span> <span class='ocrx_word' id='word_1_268' title='bbox 584 2626 730 2671; x_wconf 85' lang='lat' dir='ltr'><strong>piscator</strong></span> <span class='ocrx_word' id='word_1_269' title='bbox 760 2629 910 2660; x_wconf 76' lang='lat' dir='ltr'><strong>verberat</strong></span> 
     </span>
     <span class='ocr_line' id='line_1_42' title="bbox 233 2675 906 2723; baseline 0.006 -15"><span class='ocrx_word' id='word_1_270' title='bbox 233 2688 360 2710; x_wconf 80' lang='lat' dir='ltr'><strong>amnem</strong></span> <span class='ocrx_word' id='word_1_271' title='bbox 370 2675 502 2719; x_wconf 83' lang='lat' dir='ltr'><strong>funda,</strong></span> <span class='ocrx_word' id='word_1_272' title='bbox 518 2677 615 2723; x_wconf 84' lang='lat' dir='ltr'><strong>Virg.</strong></span> <span class='ocrx_word' id='word_1_273' title='bbox 630 2678 756 2722; x_wconf 85' lang='lat' dir='ltr'><strong>Georg.</strong></span> <span class='ocrx_word' id='word_1_274' title='bbox 777 2678 814 2720; x_wconf 92' lang='grc' dir='ltr'><strong>Ι,</strong></span> <span class='ocrx_word' id='word_1_275' title='bbox 836 2679 906 2720; x_wconf 75' lang='lat'>141.</span> 
     </span>
     <span class='ocr_line' id='line_1_43' title="bbox 233 2729 906 2772; baseline 0.004 -13"><span class='ocrx_word' id='word_1_276' title='bbox 233 2745 277 2759; x_wconf 44' lang='grc' dir='ltr'><strong>,ω-</strong></span> <span class='ocrx_word' id='word_1_277' title='bbox 291 2729 374 2762; x_wconf 80' lang='lat' dir='ltr'><strong>Vela</strong></span> <span class='ocrx_word' id='word_1_278' title='bbox 390 2730 555 2763; x_wconf 78' lang='lat' dir='ltr'><strong>deducunt</strong></span> <span class='ocrx_word' id='word_1_279' title='bbox 569 2742 609 2764; x_wconf 85' lang='lat' dir='ltr'><strong>ex</strong></span> <span class='ocrx_word' id='word_1_280' title='bbox 629 2729 807 2772; x_wconf 82' lang='lat' dir='ltr'><strong>antennis,</strong></span> <span class='ocrx_word' id='word_1_281' title='bbox 826 2729 884 2762; x_wconf 86' lang='lat' dir='ltr'><strong>ubi</strong></span> <span class='ocrx_word' id='word_1_282' title='bbox 896 2755 906 2772; x_wconf 91' lang='lat'>,</span> 
     </span>
    </p>
   </div>
   <div class='ocr_carea' id='block_1_8' title="bbox 970 1377 1648 2772">
    <p class='ocr_par' dir='ltr' id='par_1_18' title="bbox 971 1377 1647 1682">
     <span class='ocr_line' id='line_1_44' title="bbox 975 1377 1647 1429; baseline -0.007 -11"><span class='ocrx_word' id='word_1_283' title='bbox 975 1382 1142 1429; x_wconf 83' lang='lat' dir='ltr'><strong>quamdiu</strong></span> <span class='ocrx_word' id='word_1_284' title='bbox 1159 1395 1245 1428; x_wconf 84' lang='lat' dir='ltr'><strong>opus</strong></span> <span class='ocrx_word' id='word_1_285' title='bbox 1266 1381 1306 1416; x_wconf 88' lang='lat' dir='ltr'><strong>iis</strong></span> <span class='ocrx_word' id='word_1_286' title='bbox 1326 1393 1400 1416; x_wconf 87' lang='lat' dir='ltr'><strong>non</strong></span> <span class='ocrx_word' id='word_1_287' title='bbox 1422 1386 1518 1423; x_wconf 81' lang='lat' dir='ltr'><strong>erat,</strong></span> <span class='ocrx_word' id='word_1_288' title='bbox 1544 1377 1647 1425; x_wconf 80' lang='lat' dir='ltr'><strong>ligata</strong></span> 
     </span>
     <span class='ocr_line' id='line_1_45' title="bbox 978 1430 1647 1479; baseline -0.007 -10"><span class='ocrx_word' id='word_1_289' title='bbox 978 1434 1179 1479; x_wconf 83' lang='lat' dir='ltr'><strong>pendebant</strong></span> <span class='ocrx_word' id='word_1_290' title='bbox 1190 1461 1199 1477; x_wconf 90' lang='lat'>,</span> <span class='ocrx_word' id='word_1_291' title='bbox 1213 1441 1251 1468; x_wconf 86' lang='lat' dir='ltr'><strong>ut</strong></span> <span class='ocrx_word' id='word_1_292' title='bbox 1259 1437 1392 1478; x_wconf 75' lang='lat' dir='ltr'><strong>gemina</strong></span> <span class='ocrx_word' id='word_1_293' title='bbox 1400 1445 1460 1476; x_wconf 76' lang='lat' dir='ltr'><strong>ope</strong></span> <span class='ocrx_word' id='word_1_294' title='bbox 1469 1459 1478 1474; x_wconf 94' lang='lat'><em>‚</em></span> <span class='ocrx_word' id='word_1_295' title='bbox 1496 1430 1579 1466; x_wconf 81' lang='lat' dir='ltr'><strong>velis</strong></span> <span class='ocrx_word' id='word_1_296' title='bbox 1591 1443 1647 1464; x_wconf 88' lang='lat' dir='ltr'><strong>re-</strong></span> 
     </span>
     <span class='ocr_line' id='line_1_46' title="bbox 971 1487 1645 1532; baseline -0.006 -10"><span class='ocrx_word' id='word_1_297' title='bbox 971 1489 1128 1532; x_wconf 88' lang='lat' dir='ltr'><strong>misque,</strong></span> <span class='ocrx_word' id='word_1_298' title='bbox 1151 1492 1295 1522; x_wconf 80' lang='lat' dir='ltr'><strong>currant.</strong></span> <span class='ocrx_word' id='word_1_299' title='bbox 1316 1487 1464 1522; x_wconf 71' lang='lat' dir='ltr'><strong>Lenzius</strong></span> <span class='ocrx_word' id='word_1_300' title='bbox 1494 1491 1616 1521; x_wconf 82' lang='lat' dir='ltr'><strong>contra</strong></span> <span class='ocrx_word' id='word_1_301' title='bbox 1636 1496 1645 1518; x_wconf 90' lang='lat'>:</span> 
     </span>
     <span class='ocr_line' id='line_1_47' title="bbox 972 1540 1646 1586; baseline -0.003 -13"><span class='ocrx_word' id='word_1_302' title='bbox 972 1540 1187 1574; x_wconf 78' lang='lat' dir='ltr'><strong>contrahunt</strong></span> <span class='ocrx_word' id='word_1_303' title='bbox 1215 1540 1290 1586; x_wconf 84' lang='lat' dir='ltr'><strong>vela</strong></span> <span class='ocrx_word' id='word_1_304' title='bbox 1308 1566 1317 1583; x_wconf 92' lang='lat'>,</span> <span class='ocrx_word' id='word_1_305' title='bbox 1344 1547 1447 1574; x_wconf 83' lang='lat' dir='ltr'><strong>antea</strong></span> <span class='ocrx_word' id='word_1_306' title='bbox 1477 1550 1623 1584; x_wconf 87' lang='lat' dir='ltr'><strong>expansa</strong></span> <span class='ocrx_word' id='word_1_307' title='bbox 1636 1563 1646 1580; x_wconf 94' lang='lat'>,</span> 
     </span>
     <span class='ocr_line' id='line_1_48' title="bbox 972 1589 1646 1635; baseline 0 -11"><span class='ocrx_word' id='word_1_308' title='bbox 972 1598 1139 1635; x_wconf 82' lang='lat' dir='ltr'><strong>tanquam</strong></span> <span class='ocrx_word' id='word_1_309' title='bbox 1157 1591 1194 1624; x_wconf 88' lang='lat' dir='ltr'><strong>in</strong></span> <span class='ocrx_word' id='word_1_310' title='bbox 1210 1591 1299 1624; x_wconf 88' lang='lat' dir='ltr'><strong>vado</strong></span> <span class='ocrx_word' id='word_1_311' title='bbox 1316 1598 1429 1625; x_wconf 86' lang='lat' dir='ltr'><strong>essent</strong></span> <span class='ocrx_word' id='word_1_312' title='bbox 1441 1616 1451 1635; x_wconf 83' lang='lat'>‚</span> <span class='ocrx_word' id='word_1_313' title='bbox 1477 1597 1512 1624; x_wconf 87' lang='lat' dir='ltr'><strong>et</strong></span> <span class='ocrx_word' id='word_1_314' title='bbox 1529 1589 1646 1635; x_wconf 87' lang='lat' dir='ltr'><strong>gemi-</strong></span> 
     </span>
     <span class='ocr_line' id='line_1_49' title="bbox 972 1641 1546 1682; baseline -0.003 -6"><span class='ocrx_word' id='word_1_315' title='bbox 972 1642 1061 1676; x_wconf 84' lang='lat' dir='ltr'><strong>natis</strong></span> <span class='ocrx_word' id='word_1_316' title='bbox 1076 1641 1205 1675; x_wconf 81' lang='lat' dir='ltr'><strong>viribus</strong></span> <span class='ocrx_word' id='word_1_317' title='bbox 1218 1654 1335 1676; x_wconf 86' lang='lat' dir='ltr'><strong>remos</strong></span> <span class='ocrx_word' id='word_1_318' title='bbox 1352 1648 1506 1675; x_wconf 87' lang='lat' dir='ltr'><strong>movent.</strong></span> <span class='ocrx_word' id='word_1_319' title='bbox 1543 1678 1546 1682; x_wconf 33' lang='lat'>¹</span> 
     </span>
    </p>

    <p class='ocr_par' dir='ltr' id='par_1_19' title="bbox 970 1691 1648 2772">
     <span class='ocr_line' id='line_1_50' title="bbox 1012 1691 1644 1736; baseline -0.003 -10"><span class='ocrx_word' id='word_1_320' title='bbox 1012 1692 1088 1736; x_wconf 79' lang='lat'><strong>664.</strong></span> <span class='ocrx_word' id='word_1_321' title='bbox 1103 1694 1293 1736; x_wconf 80' lang='lat' dir='ltr'><strong>Impediunt</strong></span> <span class='ocrx_word' id='word_1_322' title='bbox 1310 1695 1438 1726; x_wconf 79' lang='lat' dir='ltr'><strong>hedera·</strong></span> <span class='ocrx_word' id='word_1_323' title='bbox 1459 1703 1578 1726; x_wconf 83' lang='lat' dir='ltr'><strong>remos.</strong></span> <span class='ocrx_word' id='word_1_324' title='bbox 1602 1691 1644 1725; x_wconf 91' lang='lat' dir='ltr'><strong>In</strong></span> 
     </span>
     <span class='ocr_line' id='line_1_51' title="bbox 971 1742 1647 1790; baseline -0.001 -13"><span class='ocrx_word' id='word_1_325' title='bbox 971 1743 1106 1790; x_wconf 88' lang='lat' dir='ltr'><strong>hymno</strong></span> <span class='ocrx_word' id='word_1_326' title='bbox 1129 1743 1302 1787; x_wconf 80' lang='lat' dir='ltr'><strong>Homeri,</strong></span> <span class='ocrx_word' id='word_1_327' title='bbox 1330 1744 1454 1778; x_wconf 83' lang='lat' dir='ltr'><strong>vinum</strong></span> <span class='ocrx_word' id='word_1_328' title='bbox 1481 1742 1560 1777; x_wconf 83' lang='lat' dir='ltr'><strong>fluit</strong></span> <span class='ocrx_word' id='word_1_329' title='bbox 1584 1756 1647 1788; x_wconf 89' lang='lat' dir='ltr'><strong>per</strong></span> 
     </span>
     <span class='ocr_line' id='line_1_52' title="bbox 972 1793 1648 1840; baseline -0.001 -11"><span class='ocrx_word' id='word_1_330' title='bbox 972 1807 1098 1830; x_wconf 89' lang='lat' dir='ltr'><strong>navem</strong></span> <span class='ocrx_word' id='word_1_331' title='bbox 1112 1819 1121 1838; x_wconf 88' lang='lat'>‚</span> <span class='ocrx_word' id='word_1_332' title='bbox 1153 1808 1235 1830; x_wconf 88' lang='lat' dir='ltr'><strong>mox</strong></span> <span class='ocrx_word' id='word_1_333' title='bbox 1271 1795 1308 1830; x_wconf 87' lang='lat' dir='ltr'><strong>in</strong></span> <span class='ocrx_word' id='word_1_334' title='bbox 1338 1795 1416 1830; x_wconf 81' lang='lat' dir='ltr'><strong>velo</strong></span> <span class='ocrx_word' id='word_1_335' title='bbox 1438 1793 1648 1840; x_wconf 79' lang='lat' dir='ltr'><strong>&#39;expanditur</strong></span> 
     </span>
     <span class='ocr_line' id='line_1_53' title="bbox 971 1845 1648 1892; baseline -0.001 -11"><span class='ocrx_word' id='word_1_336' title='bbox 971 1847 1068 1887; x_wconf 82' lang='lat' dir='ltr'><strong>vitis,</strong></span> <span class='ocrx_word' id='word_1_337' title='bbox 1090 1847 1224 1881; x_wconf 90' lang='lat' dir='ltr'><strong>malum</strong></span> <span class='ocrx_word' id='word_1_338' title='bbox 1247 1846 1354 1892; x_wconf 84' lang='lat' dir='ltr'><strong>cingit</strong></span> <span class='ocrx_word' id='word_1_339' title='bbox 1376 1846 1526 1890; x_wconf 78' lang='lat' dir='ltr'><strong>hedera,</strong></span> <span class='ocrx_word' id='word_1_340' title='bbox 1553 1845 1648 1880; x_wconf 83' lang='lat' dir='ltr'><strong>scal-</strong></span> 
     </span>
     <span class='ocr_line' id='line_1_54' title="bbox 972 1897 1646 1944; baseline -0.001 -12"><span class='ocrx_word' id='word_1_341' title='bbox 972 1899 1090 1943; x_wconf 89' lang='lat' dir='ltr'><strong>mique</strong></span> <span class='ocrx_word' id='word_1_342' title='bbox 1102 1911 1224 1933; x_wconf 87' lang='lat' dir='ltr'><strong>omnes</strong></span> <span class='ocrx_word' id='word_1_343' title='bbox 1233 1898 1371 1934; x_wconf 79' lang='lat' dir='ltr'><strong>coronis</strong></span> <span class='ocrx_word' id='word_1_344' title='bbox 1379 1905 1561 1932; x_wconf 83' lang='lat' dir='ltr'><strong>ornantur.</strong></span> <span class='ocrx_word' id='word_1_345' title='bbox 1571 1897 1646 1944; x_wconf 86' lang='lat' dir='ltr'><strong>Hy-</strong></span> 
     </span>
     <span class='ocr_line' id='line_1_55' title="bbox 972 1951 1640 1998; baseline -0.003 -13"><span class='ocrx_word' id='word_1_346' title='bbox 972 1951 1073 1996; x_wconf 88' lang='lat' dir='ltr'><strong>ginus</strong></span> <span class='ocrx_word' id='word_1_347' title='bbox 1100 1964 1108 1985; x_wconf 76' lang='lat' dir='ltr'><strong><em>z</em></strong></span> <span class='ocrx_word' id='word_1_348' title='bbox 1132 1964 1239 1985; x_wconf 80' lang='lat' dir='ltr'><strong>remos</strong></span> <span class='ocrx_word' id='word_1_349' title='bbox 1261 1955 1296 1985; x_wconf 82' lang='grc' dir='ltr'><strong>ιἰι</strong></span> <span class='ocrx_word' id='word_1_350' title='bbox 1322 1953 1454 1998; x_wconf 79' lang='lat' dir='ltr'><strong>thyrsos</strong></span> <span class='ocrx_word' id='word_1_351' title='bbox 1477 1952 1640 1991; x_wconf 70' lang='lat' dir='ltr'><strong>mutavit,</strong></span> 
     </span>
     <span class='ocr_line' id='line_1_56' title="bbox 971 2003 1648 2046; baseline -0.003 -10"><span class='ocrx_word' id='word_1_352' title='bbox 971 2004 1047 2036; x_wconf 82' lang='lat' dir='ltr'><strong>vela</strong></span> <span class='ocrx_word' id='word_1_353' title='bbox 1063 2005 1098 2036; x_wconf 82' lang='lat'><strong>1&#39;11</strong></span> <span class='ocrx_word' id='word_1_354' title='bbox 1113 2005 1291 2046; x_wconf 81' lang='lat' dir='ltr'><strong>pampinos</strong></span> <span class='ocrx_word' id='word_1_355' title='bbox 1301 2029 1310 2043; x_wconf 94' lang='lat'><strong><em>‚</em></strong></span> <span class='ocrx_word' id='word_1_356' title='bbox 1332 2004 1486 2036; x_wconf 79' lang='lat' dir='ltr'><strong>rudentes</strong></span> <span class='ocrx_word' id='word_1_357' title='bbox 1499 2004 1535 2035; x_wconf 79' lang='lat' dir='ltr'><strong>in</strong></span> <span class='ocrx_word' id='word_1_358' title='bbox 1546 2003 1648 2035; x_wconf 76' lang='lat' dir='ltr'><strong>hede-</strong></span> 
     </span>
     <span class='ocr_line' id='line_1_57' title="bbox 971 2054 1646 2100; baseline 0 -12"><span class='ocrx_word' id='word_1_359' title='bbox 971 2068 1053 2089; x_wconf 86' lang='lat' dir='ltr'><strong>mm.</strong></span> <span class='ocrx_word' id='word_1_360' title='bbox 1070 2055 1157 2090; x_wconf 81' lang='lat' dir='ltr'><strong>Haec</strong></span> <span class='ocrx_word' id='word_1_361' title='bbox 1172 2055 1277 2100; x_wconf 83' lang='lat' dir='ltr'><strong>igitur</strong></span> <span class='ocrx_word' id='word_1_362' title='bbox 1293 2061 1413 2090; x_wconf 82' lang='lat' dir='ltr'><strong>auctor</strong></span> <span class='ocrx_word' id='word_1_363' title='bbox 1428 2054 1571 2100; x_wconf 88' lang='lat' dir='ltr'><strong>quisque</strong></span> <span class='ocrx_word' id='word_1_364' title='bbox 1582 2066 1646 2089; x_wconf 88' lang='lat' dir='ltr'><strong>suo</strong></span> 
     </span>
     <span class='ocr_line' id='line_1_58' title="bbox 972 2105 1647 2151; baseline -0.003 -11"><span class='ocrx_word' id='word_1_365' title='bbox 972 2106 1079 2140; x_wconf 89' lang='lat' dir='ltr'><strong>modo</strong></span> <span class='ocrx_word' id='word_1_366' title='bbox 1105 2107 1283 2141; x_wconf 85' lang='lat' dir='ltr'><strong>exornavit</strong></span> <span class='ocrx_word' id='word_1_367' title='bbox 1298 2132 1307 2150; x_wconf 88' lang='lat'>,</span> <span class='ocrx_word' id='word_1_368' title='bbox 1343 2106 1503 2140; x_wconf 87' lang='lat' dir='ltr'><strong>omnium</strong></span> <span class='ocrx_word' id='word_1_369' title='bbox 1527 2105 1647 2151; x_wconf 85' lang='lat' dir='ltr'><strong>copio-</strong></span> 
     </span>
     <span class='ocr_line' id='line_1_59' title="bbox 972 2157 1646 2202; baseline -0.004 -9"><span class='ocrx_word' id='word_1_370' title='bbox 972 2158 1102 2193; x_wconf 88' lang='lat' dir='ltr'><strong>sissime</strong></span> <span class='ocrx_word' id='word_1_371' title='bbox 1115 2157 1249 2192; x_wconf 88' lang='lat' dir='ltr'><strong>Seneca</strong></span> <span class='ocrx_word' id='word_1_372' title='bbox 1262 2183 1272 2201; x_wconf 86' lang='lat'>‚</span> <span class='ocrx_word' id='word_1_373' title='bbox 1292 2157 1376 2193; x_wconf 87' lang='lat' dir='ltr'><strong>OEd.</strong></span> <span class='ocrx_word' id='word_1_374' title='bbox 1393 2157 1568 2202; x_wconf 77' lang='lat'><strong>451-456,</strong></span> <span class='ocrx_word' id='word_1_375' title='bbox 1586 2157 1646 2191; x_wconf 89' lang='lat' dir='ltr'><strong>ubi</strong></span> 
     </span>
     <span class='ocr_line' id='line_1_60' title="bbox 971 2208 1646 2254; baseline -0.004 -9"><span class='ocrx_word' id='word_1_376' title='bbox 971 2211 1077 2245; x_wconf 87' lang='lat' dir='ltr'><strong>etiam</strong></span> <span class='ocrx_word' id='word_1_377' title='bbox 1090 2222 1187 2244; x_wconf 84' lang='lat' dir='ltr'><strong>mare</strong></span> <span class='ocrx_word' id='word_1_378' title='bbox 1203 2209 1241 2244; x_wconf 90' lang='lat' dir='ltr'><strong>in</strong></span> <span class='ocrx_word' id='word_1_379' title='bbox 1253 2217 1393 2254; x_wconf 84' lang='lat' dir='ltr'><strong>pratum</strong></span> <span class='ocrx_word' id='word_1_380' title='bbox 1405 2215 1571 2244; x_wconf 83' lang='lat' dir='ltr'><strong>mutatur.</strong></span> <span class='ocrx_word' id='word_1_381' title='bbox 1590 2208 1646 2243; x_wconf 86' lang='lat' dir='ltr'><strong>Si-</strong></span> 
     </span>
     <span class='ocr_line' id='line_1_61' title="bbox 971 2260 1644 2307; baseline -0.003 -11"><span class='ocrx_word' id='word_1_382' title='bbox 971 2262 1065 2296; x_wconf 85' lang='lat' dir='ltr'><strong>milia</strong></span> <span class='ocrx_word' id='word_1_383' title='bbox 1075 2262 1309 2307; x_wconf 87' lang='lat' dir='ltr'><strong>phoenomena</strong></span> <span class='ocrx_word' id='word_1_384' title='bbox 1316 2261 1480 2307; x_wconf 80' lang='lat' dir='ltr'><strong>leguntur</strong></span> <span class='ocrx_word' id='word_1_385' title='bbox 1487 2260 1553 2303; x_wconf 88' lang='lat' dir='ltr'><strong>IV,</strong></span> <span class='ocrx_word' id='word_1_386' title='bbox 1562 2261 1644 2307; x_wconf 77' lang='lat'><strong>394:</strong></span> 
     </span>
     <span class='ocr_line' id='line_1_62' title="bbox 975 2313 1646 2358; baseline -0.006 -7"><span class='ocrx_word' id='word_1_387' title='bbox 975 2315 1156 2351; x_wconf 88' lang='lat' dir='ltr'><strong>Claudian.</strong></span> <span class='ocrx_word' id='word_1_388' title='bbox 1173 2316 1225 2358; x_wconf 91' lang='lat' dir='ltr'><strong>X,</strong></span> <span class='ocrx_word' id='word_1_389' title='bbox 1244 2316 1325 2358; x_wconf 74' lang='lat'>188,</span> <span class='ocrx_word' id='word_1_390' title='bbox 1345 2314 1488 2349; x_wconf 85' lang='lat' dir='ltr'><strong>Venere</strong></span> <span class='ocrx_word' id='word_1_391' title='bbox 1507 2313 1646 2348; x_wconf 85' lang='lat' dir='ltr'><strong>adven-</strong></span> 
     </span>
     <span class='ocr_line' id='line_1_63' title="bbox 972 2364 1647 2411; baseline -0.006 -9"><span class='ocrx_word' id='word_1_392' title='bbox 972 2374 1068 2402; x_wconf 83' lang='lat' dir='ltr'><strong>tante</strong></span> <span class='ocrx_word' id='word_1_393' title='bbox 1084 2394 1094 2411; x_wconf 92' lang='lat'>,</span> <span class='ocrx_word' id='word_1_394' title='bbox 1113 2375 1148 2402; x_wconf 84' lang='lat' dir='ltr'><strong>et</strong></span> <span class='ocrx_word' id='word_1_395' title='bbox 1163 2367 1288 2403; x_wconf 91' lang='lat' dir='ltr'>XXIV</span> <span class='ocrx_word' id='word_1_396' title='bbox 1300 2392 1310 2410; x_wconf 84' lang='lat'>‚</span> <span class='ocrx_word' id='word_1_397' title='bbox 1327 2366 1392 2400; x_wconf 87' lang='lat'><strong>366</strong></span> <span class='ocrx_word' id='word_1_398' title='bbox 1404 2391 1414 2409; x_wconf 91' lang='lat'>,</span> <span class='ocrx_word' id='word_1_399' title='bbox 1432 2364 1569 2399; x_wconf 86' lang='lat' dir='ltr'><strong>Baccho</strong></span> <span class='ocrx_word' id='word_1_400' title='bbox 1583 2377 1647 2409; x_wconf 89' lang='lat' dir='ltr'><strong>per</strong></span> 
     </span>
     <span class='ocr_line' id='line_1_64' title="bbox 975 2417 1647 2464; baseline -0.006 -10"><span class='ocrx_word' id='word_1_401' title='bbox 975 2431 1115 2464; x_wconf 64' lang='lat' dir='ltr'><strong>&gt;aequora</strong></span> <span class='ocrx_word' id='word_1_402' title='bbox 1129 2420 1235 2454; x_wconf 79' lang='lat' dir='ltr'><strong>rubra</strong></span> <span class='ocrx_word' id='word_1_403' title='bbox 1251 2418 1435 2463; x_wconf 82' lang='lat' dir='ltr'><strong>navigante</strong></span> <span class='ocrx_word' id='word_1_404' title='bbox 1447 2443 1457 2461; x_wconf 91' lang='lat'><em>‚</em></span> <span class='ocrx_word' id='word_1_405' title='bbox 1482 2417 1541 2451; x_wconf 88' lang='lat' dir='ltr'><strong>ubi</strong></span> <span class='ocrx_word' id='word_1_406' title='bbox 1556 2429 1647 2451; x_wconf 89' lang='lat' dir='ltr'><strong>nos-</strong></span> 
     </span>
     <span class='ocr_line' id='line_1_65' title="bbox 973 2468 1648 2514; baseline -0.004 -9"><span class='ocrx_word' id='word_1_407' title='bbox 973 2478 1067 2505; x_wconf 82' lang='lat' dir='ltr'><strong>trum</strong></span> <span class='ocrx_word' id='word_1_408' title='bbox 1079 2471 1194 2505; x_wconf 88' lang='lat' dir='ltr'><strong>locum</strong></span> <span class='ocrx_word' id='word_1_409' title='bbox 1207 2469 1376 2514; x_wconf 78' lang='lat' dir='ltr'><strong>respexit,</strong></span> <span class='ocrx_word' id='word_1_410' title='bbox 1393 2468 1430 2502; x_wconf 90' lang='lat' dir='ltr'><strong>in</strong></span> <span class='ocrx_word' id='word_1_411' title='bbox 1445 2480 1514 2513; x_wconf 89' lang='lat' dir='ltr'><strong>quo</strong></span> <span class='ocrx_word' id='word_1_412' title='bbox 1529 2468 1648 2503; x_wconf 89' lang='lat' dir='ltr'><strong>omnia</strong></span> 
     </span>
     <span class='ocr_line' id='line_1_66' title="bbox 971 2519 1645 2566; baseline -0.004 -10"><span class='ocrx_word' id='word_1_413' title='bbox 971 2522 1044 2556; x_wconf 89' lang='lat' dir='ltr'><strong>sere</strong></span> <span class='ocrx_word' id='word_1_414' title='bbox 1069 2521 1196 2556; x_wconf 88' lang='lat' dir='ltr'><strong>Bacchi</strong></span> <span class='ocrx_word' id='word_1_415' title='bbox 1228 2520 1375 2566; x_wconf 84' lang='lat' dir='ltr'><strong>insignia</strong></span> <span class='ocrx_word' id='word_1_416' title='bbox 1402 2519 1645 2554; x_wconf 80' lang='lat' dir='ltr'><strong>ostenduntur.</strong></span> 
     </span>
     <span class='ocr_line' id='line_1_67' title="bbox 970 2571 1644 2618; baseline -0.003 -11"><span class='ocrx_word' id='word_1_417' title='bbox 970 2575 1175 2618; x_wconf 79' lang='lat' dir='ltr'><strong>Impediunt,</strong></span> <span class='ocrx_word' id='word_1_418' title='bbox 1189 2572 1334 2618; x_wconf 82' lang='lat' dir='ltr'><strong>cingunt</strong></span> <span class='ocrx_word' id='word_1_419' title='bbox 1343 2598 1352 2615; x_wconf 89' lang='lat'>,</span> <span class='ocrx_word' id='word_1_420' title='bbox 1365 2578 1403 2605; x_wconf 88' lang='lat' dir='ltr'><strong>ut</strong></span> <span class='ocrx_word' id='word_1_421' title='bbox 1412 2585 1486 2617; x_wconf 90' lang='lat' dir='ltr'><strong>sup.</strong></span> <span class='ocrx_word' id='word_1_422' title='bbox 1497 2572 1534 2606; x_wconf 91' lang='grc' dir='ltr'>Π</span> <span class='ocrx_word' id='word_1_423' title='bbox 1543 2597 1553 2615; x_wconf 86' lang='grc'><strong><em>,</em></strong></span> <span class='ocrx_word' id='word_1_424' title='bbox 1571 2571 1644 2614; x_wconf 75' lang='grc'><em>433.</em></span> 
     </span>
     <span class='ocr_line' id='line_1_68' title="bbox 972 2622 1644 2665; baseline -0.006 -6"><span class='ocrx_word' id='word_1_425' title='bbox 972 2625 1115 2659; x_wconf 87' lang='lat' dir='ltr'><strong>Hedera</strong></span> <span class='ocrx_word' id='word_1_426' title='bbox 1130 2624 1277 2659; x_wconf 86' lang='lat' dir='ltr'><strong>brachiis</strong></span> <span class='ocrx_word' id='word_1_427' title='bbox 1295 2624 1379 2665; x_wconf 86' lang='lat' dir='ltr'><strong>suis,</strong></span> <span class='ocrx_word' id='word_1_428' title='bbox 1404 2624 1474 2658; x_wconf 88' lang='lat' dir='ltr'><strong>sive</strong></span> <span class='ocrx_word' id='word_1_429' title='bbox 1491 2622 1644 2657; x_wconf 83' lang='lat' dir='ltr'><strong>clavicu—</strong></span> 
     </span>
     <span class='ocr_line' id='line_1_69' title="bbox 970 2672 1640 2721; baseline -0.006 -11"><span class='ocrx_word' id='word_1_430' title='bbox 970 2676 1023 2719; x_wconf 90' lang='lat' dir='ltr'><strong>lis,</strong></span> <span class='ocrx_word' id='word_1_431' title='bbox 1037 2688 1120 2720; x_wconf 86' lang='lat' dir='ltr'><strong>quas</strong></span> <span class='ocrx_word' id='word_1_432' title='bbox 1130 2675 1295 2721; x_wconf 87' lang='lat' dir='ltr'><strong>plurimas</strong></span> <span class='ocrx_word' id='word_1_433' title='bbox 1306 2675 1398 2709; x_wconf 82' lang='lat' dir='ltr'><strong>inter</strong></span> <span class='ocrx_word' id='word_1_434' title='bbox 1409 2674 1489 2708; x_wconf 86' lang='lat' dir='ltr'><strong>solia</strong></span> <span class='ocrx_word' id='word_1_435' title='bbox 1500 2672 1640 2715; x_wconf 85' lang='lat' dir='ltr'><strong>emittit,</strong></span> 
     </span>
     <span class='ocr_line' id='line_1_70' title="bbox 972 2723 1643 2772; baseline -0.007 -10"><span class='ocrx_word' id='word_1_436' title='bbox 972 2728 1091 2762; x_wconf 91' lang='lat' dir='ltr'><strong>omnia</strong></span> <span class='ocrx_word' id='word_1_437' title='bbox 1108 2728 1317 2772; x_wconf 73' lang='lat' dir='ltr'><strong>amplectens</strong></span> <span class='ocrx_word' id='word_1_438' title='bbox 1335 2727 1424 2761; x_wconf 85' lang='lat' dir='ltr'><strong>hene</strong></span> <span class='ocrx_word' id='word_1_439' title='bbox 1440 2737 1565 2769; x_wconf 70' lang='lat' dir='ltr'><strong>serpere</strong></span> <span class='ocrx_word' id='word_1_440' title='bbox 1583 2723 1643 2758; x_wconf 92' lang='lat' dir='ltr'><strong>di-</strong></span> 
     </span>
    </p>
   </div>
  </div>
 </body>
</html>
