<?xml version="1.0" encoding="UTF-8"?>
<!DOCTYPE html PUBLIC "-//W3C//DTD XHTML 1.0 Transitional//EN"
    "http://www.w3.org/TR/xhtml1/DTD/xhtml1-transitional.dtd">
<html xmlns="http://www.w3.org/1999/xhtml" xml:lang="en" lang="en">
 <head>
  <title>
</title>
<meta http-equiv="Content-Type" content="text/html;charset=utf-8" />
  <meta name='ocr-system' content='tesseract 3.04.00' />
  <meta name='ocr-capabilities' content='ocr_page ocr_carea ocr_par ocr_line ocrx_word'/>
</head>
<body>
  <div class='ocr_page' id='page_1' title='image "./quaeextantomniao03oviduoft_0520.png"; bbox 0 0 1832 3100; ppageno 0'>
   <div class='ocr_carea' id='block_1_1' title="bbox 289 243 376 298">
    <p class='ocr_par' dir='ltr' id='par_1_1' title="bbox 289 243 376 298">
     <span class='ocr_line' id='line_1_1' title="bbox 289 243 376 298; baseline 0 -11"><span class='ocrx_word' id='word_1_1' title='bbox 289 243 376 298; x_wconf 78' lang='lat'>488</span> 
     </span>
    </p>
   </div>
   <div class='ocr_carea' id='block_1_2' title="bbox 646 244 1330 290">
    <p class='ocr_par' dir='ltr' id='par_1_2' title="bbox 646 244 1330 290">
     <span class='ocr_line' id='line_1_2' title="bbox 646 244 1330 290; baseline 0.003 -3"><span class='ocrx_word' id='word_1_2' title='bbox 646 246 697 287; x_wconf 89' lang='lat' dir='ltr'>P.</span> <span class='ocrx_word' id='word_1_3' title='bbox 750 245 994 289; x_wconf 88' lang='lat' dir='ltr'>OVIDII</span> <span class='ocrx_word' id='word_1_4' title='bbox 1032 244 1330 290; x_wconf 88' lang='lat' dir='ltr'><strong>NASONIS</strong></span> 
     </span>
    </p>
   </div>
   <div class='ocr_carea' id='block_1_3' title="bbox 285 335 1501 619">
    <p class='ocr_par' dir='ltr' id='par_1_3' title="bbox 285 335 1501 619">
     <span class='ocr_line' id='line_1_3' title="bbox 285 335 1382 403; baseline 0.003 -20"><span class='ocrx_word' id='word_1_5' title='bbox 285 337 405 384; x_wconf 88' lang='lat' dir='ltr'>Tura</span> <span class='ocrx_word' id='word_1_6' title='bbox 426 335 682 402; x_wconf 86' lang='lat' dir='ltr'>liquefiunt,</span> <span class='ocrx_word' id='word_1_7' title='bbox 705 337 969 403; x_wconf 84' lang='lat' dir='ltr'>inductaque</span> <span class='ocrx_word' id='word_1_8' title='bbox 994 337 1203 386; x_wconf 89' lang='lat' dir='ltr'>cornibus</span> <span class='ocrx_word' id='word_1_9' title='bbox 1227 357 1382 386; x_wconf 84' lang='lat' dir='ltr'>aurum</span> 
     </span>
     <span class='ocr_line' id='line_1_4' title="bbox 288 413 1501 478; baseline 0.004 -20"><span class='ocrx_word' id='word_1_10' title='bbox 288 413 478 462; x_wconf 85' lang='lat' dir='ltr'>Victima</span> <span class='ocrx_word' id='word_1_11' title='bbox 500 426 601 463; x_wconf 85' lang='lat' dir='ltr'>vota</span> <span class='ocrx_word' id='word_1_12' title='bbox 624 414 739 463; x_wconf 88' lang='lat' dir='ltr'>cadit</span> <span class='ocrx_word' id='word_1_13' title='bbox 757 435 766 463; x_wconf 92' lang='lat'>:</span> <span class='ocrx_word' id='word_1_14' title='bbox 787 415 864 463; x_wconf 83' lang='lat' dir='ltr'>sed</span> <span class='ocrx_word' id='word_1_15' title='bbox 887 415 1013 463; x_wconf 87' lang='lat' dir='ltr'>abest</span> <span class='ocrx_word' id='word_1_16' title='bbox 1036 414 1309 478; x_wconf 85' lang='lat' dir='ltr'>gratantibus</span> <span class='ocrx_word' id='word_1_17' title='bbox 1332 416 1474 463; x_wconf 91' lang='lat' dir='ltr'>AEson</span> <span class='ocrx_word' id='word_1_18' title='bbox 1488 451 1501 472; x_wconf 87' lang='lat'>‚</span> 
     </span>
     <span class='ocr_line' id='line_1_5' title="bbox 287 490 1440 558; baseline 0 -20"><span class='ocrx_word' id='word_1_19' title='bbox 287 492 386 539; x_wconf 90' lang='lat' dir='ltr'>Jam</span> <span class='ocrx_word' id='word_1_20' title='bbox 410 491 595 558; x_wconf 84' lang='lat' dir='ltr'>propior</span> <span class='ocrx_word' id='word_1_21' title='bbox 617 490 731 550; x_wconf 89' lang='lat' dir='ltr'>leto,</span> <span class='ocrx_word' id='word_1_22' title='bbox 756 492 984 558; x_wconf 84' lang='lat' dir='ltr'>fessusque</span> <span class='ocrx_word' id='word_1_23' title='bbox 1008 491 1222 540; x_wconf 85' lang='lat' dir='ltr'>senilibus</span> <span class='ocrx_word' id='word_1_24' title='bbox 1245 492 1384 540; x_wconf 89' lang='lat' dir='ltr'>annis.</span> <span class='ocrx_word' id='word_1_25' title='bbox 1438 510 1440 512; x_wconf 73' lang='grc'><strong>’</strong></span> 
     </span>
     <span class='ocr_line' id='line_1_6' title="bbox 288 567 1379 619; baseline 0 -3"><span class='ocrx_word' id='word_1_26' title='bbox 288 570 404 617; x_wconf 92' lang='lat' dir='ltr'>Tum</span> <span class='ocrx_word' id='word_1_27' title='bbox 426 570 487 617; x_wconf 88' lang='lat' dir='ltr'>sic</span> <span class='ocrx_word' id='word_1_28' title='bbox 511 570 776 619; x_wconf 82' lang='lat' dir='ltr'>AEsonides:</span> <span class='ocrx_word' id='word_1_29' title='bbox 805 593 826 612; x_wconf 92' lang='lat'>«</span> <span class='ocrx_word' id='word_1_30' title='bbox 851 571 893 617; x_wconf 92' lang='grc' dir='ltr'>Ο</span> <span class='ocrx_word' id='word_1_31' title='bbox 917 569 987 616; x_wconf 89' lang='lat' dir='ltr'>cui</span> <span class='ocrx_word' id='word_1_32' title='bbox 1012 568 1170 617; x_wconf 86' lang='lat' dir='ltr'>debere</span> <span class='ocrx_word' id='word_1_33' title='bbox 1194 567 1379 616; x_wconf 87' lang='lat' dir='ltr'>salutem</span> 
     </span>
    </p>
   </div>
   <div class='ocr_carea' id='block_1_4' title="bbox 294 648 1700 717">
    <p class='ocr_par' dir='ltr' id='par_1_4' title="bbox 294 648 1700 717">
     <span class='ocr_line' id='line_1_7' title="bbox 294 648 1700 717; baseline -0.003 -18"><span class='ocrx_word' id='word_1_34' title='bbox 294 672 317 693; x_wconf 66' lang='grc' dir='ltr'>ν»</span> <span class='ocrx_word' id='word_1_35' title='bbox 346 651 592 710; x_wconf 85' lang='lat' dir='ltr'>Confiteor,</span> <span class='ocrx_word' id='word_1_36' title='bbox 613 652 773 716; x_wconf 86' lang='lat' dir='ltr'>conjux</span> <span class='ocrx_word' id='word_1_37' title='bbox 788 688 800 708; x_wconf 91' lang='lat'><strong><em>,</em></strong></span> <span class='ocrx_word' id='word_1_38' title='bbox 822 669 1071 717; x_wconf 84' lang='lat' dir='ltr'>quanquam</span> <span class='ocrx_word' id='word_1_39' title='bbox 1095 649 1204 697; x_wconf 85' lang='lat' dir='ltr'>mihi</span> <span class='ocrx_word' id='word_1_40' title='bbox 1225 661 1382 698; x_wconf 85' lang='lat' dir='ltr'>cuncta</span> <span class='ocrx_word' id='word_1_41' title='bbox 1402 648 1584 707; x_wconf 83' lang='lat' dir='ltr'>dedisti,</span> <span class='ocrx_word' id='word_1_42' title='bbox 1639 661 1700 696; x_wconf 85' lang='lat'>165</span> 
     </span>
    </p>
   </div>
   <div class='ocr_carea' id='block_1_5' title="bbox 289 732 1481 799">
    <p class='ocr_par' dir='ltr' id='par_1_5' title="bbox 289 732 1481 799">
     <span class='ocr_line' id='line_1_8' title="bbox 289 732 1481 799; baseline -0.002 -19"><span class='ocrx_word' id='word_1_43' title='bbox 289 755 315 775; x_wconf 77' lang='lat'>&gt;›</span> <span class='ocrx_word' id='word_1_44' title='bbox 345 734 630 799; x_wconf 86' lang='lat' dir='ltr'>Excessitque</span> <span class='ocrx_word' id='word_1_45' title='bbox 652 733 782 781; x_wconf 89' lang='lat' dir='ltr'>fidem</span> <span class='ocrx_word' id='word_1_46' title='bbox 804 732 1061 780; x_wconf 89' lang='lat' dir='ltr'>meritorum</span> <span class='ocrx_word' id='word_1_47' title='bbox 1083 750 1253 779; x_wconf 91' lang='lat' dir='ltr'>summa</span> <span class='ocrx_word' id='word_1_48' title='bbox 1277 742 1481 788; x_wconf 83' lang='lat' dir='ltr'>tuorum;</span> 
     </span>
    </p>
   </div>
   <div class='ocr_carea' id='block_1_6' title="bbox 296 811 1704 880">
    <p class='ocr_par' dir='ltr' id='par_1_6' title="bbox 296 811 1704 880">
     <span class='ocr_line' id='line_1_9' title="bbox 296 811 1704 880; baseline -0.002 -17"><span class='ocrx_word' id='word_1_49' title='bbox 296 836 318 857; x_wconf 85' lang='lat'>»</span> <span class='ocrx_word' id='word_1_50' title='bbox 346 815 392 862; x_wconf 88' lang='lat' dir='ltr'>Si</span> <span class='ocrx_word' id='word_1_51' title='bbox 414 827 556 863; x_wconf 87' lang='lat' dir='ltr'>tamen</span> <span class='ocrx_word' id='word_1_52' title='bbox 576 815 661 862; x_wconf 90' lang='lat' dir='ltr'>hoc</span> <span class='ocrx_word' id='word_1_53' title='bbox 680 825 896 880; x_wconf 85' lang='lat' dir='ltr'>possunt:</span> <span class='ocrx_word' id='word_1_54' title='bbox 919 813 1026 880; x_wconf 89' lang='lat' dir='ltr'>quid</span> <span class='ocrx_word' id='word_1_55' title='bbox 1045 813 1161 861; x_wconf 87' lang='lat' dir='ltr'>enim</span> <span class='ocrx_word' id='word_1_56' title='bbox 1176 832 1270 860; x_wconf 89' lang='lat' dir='ltr'>non</span> <span class='ocrx_word' id='word_1_57' title='bbox 1289 812 1481 861; x_wconf 86' lang='lat' dir='ltr'>carmina</span> <span class='ocrx_word' id='word_1_58' title='bbox 1496 811 1704 879; x_wconf 81' lang='lat' dir='ltr'>possint?</span> 
     </span>
    </p>
   </div>
   <div class='ocr_carea' id='block_1_7' title="bbox 291 894 1434 960">
    <p class='ocr_par' dir='ltr' id='par_1_7' title="bbox 291 894 1434 960">
     <span class='ocr_line' id='line_1_10' title="bbox 291 894 1434 960; baseline -0.003 -16"><span class='ocrx_word' id='word_1_59' title='bbox 291 917 314 938; x_wconf 86' lang='lat'>»</span> <span class='ocrx_word' id='word_1_60' title='bbox 341 897 478 945; x_wconf 85' lang='lat' dir='ltr'>Deme</span> <span class='ocrx_word' id='word_1_61' title='bbox 503 897 609 944; x_wconf 86' lang='lat' dir='ltr'>meis</span> <span class='ocrx_word' id='word_1_62' title='bbox 633 896 784 953; x_wconf 88' lang='lat' dir='ltr'>annis;</span> <span class='ocrx_word' id='word_1_63' title='bbox 809 907 852 943; x_wconf 87' lang='lat' dir='ltr'>et</span> <span class='ocrx_word' id='word_1_64' title='bbox 875 895 1046 944; x_wconf 87' lang='lat' dir='ltr'>demtos</span> <span class='ocrx_word' id='word_1_65' title='bbox 1070 894 1179 943; x_wconf 89' lang='lat' dir='ltr'>adde</span> <span class='ocrx_word' id='word_1_66' title='bbox 1202 894 1386 960; x_wconf 88' lang='lat' dir='ltr'>parenti.</span> <span class='ocrx_word' id='word_1_67' title='bbox 1412 915 1434 936; x_wconf 92' lang='lat'>»</span> 
     </span>
    </p>
   </div>
   <div class='ocr_carea' id='block_1_8' title="bbox 286 975 1464 1044">
    <p class='ocr_par' dir='ltr' id='par_1_8' title="bbox 286 975 1464 1044">
     <span class='ocr_line' id='line_1_11' title="bbox 286 975 1464 1044; baseline -0.002 -19"><span class='ocrx_word' id='word_1_68' title='bbox 286 978 378 1026; x_wconf 81' lang='lat' dir='ltr'>Nec</span> <span class='ocrx_word' id='word_1_69' title='bbox 405 978 545 1026; x_wconf 89' lang='lat' dir='ltr'>tenuit</span> <span class='ocrx_word' id='word_1_70' title='bbox 568 977 776 1044; x_wconf 82' lang='lat' dir='ltr'>lacrymas</span> <span class='ocrx_word' id='word_1_71' title='bbox 795 996 804 1025; x_wconf 92' lang='lat'>:</span> <span class='ocrx_word' id='word_1_72' title='bbox 826 989 944 1025; x_wconf 88' lang='lat' dir='ltr'>mota</span> <span class='ocrx_word' id='word_1_73' title='bbox 967 988 1034 1025; x_wconf 86' lang='lat' dir='ltr'>est</span> <span class='ocrx_word' id='word_1_74' title='bbox 1052 976 1215 1042; x_wconf 85' lang='lat' dir='ltr'>pietate</span> <span class='ocrx_word' id='word_1_75' title='bbox 1238 975 1464 1038; x_wconf 86' lang='lat' dir='ltr'>rogantis;</span> 
     </span>
    </p>
   </div>
   <div class='ocr_carea' id='block_1_9' title="bbox 288 1060 1387 1129">
    <p class='ocr_par' dir='ltr' id='par_1_9' title="bbox 288 1060 1387 1129">
     <span class='ocr_line' id='line_1_12' title="bbox 288 1060 1387 1129; baseline -0.002 -20"><span class='ocrx_word' id='word_1_76' title='bbox 288 1061 645 1129; x_wconf 87' lang='lat' dir='ltr'>Dissimilemque</span> <span class='ocrx_word' id='word_1_77' title='bbox 667 1062 860 1110; x_wconf 90' lang='lat' dir='ltr'>animum</span> <span class='ocrx_word' id='word_1_78' title='bbox 883 1061 1022 1110; x_wconf 87' lang='lat' dir='ltr'>subiit</span> <span class='ocrx_word' id='word_1_79' title='bbox 1046 1062 1174 1110; x_wconf 89' lang='lat' dir='ltr'>AEeta</span> <span class='ocrx_word' id='word_1_80' title='bbox 1195 1060 1387 1109; x_wconf 89' lang='lat' dir='ltr'>relictus.</span> 
     </span>
    </p>
   </div>
   <div class='ocr_carea' id='block_1_10' title="bbox 1646 1081 1706 1117">
    <p class='ocr_par' dir='ltr' id='par_1_10' title="bbox 1646 1081 1706 1117">
     <span class='ocr_line' id='line_1_13' title="bbox 1646 1081 1706 1117; baseline -0.033 -12"><span class='ocrx_word' id='word_1_81' title='bbox 1646 1081 1706 1117; x_wconf 73' lang='grc'>170</span> 
     </span>
    </p>
   </div>
   <div class='ocr_carea' id='block_1_11' title="bbox 287 1139 1574 1206">
    <p class='ocr_par' dir='ltr' id='par_1_11' title="bbox 287 1139 1574 1206">
     <span class='ocr_line' id='line_1_14' title="bbox 287 1139 1574 1206; baseline -0.002 -16"><span class='ocrx_word' id='word_1_82' title='bbox 287 1144 391 1190; x_wconf 80' lang='lat' dir='ltr'>Non</span> <span class='ocrx_word' id='word_1_83' title='bbox 417 1155 561 1191; x_wconf 81' lang='lat' dir='ltr'>tamen</span> <span class='ocrx_word' id='word_1_84' title='bbox 580 1143 776 1191; x_wconf 86' lang='lat' dir='ltr'>adfectus</span> <span class='ocrx_word' id='word_1_85' title='bbox 798 1142 905 1191; x_wconf 90' lang='lat' dir='ltr'>tales</span> <span class='ocrx_word' id='word_1_86' title='bbox 930 1142 1151 1200; x_wconf 83' lang='lat' dir='ltr'>confessa,</span> <span class='ocrx_word' id='word_1_87' title='bbox 1176 1164 1198 1184; x_wconf 90' lang='lat'>«</span> <span class='ocrx_word' id='word_1_88' title='bbox 1218 1141 1380 1206; x_wconf 83' lang='lat' dir='ltr'>Quod,</span> <span class='ocrx_word' id='word_1_89' title='bbox 1401 1139 1574 1206; x_wconf 88' lang='lat' dir='ltr'>inquit,</span> 
     </span>
    </p>
   </div>
   <div class='ocr_carea' id='block_1_12' title="bbox 296 1221 1622 1291">
    <p class='ocr_par' dir='ltr' id='par_1_12' title="bbox 296 1221 1622 1291">
     <span class='ocr_line' id='line_1_15' title="bbox 296 1221 1622 1291; baseline -0.003 -18"><span class='ocrx_word' id='word_1_90' title='bbox 296 1247 318 1266; x_wconf 67' lang='lat' dir='ltr'><strong>n</strong></span> <span class='ocrx_word' id='word_1_91' title='bbox 344 1225 522 1273; x_wconf 80' lang='lat' dir='ltr'>Excidit</span> <span class='ocrx_word' id='word_1_92' title='bbox 542 1244 616 1273; x_wconf 88' lang='lat' dir='ltr'>ore</span> <span class='ocrx_word' id='word_1_93' title='bbox 641 1225 718 1291; x_wconf 89' lang='lat' dir='ltr'>pio</span> <span class='ocrx_word' id='word_1_94' title='bbox 735 1263 747 1283; x_wconf 88' lang='lat'>.,</span> <span class='ocrx_word' id='word_1_95' title='bbox 774 1225 960 1290; x_wconf 85' lang='lat' dir='ltr'>conjux,</span> <span class='ocrx_word' id='word_1_96' title='bbox 982 1224 1155 1273; x_wconf 82' lang='lat' dir='ltr'>scelus?</span> <span class='ocrx_word' id='word_1_97' title='bbox 1179 1243 1284 1286; x_wconf 86' lang='lat' dir='ltr'>ergo</span> <span class='ocrx_word' id='word_1_98' title='bbox 1310 1242 1393 1286; x_wconf 84' lang='lat' dir='ltr'>ego</span> <span class='ocrx_word' id='word_1_99' title='bbox 1417 1221 1622 1288; x_wconf 88' lang='lat' dir='ltr'>cuiquam</span> 
     </span>
    </p>
   </div>
   <div class='ocr_carea' id='block_1_13' title="bbox 296 1306 1432 1374">
    <p class='ocr_par' dir='ltr' id='par_1_13' title="bbox 296 1306 1432 1374">
     <span class='ocr_line' id='line_1_16' title="bbox 296 1306 1432 1374; baseline -0.003 -18"><span class='ocrx_word' id='word_1_100' title='bbox 296 1329 318 1349; x_wconf 62' lang='grc' dir='ltr'>τ)</span> <span class='ocrx_word' id='word_1_101' title='bbox 343 1308 479 1356; x_wconf 88' lang='lat' dir='ltr'>Posse</span> <span class='ocrx_word' id='word_1_102' title='bbox 503 1320 587 1356; x_wconf 85' lang='lat' dir='ltr'>tuae</span> <span class='ocrx_word' id='word_1_103' title='bbox 608 1308 755 1356; x_wconf 88' lang='lat' dir='ltr'>videar</span> <span class='ocrx_word' id='word_1_104' title='bbox 775 1308 966 1374; x_wconf 86' lang='lat' dir='ltr'>spatium</span> <span class='ocrx_word' id='word_1_105' title='bbox 989 1307 1277 1356; x_wconf 86' lang='lat' dir='ltr'>transcribere</span> <span class='ocrx_word' id='word_1_106' title='bbox 1298 1306 1432 1354; x_wconf 82' lang='lat' dir='ltr'>vitae?</span> 
     </span>
    </p>
   </div>
   <div class='ocr_carea' id='block_1_14' title="bbox 285 1443 972 2785">
    <p class='ocr_par' dir='ltr' id='par_1_14' title="bbox 285 1443 972 2785">
     <span class='ocr_line' id='line_1_17' title="bbox 290 1443 965 1489; baseline 0.001 -10"><span class='ocrx_word' id='word_1_107' title='bbox 290 1443 499 1480; x_wconf 78' lang='lat' dir='ltr'>cenduntur.</span> <span class='ocrx_word' id='word_1_108' title='bbox 518 1446 569 1479; x_wconf 84' lang='lat' dir='ltr'>Ita</span> <span class='ocrx_word' id='word_1_109' title='bbox 586 1449 764 1489; x_wconf 76' lang='lat' dir='ltr'>liquescere</span> <span class='ocrx_word' id='word_1_110' title='bbox 781 1446 906 1480; x_wconf 80' lang='lat' dir='ltr'>Horat.</span> <span class='ocrx_word' id='word_1_111' title='bbox 925 1446 942 1480; x_wconf 95' lang='lat' dir='ltr'>I</span> <span class='ocrx_word' id='word_1_112' title='bbox 955 1471 965 1489; x_wconf 86' lang='lat'>,</span> 
     </span>
     <span class='ocr_line' id='line_1_18' title="bbox 294 1482 965 1545; baseline -0.001 -13"><span class='ocrx_word' id='word_1_113' title='bbox 294 1498 366 1532; x_wconf 83' lang='lat' dir='ltr'>Sat.</span> <span class='ocrx_word' id='word_1_114' title='bbox 390 1509 434 1541; x_wconf 88' lang='lat' dir='ltr'>v,</span> <span class='ocrx_word' id='word_1_115' title='bbox 461 1511 514 1545; x_wconf 82' lang='lat'>99.</span> <span class='ocrx_word' id='word_1_116' title='bbox 543 1482 748 1532; x_wconf 80' lang='lat' dir='ltr'>simillimus</span> <span class='ocrx_word' id='word_1_117' title='bbox 771 1505 822 1532; x_wconf 90' lang='lat' dir='ltr'>est</span> <span class='ocrx_word' id='word_1_118' title='bbox 845 1498 940 1532; x_wconf 89' lang='lat' dir='ltr'>locus</span> <span class='ocrx_word' id='word_1_119' title='bbox 955 1523 965 1541; x_wconf 92' lang='lat'>,</span> 
     </span>
     <span class='ocr_line' id='line_1_19' title="bbox 295 1549 967 1594; baseline 0.001 -12"><span class='ocrx_word' id='word_1_120' title='bbox 295 1549 406 1592; x_wconf 88' lang='lat' dir='ltr'>VIII,</span> <span class='ocrx_word' id='word_1_121' title='bbox 421 1550 482 1583; x_wconf 78' lang='lat'>265</span> <span class='ocrx_word' id='word_1_122' title='bbox 493 1563 564 1594; x_wconf 84' lang='lat' dir='ltr'>sqq.</span> <span class='ocrx_word' id='word_1_123' title='bbox 577 1564 584 1591; x_wconf 93' lang='grc'><strong>;</strong></span> <span class='ocrx_word' id='word_1_124' title='bbox 596 1562 679 1584; x_wconf 88' lang='lat' dir='ltr'>nam</span> <span class='ocrx_word' id='word_1_125' title='bbox 689 1549 734 1584; x_wconf 90' lang='lat' dir='ltr'>ibi</span> <span class='ocrx_word' id='word_1_126' title='bbox 746 1562 884 1594; x_wconf 90' lang='lat' dir='ltr'>quoque</span> <span class='ocrx_word' id='word_1_127' title='bbox 895 1549 967 1584; x_wconf 82' lang='lat' dir='ltr'>haec</span> 
     </span>
     <span class='ocr_line' id='line_1_20' title="bbox 294 1600 967 1644; baseline 0 -10"><span class='ocrx_word' id='word_1_128' title='bbox 294 1602 372 1644; x_wconf 86' lang='lat' dir='ltr'>tria,</span> <span class='ocrx_word' id='word_1_129' title='bbox 384 1601 545 1643; x_wconf 80' lang='lat' dir='ltr'>victimae,</span> <span class='ocrx_word' id='word_1_130' title='bbox 557 1601 649 1643; x_wconf 86' lang='lat' dir='ltr'>thus,</span> <span class='ocrx_word' id='word_1_131' title='bbox 662 1600 804 1635; x_wconf 85' lang='lat' dir='ltr'>donaria</span> <span class='ocrx_word' id='word_1_132' title='bbox 816 1614 967 1635; x_wconf 87' lang='lat' dir='ltr'>comme-</span> 
     </span>
     <span class='ocr_line' id='line_1_21' title="bbox 294 1651 964 1694; baseline 0 -9"><span class='ocrx_word' id='word_1_133' title='bbox 294 1659 486 1686; x_wconf 85' lang='lat' dir='ltr'>morantur.</span> <span class='ocrx_word' id='word_1_134' title='bbox 503 1651 637 1686; x_wconf 83' lang='lat' dir='ltr'>Confer</span> <span class='ocrx_word' id='word_1_135' title='bbox 654 1652 757 1686; x_wconf 80' lang='lat' dir='ltr'>etiam</span> <span class='ocrx_word' id='word_1_136' title='bbox 771 1651 918 1686; x_wconf 88' lang='lat' dir='ltr'>Heroid.</span> <span class='ocrx_word' id='word_1_137' title='bbox 931 1652 964 1694; x_wconf 86' lang='lat' dir='ltr'>I,</span> 
     </span>
     <span class='ocr_line' id='line_1_22' title="bbox 296 1704 968 1748; baseline -0.003 -10"><span class='ocrx_word' id='word_1_138' title='bbox 296 1707 336 1738; x_wconf 82' lang='lat'>25</span> <span class='ocrx_word' id='word_1_139' title='bbox 354 1718 361 1738; x_wconf 73' lang='grc' dir='ltr'>ε</span> <span class='ocrx_word' id='word_1_140' title='bbox 380 1704 537 1748; x_wconf 72' lang='lat' dir='ltr'>Argolici</span> <span class='ocrx_word' id='word_1_141' title='bbox 558 1706 680 1738; x_wconf 77' lang='lat' dir='ltr'>rediere</span> <span class='ocrx_word' id='word_1_142' title='bbox 703 1706 803 1737; x_wconf 81' lang='lat' dir='ltr'>duces</span> <span class='ocrx_word' id='word_1_143' title='bbox 819 1716 828 1737; x_wconf 91' lang='grc'>,·</span> <span class='ocrx_word' id='word_1_144' title='bbox 843 1705 968 1737; x_wconf 74' lang='lat' dir='ltr'>altaria</span> 
     </span>
     <span class='ocr_line' id='line_1_23' title="bbox 285 1755 967 1799; baseline 0 -10"><span class='ocrx_word' id='word_1_145' title='bbox 285 1755 426 1799; x_wconf 82' lang='lat' dir='ltr'>sumant</span> <span class='ocrx_word' id='word_1_146' title='bbox 436 1769 445 1788; x_wconf 89' lang='grc'>,·</span> <span class='ocrx_word' id='word_1_147' title='bbox 458 1757 598 1789; x_wconf 77' lang='lat' dir='ltr'>Ponitur</span> <span class='ocrx_word' id='word_1_148' title='bbox 610 1758 660 1789; x_wconf 82' lang='lat' dir='ltr'>ad</span> <span class='ocrx_word' id='word_1_149' title='bbox 673 1759 803 1799; x_wconf 75' lang='lat' dir='ltr'>patrios</span> <span class='ocrx_word' id='word_1_150' title='bbox 824 1758 967 1789; x_wconf 80' lang='lat' dir='ltr'>barbara</span> 
     </span>
     <span class='ocr_line' id='line_1_24' title="bbox 289 1807 969 1853; baseline -0.001 -13"><span class='ocrx_word' id='word_1_151' title='bbox 289 1810 408 1851; x_wconf 82' lang='lat' dir='ltr'>proeda</span> <span class='ocrx_word' id='word_1_152' title='bbox 424 1809 527 1840; x_wconf 85' lang='lat' dir='ltr'>Deos.</span> <span class='ocrx_word' id='word_1_153' title='bbox 555 1809 665 1842; x_wconf 80' lang='lat' dir='ltr'>Grata</span> <span class='ocrx_word' id='word_1_154' title='bbox 670 1807 790 1850; x_wconf 80' lang='lat' dir='ltr'>serunt</span> <span class='ocrx_word' id='word_1_155' title='bbox 809 1808 969 1853; x_wconf 74' lang='lat' dir='ltr'>Nympha.-</span> 
     </span>
     <span class='ocr_line' id='line_1_25' title="bbox 292 1855 970 1903; baseline -0.003 -10"><span class='ocrx_word' id='word_1_156' title='bbox 292 1855 436 1903; x_wconf 79' lang='lat' dir='ltr'>(nuploe)</span> <span class='ocrx_word' id='word_1_157' title='bbox 440 1872 502 1903; x_wconf 81' lang='lat' dir='ltr'>pro</span> <span class='ocrx_word' id='word_1_158' title='bbox 513 1861 617 1892; x_wconf 70' lang='lat' dir='ltr'>salvis</span> <span class='ocrx_word' id='word_1_159' title='bbox 628 1861 716 1893; x_wconf 85' lang='lat' dir='ltr'>dona</span> <span class='ocrx_word' id='word_1_160' title='bbox 725 1859 970 1892; x_wconf 55' lang='lat' dir='ltr'>marius—Iu-</span> 
     </span>
     <span class='ocr_line' id='line_1_26' title="bbox 295 1910 970 1956; baseline 0.001 -12"><span class='ocrx_word' id='word_1_161' title='bbox 295 1914 458 1956; x_wconf 77' lang='lat' dir='ltr'>duclaque</span> <span class='ocrx_word' id='word_1_162' title='bbox 472 1913 627 1945; x_wconf 78' lang='lat' dir='ltr'>cornibus</span> <span class='ocrx_word' id='word_1_163' title='bbox 643 1923 767 1944; x_wconf 83' lang='lat' dir='ltr'>aurum.</span> <span class='ocrx_word' id='word_1_164' title='bbox 789 1910 844 1944; x_wconf 81' lang='lat' dir='ltr'>Sic</span> <span class='ocrx_word' id='word_1_165' title='bbox 861 1911 970 1945; x_wconf 84' lang='lat' dir='ltr'>nostri</span> 
     </span>
     <span class='ocr_line' id='line_1_27' title="bbox 298 1962 969 2007; baseline -0.001 -10"><span class='ocrx_word' id='word_1_166' title='bbox 298 1963 398 2007; x_wconf 75' lang='lat' dir='ltr'>Regii</span> <span class='ocrx_word' id='word_1_167' title='bbox 421 1970 456 1997; x_wconf 82' lang='lat' dir='ltr'>et</span> <span class='ocrx_word' id='word_1_168' title='bbox 480 1962 662 2002; x_wconf 52' lang='lat' dir='ltr'>meliorem</span> <span class='ocrx_word' id='word_1_169' title='bbox 685 1962 826 2007; x_wconf 84' lang='lat' dir='ltr'>quidam</span> <span class='ocrx_word' id='word_1_170' title='bbox 842 1965 969 1996; x_wconf 81' lang='lat' dir='ltr'>indula.</span> 
     </span>
     <span class='ocr_line' id='line_1_28' title="bbox 298 2014 970 2058; baseline 0 -10"><span class='ocrx_word' id='word_1_171' title='bbox 298 2015 504 2049; x_wconf 87' lang='lat' dir='ltr'>Hostiarum</span> <span class='ocrx_word' id='word_1_172' title='bbox 524 2014 699 2058; x_wconf 72' lang='lat' dir='ltr'>majorum</span> <span class='ocrx_word' id='word_1_173' title='bbox 715 2014 751 2048; x_wconf 89' lang='lat' dir='ltr'>in</span> <span class='ocrx_word' id='word_1_174' title='bbox 769 2014 870 2049; x_wconf 78' lang='lat' dir='ltr'>sacris</span> <span class='ocrx_word' id='word_1_175' title='bbox 884 2027 970 2049; x_wconf 89' lang='lat' dir='ltr'>cor—</span> 
     </span>
     <span class='ocr_line' id='line_1_29' title="bbox 297 2066 969 2101; baseline 0 0"><span class='ocrx_word' id='word_1_176' title='bbox 297 2079 367 2101; x_wconf 85' lang='lat' dir='ltr'>nua</span> <span class='ocrx_word' id='word_1_177' title='bbox 390 2067 549 2100; x_wconf 85' lang='lat' dir='ltr'>inaurare</span> <span class='ocrx_word' id='word_1_178' title='bbox 574 2067 682 2101; x_wconf 89' lang='lat' dir='ltr'>moris</span> <span class='ocrx_word' id='word_1_179' title='bbox 701 2074 800 2101; x_wconf 88' lang='lat' dir='ltr'>erat:</span> <span class='ocrx_word' id='word_1_180' title='bbox 827 2066 969 2101; x_wconf 84' lang='lat' dir='ltr'>Confer.</span> 
     </span>
     <span class='ocr_line' id='line_1_30' title="bbox 299 2118 971 2165; baseline 0.003 -13"><span class='ocrx_word' id='word_1_181' title='bbox 299 2119 477 2161; x_wconf 85' lang='lat' dir='ltr'>Homerus</span> <span class='ocrx_word' id='word_1_182' title='bbox 489 2118 598 2165; x_wconf 88' lang='lat' dir='ltr'>Odys.</span> <span class='ocrx_word' id='word_1_183' title='bbox 608 2125 644 2162; x_wconf 86' lang='lat' dir='ltr'>r,</span> <span class='ocrx_word' id='word_1_184' title='bbox 663 2119 727 2162; x_wconf 79' lang='grc'>384</span> <span class='ocrx_word' id='word_1_185' title='bbox 739 2134 747 2160; x_wconf 94' lang='grc'>·,</span> <span class='ocrx_word' id='word_1_186' title='bbox 762 2119 971 2154; x_wconf 82' lang='lat' dir='ltr'>Bruckusius</span> 
     </span>
     <span class='ocr_line' id='line_1_31' title="bbox 297 2169 972 2213; baseline 0.001 -10"><span class='ocrx_word' id='word_1_187' title='bbox 297 2169 341 2203; x_wconf 81' lang='lat' dir='ltr'>ad</span> <span class='ocrx_word' id='word_1_188' title='bbox 358 2169 537 2203; x_wconf 78' lang='lat' dir='ltr'>Tibullum</span> <span class='ocrx_word' id='word_1_189' title='bbox 555 2170 568 2203; x_wconf 87' lang='lat' dir='ltr'>l</span> <span class='ocrx_word' id='word_1_190' title='bbox 586 2196 596 2213; x_wconf 84' lang='lat'>‚</span> <span class='ocrx_word' id='word_1_191' title='bbox 615 2172 664 2203; x_wconf 87' lang='lat'>15.</span> <span class='ocrx_word' id='word_1_192' title='bbox 676 2189 719 2195; x_wconf 90' lang='lat'>—</span> <span class='ocrx_word' id='word_1_193' title='bbox 736 2173 880 2205; x_wconf 75' lang='lat' dir='ltr'>Victima</span> <span class='ocrx_word' id='word_1_194' title='bbox 893 2175 972 2204; x_wconf 79' lang='lat' dir='ltr'>vola</span> 
     </span>
     <span class='ocr_line' id='line_1_32' title="bbox 298 2220 971 2267; baseline 0.003 -13"><span class='ocrx_word' id='word_1_195' title='bbox 298 2223 401 2255; x_wconf 68' lang='lat' dir='ltr'>cadit.</span> <span class='ocrx_word' id='word_1_196' title='bbox 414 2220 514 2266; x_wconf 83' lang='lat' dir='ltr'>Regii</span> <span class='ocrx_word' id='word_1_197' title='bbox 526 2221 636 2254; x_wconf 86' lang='lat' dir='ltr'>nostri</span> <span class='ocrx_word' id='word_1_198' title='bbox 647 2220 776 2255; x_wconf 85' lang='lat' dir='ltr'>habent</span> <span class='ocrx_word' id='word_1_199' title='bbox 787 2234 971 2267; x_wconf 84' lang='lat' dir='ltr'>perperam</span> 
     </span>
     <span class='ocr_line' id='line_1_33' title="bbox 304 2273 972 2317; baseline 0.001 -11"><span class='ocrx_word' id='word_1_200' title='bbox 304 2275 448 2306; x_wconf 73' lang='lat' dir='ltr'>Victima</span> <span class='ocrx_word' id='word_1_201' title='bbox 469 2277 550 2306; x_wconf 77' lang='lat' dir='ltr'>vola</span> <span class='ocrx_word' id='word_1_202' title='bbox 562 2273 667 2317; x_wconf 84' lang='lat' dir='ltr'><em>facil.</em></span> <span class='ocrx_word' id='word_1_203' title='bbox 689 2291 732 2299; x_wconf 89' lang='lat'>—</span> <span class='ocrx_word' id='word_1_204' title='bbox 749 2276 874 2308; x_wconf 83' lang='lat' dir='ltr'>Cadere</span> <span class='ocrx_word' id='word_1_205' title='bbox 891 2287 972 2308; x_wconf 90' lang='lat' dir='ltr'>ver-</span> 
     </span>
     <span class='ocr_line' id='line_1_34' title="bbox 296 2325 971 2371; baseline 0.003 -12"><span class='ocrx_word' id='word_1_206' title='bbox 296 2325 382 2359; x_wconf 87' lang='lat' dir='ltr'>bum</span> <span class='ocrx_word' id='word_1_207' title='bbox 394 2325 576 2371; x_wconf 87' lang='lat' dir='ltr'>proprium</span> <span class='ocrx_word' id='word_1_208' title='bbox 588 2325 630 2358; x_wconf 88' lang='lat' dir='ltr'>de</span> <span class='ocrx_word' id='word_1_209' title='bbox 643 2325 790 2360; x_wconf 88' lang='lat' dir='ltr'>victimis</span> <span class='ocrx_word' id='word_1_210' title='bbox 801 2327 971 2361; x_wconf 80' lang='lat' dir='ltr'>mactatis:</span> 
     </span>
     <span class='ocr_line' id='line_1_35' title="bbox 298 2378 969 2423; baseline 0.004 -12"><span class='ocrx_word' id='word_1_211' title='bbox 298 2379 376 2413; x_wconf 83' lang='lat' dir='ltr'>vide</span> <span class='ocrx_word' id='word_1_212' title='bbox 391 2378 578 2412; x_wconf 72' lang='lat' dir='ltr'>Heinsium</span> <span class='ocrx_word' id='word_1_213' title='bbox 589 2392 596 2419; x_wconf 93' lang='grc'><strong>;</strong></span> <span class='ocrx_word' id='word_1_214' title='bbox 609 2379 728 2412; x_wconf 78' lang='lat' dir='ltr'>confer</span> <span class='ocrx_word' id='word_1_215' title='bbox 743 2378 889 2412; x_wconf 89' lang='lat' dir='ltr'>Heroid.</span> <span class='ocrx_word' id='word_1_216' title='bbox 904 2379 969 2423; x_wconf 85' lang='lat' dir='ltr'>VI,</span> 
     </span>
     <span class='ocr_line' id='line_1_36' title="bbox 300 2428 972 2475; baseline 0.001 -12"><span class='ocrx_word' id='word_1_217' title='bbox 300 2430 340 2474; x_wconf 84' lang='lat'>73</span> <span class='ocrx_word' id='word_1_218' title='bbox 354 2428 884 2475; x_wconf 76' lang='lat' dir='ltr'>sqq..-Gralant1·busCiofanus</span> <span class='ocrx_word' id='word_1_219' title='bbox 897 2443 972 2464; x_wconf 89' lang='lat' dir='ltr'>ma—</span> 
     </span>
     <span class='ocr_line' id='line_1_37' title="bbox 296 2482 971 2528; baseline 0.001 -12"><span class='ocrx_word' id='word_1_220' title='bbox 296 2483 328 2518; x_wconf 88' lang='lat' dir='ltr'>le</span> <span class='ocrx_word' id='word_1_221' title='bbox 347 2483 509 2528; x_wconf 82' lang='lat' dir='ltr'>explicat,</span> <span class='ocrx_word' id='word_1_222' title='bbox 528 2482 648 2517; x_wconf 86' lang='lat' dir='ltr'>Jasoni</span> <span class='ocrx_word' id='word_1_223' title='bbox 664 2482 798 2517; x_wconf 85' lang='lat' dir='ltr'>felicem</span> <span class='ocrx_word' id='word_1_224' title='bbox 818 2482 971 2517; x_wconf 79' lang='lat' dir='ltr'>reditum</span> 
     </span>
     <span class='ocr_line' id='line_1_38' title="bbox 298 2535 971 2580; baseline 0.001 -12"><span class='ocrx_word' id='word_1_225' title='bbox 298 2535 556 2580; x_wconf 83' lang='lat' dir='ltr'>gratulantibus.</span> <span class='ocrx_word' id='word_1_226' title='bbox 588 2538 732 2570; x_wconf 80' lang='lat' dir='ltr'>Gralurt&#39;</span> <span class='ocrx_word' id='word_1_227' title='bbox 752 2549 848 2570; x_wconf 87' lang='lat' dir='ltr'>nunc</span> <span class='ocrx_word' id='word_1_228' title='bbox 863 2562 871 2578; x_wconf 94' lang='lat'><em>‚</em></span> <span class='ocrx_word' id='word_1_229' title='bbox 896 2535 971 2570; x_wconf 85' lang='lat' dir='ltr'>Diis</span> 
     </span>
     <span class='ocr_line' id='line_1_39' title="bbox 297 2587 971 2633; baseline 0.001 -13"><span class='ocrx_word' id='word_1_230' title='bbox 297 2588 421 2632; x_wconf 75' lang='lat' dir='ltr'>gratias</span> <span class='ocrx_word' id='word_1_231' title='bbox 439 2600 537 2633; x_wconf 85' lang='lat' dir='ltr'>agere</span> <span class='ocrx_word' id='word_1_232' title='bbox 557 2600 619 2632; x_wconf 91' lang='lat' dir='ltr'>pro</span> <span class='ocrx_word' id='word_1_233' title='bbox 635 2588 723 2622; x_wconf 78' lang='lat' dir='ltr'>felici</span> <span class='ocrx_word' id='word_1_234' title='bbox 742 2587 867 2621; x_wconf 82' lang='lat' dir='ltr'>reditu.</span> <span class='ocrx_word' id='word_1_235' title='bbox 883 2587 971 2622; x_wconf 87' lang='lat' dir='ltr'>Inde</span> 
     </span>
     <span class='ocr_line' id='line_1_40' title="bbox 292 2638 970 2682; baseline 0 -11"><span class='ocrx_word' id='word_1_236' title='bbox 292 2641 535 2682; x_wconf 75' lang='lat' dir='ltr'>gratulationes</span> <span class='ocrx_word' id='word_1_237' title='bbox 546 2667 554 2680; x_wconf 87' lang='lat'>,</span> <span class='ocrx_word' id='word_1_238' title='bbox 572 2639 643 2673; x_wconf 86' lang='lat' dir='ltr'>dies</span> <span class='ocrx_word' id='word_1_239' title='bbox 658 2639 733 2673; x_wconf 85' lang='lat' dir='ltr'>sesti</span> <span class='ocrx_word' id='word_1_240' title='bbox 747 2665 756 2682; x_wconf 92' lang='lat'>,</span> <span class='ocrx_word' id='word_1_241' title='bbox 770 2638 812 2673; x_wconf 87' lang='lat' dir='ltr'>de</span> <span class='ocrx_word' id='word_1_242' title='bbox 828 2651 864 2672; x_wconf 89' lang='lat' dir='ltr'>re</span> <span class='ocrx_word' id='word_1_243' title='bbox 883 2638 970 2673; x_wconf 84' lang='lat' dir='ltr'>laeta.</span> 
     </span>
     <span class='ocr_line' id='line_1_41' title="bbox 297 2690 885 2733; baseline 0 -10"><span class='ocrx_word' id='word_1_244' title='bbox 297 2691 470 2723; x_wconf 82' lang='lat' dir='ltr'>—Fessus</span> <span class='ocrx_word' id='word_1_245' title='bbox 483 2717 490 2731; x_wconf 84' lang='lat'><strong><em>‚</em></strong></span> <span class='ocrx_word' id='word_1_246' title='bbox 511 2691 639 2724; x_wconf 78' lang='lat' dir='ltr'>fractus</span> <span class='ocrx_word' id='word_1_247' title='bbox 651 2717 659 2733; x_wconf 93' lang='lat'>,</span> <span class='ocrx_word' id='word_1_248' title='bbox 679 2690 885 2725; x_wconf 82' lang='lat' dir='ltr'>debilitatus.</span> 
     </span>
     <span class='ocr_line' id='line_1_42' title="bbox 343 2742 970 2785; baseline -0.002 -9"><span class='ocrx_word' id='word_1_249' title='bbox 343 2742 412 2776; x_wconf 79' lang='lat'>168.</span> <span class='ocrx_word' id='word_1_250' title='bbox 436 2743 541 2775; x_wconf 68' lang='lat' dir='ltr'>Deme</span> <span class='ocrx_word' id='word_1_251' title='bbox 555 2745 636 2776; x_wconf 75' lang='lat' dir='ltr'>meis</span> <span class='ocrx_word' id='word_1_252' title='bbox 651 2746 803 2776; x_wconf 79' lang='lat' dir='ltr'>artm&#39;s.....</span> <span class='ocrx_word' id='word_1_253' title='bbox 816 2745 970 2785; x_wconf 75' lang='lat' dir='ltr'>parenti,-</span> 
     </span>
    </p>
   </div>
   <div class='ocr_carea' id='block_1_15' title="bbox 1025 1429 1736 2576">
    <p class='ocr_par' dir='ltr' id='par_1_15' title="bbox 1029 1429 1705 1593">
     <span class='ocr_line' id='line_1_43' title="bbox 1032 1429 1705 1490; baseline -0.007 -11"><span class='ocrx_word' id='word_1_254' title='bbox 1032 1443 1174 1490; x_wconf 86' lang='lat' dir='ltr'>quidam</span> <span class='ocrx_word' id='word_1_255' title='bbox 1186 1470 1196 1487; x_wconf 84' lang='lat'>,</span> <span class='ocrx_word' id='word_1_256' title='bbox 1213 1455 1303 1477; x_wconf 81' lang='lat' dir='ltr'>meos</span> <span class='ocrx_word' id='word_1_257' title='bbox 1317 1454 1446 1482; x_wconf 73' lang='lat' dir='ltr'>annos:</span> <span class='ocrx_word' id='word_1_258' title='bbox 1469 1440 1564 1476; x_wconf 77' lang='lat' dir='ltr'>unde</span> <span class='ocrx_word' id='word_1_259' title='bbox 1581 1429 1705 1475; x_wconf 85' lang='lat' dir='ltr'>Hein—</span> 
     </span>
     <span class='ocr_line' id='line_1_44' title="bbox 1029 1495 1702 1540; baseline -0.009 -9"><span class='ocrx_word' id='word_1_260' title='bbox 1029 1497 1098 1531; x_wconf 90' lang='lat' dir='ltr'>sius</span> <span class='ocrx_word' id='word_1_261' title='bbox 1114 1496 1262 1540; x_wconf 74' lang='lat' dir='ltr'>coniecit</span> <span class='ocrx_word' id='word_1_262' title='bbox 1279 1498 1360 1530; x_wconf 57' lang='lat' dir='ltr'>metir</span> <span class='ocrx_word' id='word_1_263' title='bbox 1383 1495 1702 1537; x_wconf 80' lang='lat' dir='ltr'>annos....palem1&#39;s.</span> 
     </span>
     <span class='ocr_line' id='line_1_45' title="bbox 1035 1546 1532 1593; baseline -0.008 -11"><span class='ocrx_word' id='word_1_264' title='bbox 1035 1547 1136 1593; x_wconf 82' lang='lat' dir='ltr'>Regii</span> <span class='ocrx_word' id='word_1_265' title='bbox 1153 1546 1264 1581; x_wconf 88' lang='lat' dir='ltr'>nostri</span> <span class='ocrx_word' id='word_1_266' title='bbox 1279 1546 1366 1580; x_wconf 87' lang='lat' dir='ltr'>nihil</span> <span class='ocrx_word' id='word_1_267' title='bbox 1382 1551 1532 1580; x_wconf 86' lang='lat' dir='ltr'>mutant.</span> 
     </span>
    </p>

    <p class='ocr_par' dir='ltr' id='par_1_16' title="bbox 1028 1600 1712 2111">
     <span class='ocr_line' id='line_1_46' title="bbox 1078 1600 1708 1644; baseline -0.005 -12"><span class='ocrx_word' id='word_1_268' title='bbox 1078 1612 1090 1632; x_wconf 86' lang='lat'>1</span> <span class='ocrx_word' id='word_1_269' title='bbox 1098 1611 1149 1644; x_wconf 91' lang='lat'>7⁰·</span> <span class='ocrx_word' id='word_1_270' title='bbox 1171 1600 1444 1642; x_wconf 72' lang='lat' dir='ltr'>Dissimilcmque</span> <span class='ocrx_word' id='word_1_271' title='bbox 1456 1600 1602 1632; x_wconf 82' lang='lat' dir='ltr'>animum</span> <span class='ocrx_word' id='word_1_272' title='bbox 1614 1607 1626 1639; x_wconf 80' lang='lat'>‚-</span> <span class='ocrx_word' id='word_1_273' title='bbox 1642 1607 1708 1629; x_wconf 86' lang='lat' dir='ltr'>re-</span> 
     </span>
     <span class='ocr_line' id='line_1_47' title="bbox 1032 1647 1706 1694; baseline -0.004 -11"><span class='ocrx_word' id='word_1_274' title='bbox 1032 1650 1095 1683; x_wconf 87' lang='lat' dir='ltr'>diit</span> <span class='ocrx_word' id='word_1_275' title='bbox 1111 1649 1249 1694; x_wconf 86' lang='lat' dir='ltr'>Medeae</span> <span class='ocrx_word' id='word_1_276' title='bbox 1259 1650 1295 1683; x_wconf 87' lang='lat' dir='ltr'>in</span> <span class='ocrx_word' id='word_1_277' title='bbox 1306 1654 1451 1684; x_wconf 75' lang='lat' dir='ltr'>animum</span> <span class='ocrx_word' id='word_1_278' title='bbox 1462 1676 1471 1688; x_wconf 87' lang='lat'>‚</span> <span class='ocrx_word' id='word_1_279' title='bbox 1487 1648 1625 1683; x_wconf 86' lang='lat' dir='ltr'>Jasonis</span> <span class='ocrx_word' id='word_1_280' title='bbox 1639 1647 1706 1692; x_wconf 88' lang='lat' dir='ltr'>pie-</span> 
     </span>
     <span class='ocr_line' id='line_1_48' title="bbox 1031 1701 1706 1745; baseline -0.003 -11"><span class='ocrx_word' id='word_1_281' title='bbox 1031 1701 1094 1735; x_wconf 86' lang='lat' dir='ltr'>tati</span> <span class='ocrx_word' id='word_1_282' title='bbox 1110 1703 1303 1735; x_wconf 58' lang='lat' dir='ltr'>dissimilem</span> <span class='ocrx_word' id='word_1_283' title='bbox 1315 1727 1324 1742; x_wconf 88' lang='lat'><strong>,</strong></span> <span class='ocrx_word' id='word_1_284' title='bbox 1349 1701 1468 1735; x_wconf 88' lang='lat' dir='ltr'>AEetes</span> <span class='ocrx_word' id='word_1_285' title='bbox 1484 1707 1582 1745; x_wconf 85' lang='lat' dir='ltr'>pater</span> <span class='ocrx_word' id='word_1_286' title='bbox 1593 1725 1604 1742; x_wconf 92' lang='lat'>‚</span> <span class='ocrx_word' id='word_1_287' title='bbox 1625 1711 1706 1742; x_wconf 81' lang='lat' dir='ltr'>erga</span> 
     </span>
     <span class='ocr_line' id='line_1_49' title="bbox 1033 1750 1706 1799; baseline -0.004 -12"><span class='ocrx_word' id='word_1_288' title='bbox 1033 1767 1138 1799; x_wconf 87' lang='lat' dir='ltr'>quem</span> <span class='ocrx_word' id='word_1_289' title='bbox 1147 1756 1294 1788; x_wconf 76' lang='lat' dir='ltr'>relictum</span> <span class='ocrx_word' id='word_1_290' title='bbox 1303 1753 1382 1788; x_wconf 88' lang='lat' dir='ltr'>satis</span> <span class='ocrx_word' id='word_1_291' title='bbox 1390 1752 1496 1797; x_wconf 81' lang='lat' dir='ltr'>impia</span> <span class='ocrx_word' id='word_1_292' title='bbox 1509 1753 1634 1786; x_wconf 86' lang='lat' dir='ltr'>suerat.</span> <span class='ocrx_word' id='word_1_293' title='bbox 1646 1750 1706 1785; x_wconf 82' lang='lat' dir='ltr'>Sic</span> 
     </span>
     <span class='ocr_line' id='line_1_50' title="bbox 1032 1802 1706 1850; baseline -0.004 -11"><span class='ocrx_word' id='word_1_294' title='bbox 1032 1805 1150 1840; x_wconf 87' lang='lat' dir='ltr'>omnia</span> <span class='ocrx_word' id='word_1_295' title='bbox 1176 1805 1277 1850; x_wconf 89' lang='lat' dir='ltr'>plana</span> <span class='ocrx_word' id='word_1_296' title='bbox 1289 1819 1297 1846; x_wconf 90' lang='lat'>;</span> <span class='ocrx_word' id='word_1_297' title='bbox 1325 1817 1391 1839; x_wconf 86' lang='lat' dir='ltr'>nec</span> <span class='ocrx_word' id='word_1_298' title='bbox 1410 1810 1484 1838; x_wconf 88' lang='lat' dir='ltr'>erat</span> <span class='ocrx_word' id='word_1_299' title='bbox 1495 1829 1505 1846; x_wconf 89' lang='lat'>‚</span> <span class='ocrx_word' id='word_1_300' title='bbox 1529 1815 1591 1838; x_wconf 88' lang='lat' dir='ltr'>cur</span> <span class='ocrx_word' id='word_1_301' title='bbox 1604 1802 1706 1836; x_wconf 88' lang='lat' dir='ltr'>Bur-</span> 
     </span>
     <span class='ocr_line' id='line_1_51' title="bbox 1033 1854 1708 1901; baseline -0.004 -10"><span class='ocrx_word' id='word_1_302' title='bbox 1033 1870 1184 1891; x_wconf 86' lang='lat' dir='ltr'>mannus</span> <span class='ocrx_word' id='word_1_303' title='bbox 1199 1856 1361 1891; x_wconf 87' lang='lat' dir='ltr'>suaderet</span> <span class='ocrx_word' id='word_1_304' title='bbox 1377 1855 1548 1901; x_wconf 77' lang='lat' dir='ltr'>dt&#39;fficilem</span> <span class='ocrx_word' id='word_1_305' title='bbox 1559 1882 1567 1895; x_wconf 88' lang='lat'><strong>‚</strong></span> <span class='ocrx_word' id='word_1_306' title='bbox 1585 1854 1622 1889; x_wconf 87' lang='lat' dir='ltr'>id</span> <span class='ocrx_word' id='word_1_307' title='bbox 1636 1860 1688 1889; x_wconf 81' lang='lat' dir='ltr'>est</span> <span class='ocrx_word' id='word_1_308' title='bbox 1697 1879 1708 1897; x_wconf 80' lang='grc'><em>,</em></span> 
     </span>
     <span class='ocr_line' id='line_1_52' title="bbox 1035 1908 1706 1952; baseline -0.004 -8"><span class='ocrx_word' id='word_1_309' title='bbox 1035 1909 1176 1952; x_wconf 89' lang='lat' dir='ltr'>durum,</span> <span class='ocrx_word' id='word_1_310' title='bbox 1190 1908 1706 1942; x_wconf 70' lang='lat' dir='ltr'>inexorabilem.—-Subii11Eela</span> 
     </span>
     <span class='ocr_line' id='line_1_53' title="bbox 1033 1958 1712 2006; baseline -0.004 -11"><span class='ocrx_word' id='word_1_311' title='bbox 1033 1964 1178 1997; x_wconf 80' lang='lat' dir='ltr'>reliclus.</span> <span class='ocrx_word' id='word_1_312' title='bbox 1191 1960 1291 2006; x_wconf 84' lang='lat' dir='ltr'>Regii</span> <span class='ocrx_word' id='word_1_313' title='bbox 1302 1960 1411 1994; x_wconf 87' lang='lat' dir='ltr'>nostri</span> <span class='ocrx_word' id='word_1_314' title='bbox 1424 1958 1572 1994; x_wconf 86' lang='lat' dir='ltr'>Codices</span> <span class='ocrx_word' id='word_1_315' title='bbox 1580 1985 1590 2003; x_wconf 87' lang='lat'>,</span> <span class='ocrx_word' id='word_1_316' title='bbox 1606 1961 1712 1993; x_wconf 79' lang='lat' dir='ltr'>subiit</span> 
     </span>
     <span class='ocr_line' id='line_1_54' title="bbox 1028 2013 1706 2058; baseline -0.004 -9"><span class='ocrx_word' id='word_1_317' title='bbox 1028 2016 1203 2058; x_wconf 78' lang='lat' dir='ltr'>paterEta</span> <span class='ocrx_word' id='word_1_318' title='bbox 1214 2017 1348 2048; x_wconf 82' lang='lat' dir='ltr'>relictus</span> <span class='ocrx_word' id='word_1_319' title='bbox 1358 2026 1368 2047; x_wconf 87' lang='lat'><em>:</em></span> <span class='ocrx_word' id='word_1_320' title='bbox 1383 2013 1508 2048; x_wconf 85' lang='lat' dir='ltr'>rectius</span> <span class='ocrx_word' id='word_1_321' title='bbox 1518 2019 1611 2048; x_wconf 81' lang='lat' dir='ltr'>certe</span> <span class='ocrx_word' id='word_1_322' title='bbox 1618 2013 1706 2054; x_wconf 74' lang='lat' dir='ltr'>Ele,</span> 
     </span>
     <span class='ocr_line' id='line_1_55' title="bbox 1034 2064 1686 2111; baseline -0.006 -9"><span class='ocrx_word' id='word_1_323' title='bbox 1034 2067 1103 2102; x_wconf 87' lang='lat' dir='ltr'>sive</span> <span class='ocrx_word' id='word_1_324' title='bbox 1117 2068 1213 2106; x_wconf 85' lang='lat' dir='ltr'><em>AEla,</em></span> <span class='ocrx_word' id='word_1_325' title='bbox 1232 2078 1294 2111; x_wconf 88' lang='lat' dir='ltr'>per</span> <span class='ocrx_word' id='word_1_326' title='bbox 1310 2064 1598 2100; x_wconf 85' lang='lat' dir='ltr'>contractionem.</span> <span class='ocrx_word' id='word_1_327' title='bbox 1619 2065 1686 2098; x_wconf 83' lang='lat' dir='ltr'>Ed.</span> 
     </span>
    </p>

    <p class='ocr_par' dir='ltr' id='par_1_17' title="bbox 1025 2115 1736 2576">
     <span class='ocr_line' id='line_1_56' title="bbox 1082 2115 1709 2164; baseline -0.003 -12"><span class='ocrx_word' id='word_1_328' title='bbox 1082 2132 1137 2164; x_wconf 88' lang='lat'>171</span> <span class='ocrx_word' id='word_1_329' title='bbox 1145 2146 1153 2153; x_wconf 89' lang='lat'>.</span> <span class='ocrx_word' id='word_1_330' title='bbox 1171 2119 1271 2151; x_wconf 80' lang='lat' dir='ltr'>Tales</span> <span class='ocrx_word' id='word_1_331' title='bbox 1280 2117 1436 2162; x_wconf 77' lang='lat' dir='ltr'>adfectus</span> <span class='ocrx_word' id='word_1_332' title='bbox 1444 2144 1452 2158; x_wconf 84' lang='lat'>‚</span> <span class='ocrx_word' id='word_1_333' title='bbox 1469 2116 1627 2152; x_wconf 86' lang='lat' dir='ltr'>animum</span> <span class='ocrx_word' id='word_1_334' title='bbox 1638 2115 1709 2162; x_wconf 83' lang='lat' dir='ltr'>pie·</span> 
     </span>
     <span class='ocr_line' id='line_1_57' title="bbox 1035 2169 1707 2212; baseline -0.001 -8"><span class='ocrx_word' id='word_1_335' title='bbox 1035 2176 1104 2204; x_wconf 84' lang='lat' dir='ltr'>tate</span> <span class='ocrx_word' id='word_1_336' title='bbox 1121 2169 1259 2203; x_wconf 88' lang='lat' dir='ltr'>Jasonis</span> <span class='ocrx_word' id='word_1_337' title='bbox 1275 2176 1491 2203; x_wconf 85' lang='lat' dir='ltr'>commotum</span> <span class='ocrx_word' id='word_1_338' title='bbox 1503 2194 1513 2212; x_wconf 91' lang='lat'>‚</span> <span class='ocrx_word' id='word_1_339' title='bbox 1530 2180 1603 2202; x_wconf 92' lang='lat' dir='ltr'>non</span> <span class='ocrx_word' id='word_1_340' title='bbox 1617 2181 1707 2204; x_wconf 81' lang='lat' dir='ltr'>con-</span> 
     </span>
     <span class='ocr_line' id='line_1_58' title="bbox 1025 2221 1706 2267; baseline 0 -12"><span class='ocrx_word' id='word_1_341' title='bbox 1025 2221 1137 2265; x_wconf 83' lang='lat' dir='ltr'>sessa,</span> <span class='ocrx_word' id='word_1_342' title='bbox 1147 2235 1214 2256; x_wconf 86' lang='lat' dir='ltr'>nec</span> <span class='ocrx_word' id='word_1_343' title='bbox 1221 2221 1318 2256; x_wconf 86' lang='lat' dir='ltr'>vultu</span> <span class='ocrx_word' id='word_1_344' title='bbox 1326 2221 1492 2267; x_wconf 83' lang='lat' dir='ltr'>prodidit,</span> <span class='ocrx_word' id='word_1_345' title='bbox 1502 2234 1567 2256; x_wconf 87' lang='lat' dir='ltr'>nec</span> <span class='ocrx_word' id='word_1_346' title='bbox 1574 2221 1686 2256; x_wconf 85' lang='lat' dir='ltr'>verbis</span> <span class='ocrx_word' id='word_1_347' title='bbox 1695 2247 1706 2264; x_wconf 79' lang='lat'>,</span> 
     </span>
     <span class='ocr_line' id='line_1_59' title="bbox 1034 2272 1706 2318; baseline 0 -12"><span class='ocrx_word' id='word_1_348' title='bbox 1034 2272 1094 2306; x_wconf 89' lang='lat' dir='ltr'>sed</span> <span class='ocrx_word' id='word_1_349' title='bbox 1110 2273 1223 2318; x_wconf 87' lang='lat' dir='ltr'>potius</span> <span class='ocrx_word' id='word_1_350' title='bbox 1240 2272 1435 2318; x_wconf 80' lang='lat' dir='ltr'>objurgavit</span> <span class='ocrx_word' id='word_1_351' title='bbox 1444 2272 1623 2307; x_wconf 86' lang='lat' dir='ltr'>Jasonem.</span> <span class='ocrx_word' id='word_1_352' title='bbox 1636 2273 1706 2308; x_wconf 81' lang='lat' dir='ltr'>Ita-</span> 
     </span>
     <span class='ocr_line' id='line_1_60' title="bbox 1036 2325 1736 2372; baseline 0 -12"><span class='ocrx_word' id='word_1_353' title='bbox 1036 2339 1102 2370; x_wconf 89' lang='lat' dir='ltr'>que</span> <span class='ocrx_word' id='word_1_354' title='bbox 1114 2338 1187 2360; x_wconf 90' lang='lat' dir='ltr'>non</span> <span class='ocrx_word' id='word_1_355' title='bbox 1199 2339 1408 2372; x_wconf 85' lang='lat' dir='ltr'>magnopere</span> <span class='ocrx_word' id='word_1_356' title='bbox 1418 2325 1503 2360; x_wconf 85' lang='lat' dir='ltr'>mihi</span> <span class='ocrx_word' id='word_1_357' title='bbox 1515 2325 1623 2371; x_wconf 83' lang='lat' dir='ltr'>placet</span> <span class='ocrx_word' id='word_1_358' title='bbox 1628 2328 1688 2369; x_wconf 76' lang='lat' dir='ltr'>pio</span> <span class='ocrx_word' id='word_1_359' title='bbox 1696 2352 1705 2366; x_wconf 91' lang='lat'><strong><em>‚</em></strong></span> <span class='ocrx_word' id='word_1_360' title='bbox 1729 2346 1736 2354; x_wconf 61' lang='grc' dir='ltr'>ν</span> 
     </span>
     <span class='ocr_line' id='line_1_61' title="bbox 1036 2377 1709 2423; baseline 0 -12"><span class='ocrx_word' id='word_1_361' title='bbox 1036 2377 1130 2422; x_wconf 87' lang='lat' dir='ltr'>quod</span> <span class='ocrx_word' id='word_1_362' title='bbox 1142 2391 1205 2423; x_wconf 88' lang='lat' dir='ltr'>pro</span> <span class='ocrx_word' id='word_1_363' title='bbox 1216 2383 1272 2412; x_wconf 85' lang='lat' dir='ltr'>luo</span> <span class='ocrx_word' id='word_1_364' title='bbox 1281 2391 1321 2412; x_wconf 89' lang='lat' dir='ltr'>ex</span> <span class='ocrx_word' id='word_1_365' title='bbox 1329 2377 1559 2422; x_wconf 81' lang='lat' dir='ltr'>Neapolitano</span> <span class='ocrx_word' id='word_1_366' title='bbox 1569 2403 1579 2420; x_wconf 93' lang='lat'>‚</span> <span class='ocrx_word' id='word_1_367' title='bbox 1598 2377 1709 2412; x_wconf 84' lang='lat' dir='ltr'>Urbi-</span> 
     </span>
     <span class='ocr_line' id='line_1_62' title="bbox 1035 2429 1708 2475; baseline 0 -13"><span class='ocrx_word' id='word_1_368' title='bbox 1035 2436 1116 2463; x_wconf 89' lang='lat' dir='ltr'>nate</span> <span class='ocrx_word' id='word_1_369' title='bbox 1127 2455 1137 2472; x_wconf 86' lang='lat'>,</span> <span class='ocrx_word' id='word_1_370' title='bbox 1157 2429 1443 2475; x_wconf 77' lang='lat' dir='ltr'>Berneggeriano</span> <span class='ocrx_word' id='word_1_371' title='bbox 1455 2455 1464 2472; x_wconf 94' lang='lat'>‚</span> <span class='ocrx_word' id='word_1_372' title='bbox 1483 2436 1519 2463; x_wconf 89' lang='lat' dir='ltr'>et</span> <span class='ocrx_word' id='word_1_373' title='bbox 1533 2429 1604 2463; x_wconf 84' lang='lat' dir='ltr'>aliis</span> <span class='ocrx_word' id='word_1_374' title='bbox 1623 2429 1708 2473; x_wconf 89' lang='lat' dir='ltr'>qui-</span> 
     </span>
     <span class='ocr_line' id='line_1_63' title="bbox 1035 2478 1708 2528; baseline -0.003 -14"><span class='ocrx_word' id='word_1_375' title='bbox 1035 2480 1182 2514; x_wconf 90' lang='lat' dir='ltr'>busdam</span> <span class='ocrx_word' id='word_1_376' title='bbox 1203 2479 1337 2528; x_wconf 84' lang='lat' dir='ltr'>induxit</span> <span class='ocrx_word' id='word_1_377' title='bbox 1354 2480 1531 2514; x_wconf 86' lang='lat' dir='ltr'>Heinsius.</span> <span class='ocrx_word' id='word_1_378' title='bbox 1547 2498 1590 2505; x_wconf 90' lang='lat'>-</span> <span class='ocrx_word' id='word_1_379' title='bbox 1607 2478 1708 2524; x_wconf 78' lang='lat' dir='ltr'>Regii</span> 
     </span>
     <span class='ocr_line' id='line_1_64' title="bbox 1036 2530 1708 2576; baseline -0.003 -10"><span class='ocrx_word' id='word_1_380' title='bbox 1036 2532 1145 2566; x_wconf 86' lang='lat' dir='ltr'>nostri</span> <span class='ocrx_word' id='word_1_381' title='bbox 1168 2531 1298 2565; x_wconf 88' lang='lat' dir='ltr'>habent</span> <span class='ocrx_word' id='word_1_382' title='bbox 1321 2530 1374 2564; x_wconf 72' lang='lat' dir='ltr'>or&#39;e</span> <span class='ocrx_word' id='word_1_383' title='bbox 1394 2534 1469 2573; x_wconf 83' lang='lat' dir='ltr'>tuo‚·</span> <span class='ocrx_word' id='word_1_384' title='bbox 1497 2538 1532 2566; x_wconf 86' lang='lat' dir='ltr'>et</span> <span class='ocrx_word' id='word_1_385' title='bbox 1552 2530 1708 2576; x_wconf 87' lang='lat' dir='ltr'>opinioni</span> 
     </span>
    </p>
   </div>
   <div class='ocr_carea' id='block_1_16' title="bbox 1035 2582 1761 2627">
    <p class='ocr_par' dir='ltr' id='par_1_18' title="bbox 1035 2582 1761 2627">
     <span class='ocr_line' id='line_1_65' title="bbox 1035 2582 1761 2627; baseline -0.003 -9"><span class='ocrx_word' id='word_1_386' title='bbox 1035 2583 1075 2618; x_wconf 88' lang='lat' dir='ltr'>cl.</span> <span class='ocrx_word' id='word_1_387' title='bbox 1089 2585 1206 2627; x_wconf 68' lang='lat' dir='ltr'>Gierig</span> <span class='ocrx_word' id='word_1_388' title='bbox 1213 2583 1308 2617; x_wconf 83' lang='lat' dir='ltr'>facile</span> <span class='ocrx_word' id='word_1_389' title='bbox 1319 2582 1488 2618; x_wconf 77' lang='lat' dir='ltr'>adhaereo.</span> <span class='ocrx_word' id='word_1_390' title='bbox 1508 2584 1708 2626; x_wconf 65' lang='lat' dir='ltr'>Ed.—Ergo</span> <span class='ocrx_word' id='word_1_391' title='bbox 1759 2611 1761 2617; x_wconf 35' lang='lat' dir='ltr'><strong><em>s</em></strong></span> 
     </span>
    </p>
   </div>
   <div class='ocr_carea' id='block_1_17' title="bbox 1035 2635 1707 2776">
    <p class='ocr_par' dir='ltr' id='par_1_19' title="bbox 1035 2635 1707 2776">
     <span class='ocr_line' id='line_1_66' title="bbox 1035 2635 1707 2681; baseline 0 -11"><span class='ocrx_word' id='word_1_392' title='bbox 1035 2649 1116 2671; x_wconf 90' lang='lat' dir='ltr'>cum</span> <span class='ocrx_word' id='word_1_393' title='bbox 1146 2635 1385 2681; x_wconf 87' lang='lat' dir='ltr'>indignatione</span> <span class='ocrx_word' id='word_1_394' title='bbox 1413 2635 1644 2670; x_wconf 81' lang='lat' dir='ltr'>efferendum.</span> <span class='ocrx_word' id='word_1_395' title='bbox 1664 2654 1707 2661; x_wconf 94' lang='lat'><strong>—</strong></span> 
     </span>
     <span class='ocr_line' id='line_1_67' title="bbox 1036 2690 1706 2731; baseline -0.004 -9"><span class='ocrx_word' id='word_1_396' title='bbox 1036 2690 1185 2731; x_wconf 75' lang='lat' dir='ltr'>Spatium</span> <span class='ocrx_word' id='word_1_397' title='bbox 1194 2691 1407 2722; x_wconf 77' lang='lat' dir='ltr'>transcribere</span> <span class='ocrx_word' id='word_1_398' title='bbox 1415 2691 1501 2726; x_wconf 69' lang='grc' dir='ltr'>υίίω,</span> <span class='ocrx_word' id='word_1_399' title='bbox 1517 2699 1706 2722; x_wconf 87' lang='lat' dir='ltr'>numerum</span> 
     </span>
     <span class='ocr_line' id='line_1_68' title="bbox 1037 2738 1706 2776; baseline -0.004 -1"><span class='ocrx_word' id='word_1_400' title='bbox 1037 2753 1211 2776; x_wconf 83' lang='lat' dir='ltr'>annorum</span> <span class='ocrx_word' id='word_1_401' title='bbox 1220 2748 1361 2776; x_wconf 87' lang='lat' dir='ltr'>tuorum</span> <span class='ocrx_word' id='word_1_402' title='bbox 1370 2741 1429 2776; x_wconf 84' lang='lat' dir='ltr'>tibi</span> <span class='ocrx_word' id='word_1_403' title='bbox 1440 2740 1598 2776; x_wconf 82' lang='lat' dir='ltr'>demtum</span> <span class='ocrx_word' id='word_1_404' title='bbox 1608 2738 1706 2773; x_wconf 85' lang='lat' dir='ltr'>alteri</span> 
     </span>
    </p>
   </div>
  </div>
 </body>
</html>
