1832 3100
221 258 310 314 2¹14

593 261 645 304 P.
685 261 917 310 OVIDII
953 261 1260 308 NASONIS

224 352 512 417 Conjugium‚
537 352 808 420 pulchraque
833 356 976 403 Deum
999 356 1082 404 suh
1107 355 1294 418 imagine
1318 356 1470 422 ponit3

222 431 478 496 Cunctaque
501 449 656 493 magna
678 431 800 489 facit,
828 432 992 498 quibus
1012 432 1206 491 irritata,
1232 432 1383 483 dolore

1567 445 1637 483 805

222 507 432 573 Cecropis
458 507 631 556 occulto
654 509 903 566 mordetur;
930 521 973 558 et
993 510 1118 558 anxia
1139 521 1268 558 nocte
1284 547 1297 569 ,

220 584 363 632 Anxia
388 583 482 633 luce
508 586 669 648 gemit;
694 585 896 652 lentaque
922 586 1162 635 miserrima
1182 587 1281 636 tabe
1316 629 1321 631 ,

221 661 450 727 Liquitur‚
477 674 527 711 ut
552 663 711 725 glacies
735 662 902 711 incerto
925 664 1070 712 saucia
1094 663 1212 712 sole:

220 738 466 805 Felicisque
493 740 622 788 bonis
644 760 737 788 non
756 741 897 789 secius
922 742 1067 789 uritur
1088 742 1274 799 Herses,

150 856 166 869 f
226 815 373 879 Quam
399 836 535 883 quum
557 818 752 883 spinosis
776 819 892 881 ignis
914 819 1182 885 supponitur
1202 817 1378 875 herbis;

1575 831 1639 866 810

227 892 339 955 Quae
363 911 506 959 neque
531 894 636 943 dant
656 895 849 944 flammas
864 933 875 953 ,
899 895 1075 963 lenique
1101 916 1262 963 vapore
1289 906 1547 945 cremantur.

228 968 351 1035 Saepe
376 971 489 1018 mori
511 970 653 1019 voluit
667 1009 679 1030 ‚
701 992 756 1020 ne
779 973 1020 1040 quidquam
1044 973 1128 1022 tale
1151 974 1344 1022 videret:

227 1046 351 1111 Saepe
367 1084 378 1102 ‚
405 1047 525 1096 velut
549 1049 714 1096 crimen
731 1087 742 1107 ,
768 1049 914 1112 rigido
938 1070 1112 1100 narrare
1136 1051 1320 1118 parenti.

226 1123 430 1190 Denique
454 1126 500 1173 in
525 1126 706 1175 adverso
730 1127 975 1176 venientem
997 1128 1148 1177 limine
1170 1129 1285 1176 sedit

231 1200 477 1250 Exclusura
501 1203 645 1251 Deum
669 1224 679 1251 :
707 1205 777 1252 cui
796 1204 1096 1254 blandimenta
1111 1243 1121 1263 ‚
1148 1223 1409 1271 precesque,

1578 1186 1661 1250 815*

230 1278 466 1346 Verbaque
486 1281 668 1345 jactanti
689 1281 946 1339 mitissima3
971 1303 993 1323 «
1020 1282 1204 1339 Desine,
1230 1280 1366 1345 dixin

234 1375 257 1396 2>
286 1355 403 1403 Hinc
427 1375 509 1418 ego
534 1376 602 1405 me
625 1376 719 1405 non
742 1376 839 1405 sum
856 1358 943 1405 nisi
967 1369 1009 1406 te
1027 1369 1203 1406 motura
1225 1356 1418 1424 repulso.
1445 1377 1469 1399 »

235 1452 259 1471 «
286 1430 484 1488 Stemus,
510 1425 593 1489 ait,
616 1445 746 1498 pacto
761 1470 772 1490 ‚
798 1433 924 1481 velox
949 1432 1196 1500 Cyllenius,
1222 1433 1337 1482 isto:
1362 1455 1384 1476 υ

235 1507 505 1575 Caelatasque
529 1510 644 1558 fores
667 1511 789 1572 virga
812 1510 1017 1576 patefecit
1036 1531 1046 1558 ε
1069 1522 1114 1558 at
1136 1509 1202 1557 illi

236 1585 424 1648 Surgere
446 1586 623 1634 conanti
647 1598 816 1652 partes,
841 1606 1138 1653 quascumque
1163 1586 1356 1634 sedendo

276 1716 352 1760 804.
368 1717 585 1761 Pulchraque.
601 1717 706 1752 Unus
721 1716 822 1752 Basil.
831 1718 909 1760 ple-

233 1782 357 1814 naque,
376 1768 469 1814 quod
487 1770 655 1804 Burman.
671 1769 790 1815 placet.
802 1771 910 1803 Plena

234 1827 355 1866 imago,
367 1822 422 1856 cui
430 1820 516 1855 nihil
527 1848 537 1865 ,
548 1821 686 1856 nullum
695 1821 908 1864 membrum,

236 1874 343 1908 deest.
367 1873 407 1907 Id
424 1879 542 1907 autem
559 1872 712 1907 alienum
730 1886 749 1906 a
770 1872 912 1907 consilio

238 1932 358 1970 poetae.
385 1943 428 1952 —
450 1925 604 1967 Cecropis
623 1937 634 1957 .·
654 1924 823 1970 Aglauros
843 1923 913 1958 filia

240 1977 425 2023 Cecropis,
448 1979 625 2018 mordetur,
645 1977 827 2011 cruciatur.
848 1977 914 2010 Ed.

284 2029 361 2063 808.
381 2031 550 2074 liquitur,
572 2028 749 2074 liquescit,
768 2027 916 2063 absumi-

240 2090 308 2124 tur,
318 2082 410 2129 quod
421 2083 567 2117 verbum
573 2096 721 2128 sequens
727 2081 916 2118 similitudo

241 2134 471 2181 suppeditavit
492 2145 499 2166 t
523 2138 614 2169 lenta
630 2138 707 2170 tabe
719 2162 727 2174 ‚
756 2147 894 2170 veneno
905 2161 914 2176 ‚

241 2187 339 2231 cujus
347 2187 398 2222 vis
409 2186 511 2221 lenta.
520 2187 693 2221 -Saucia
703 2213 711 2230 ‚
726 2186 917 2231 liquefacta.

244 2240 368 2274 Horat.
387 2239 426 2282 Ι,
445 2238 515 2274 od.
533 2249 615 2283 x1v,
635 2242 654 2274 5
672 2252 680 2273 ι
705 2241 814 2273 malus
829 2251 918 2272 sau—

245 2295 317 2326 cius
329 2298 447 2336 yento.
475 2291 591 2326 Etiam
606 2293 779 2325 vulnerari
788 2291 919 2326 dicun—

247 2350 305 2377 tur
315 2370 324 2382 ‚
343 2355 422 2388 quae
437 2343 694 2377 labefactantur.
710 2360 755 2369 --
769 2344 920 2376 Incertus

245 2399 306 2437 sol,
328 2397 503 2440 obscurus,
516 2409 622 2442 quum
639 2396 760 2431 caelurn
772 2396 921 2431 nubibus

248 2458 300 2486 est
318 2450 519 2486 obductum.
538 2453 670 2485 Incerta
693 2453 772 2484 luna
795 2449 921 2484 eodem

247 2515 349 2539 sensu
361 2502 457 2548 Virg.
473 2502 552 2537 AEn.
568 2502 620 2536 VI
635 2528 644 2546 ‚
660 2515 744 2547 2703
763 2508 797 2536 et
806 2504 927 2536 incerti

248 2569 337 2591 coeca
353 2558 496 2600 caligine
514 2558 626 2596 soles,·
649 2556 729 2590 AEn.
751 2556 827 2599 111,
848 2555 921 2589 203.

293 2607 367 2654 809.
383 2608 456 2641 Non
466 2609 585 2641 secius.
600 2605 720 2641 Codex
733 2607 862 2653 Regius
877 2607 920 2651 A,

251 2660 350 2692 aliter
371 2670 464 2698 non,
495 2658 619 2694 rectius
645 2658 764 2693 Codex
780 2660 808 2692 B
821 2686 830 2702 ,
857 2673 923 2694 ποπ

251 2713 368 2745 lenius.
387 2709 452 2744 Ed.
481 2712 553 2745 Non
567 2713 676 2745 secius
700 2711 864 2746 Heinsius
880 2711 924 2747 de

255 2774 317 2797 suo
330 2761 445 2806 dedit,
462 2761 522 2796 sed
532 2762 622 2797 bene
633 2775 668 2797 se
682 2762 796 2798 habet.
815 2762 925 2809 Quod

1582 1601 1650 1635 820

973 1715 1114 1761 plurimi
1141 1714 1248 1750 MSS.
1271 1714 1402 1749 habent
1425 1727 1490 1749 non
1514 1717 1622 1749 Iem'us
1632 1742 1641 1756 ,

975 1775 1034 1803 aut
1049 1781 1114 1802 non
1129 1769 1267 1807 lentius,
1285 1766 1470 1812 probarem
1481 1792 1491 1811 ‚
1509 1766 1538 1801 si
1549 1772 1652 1811 poeta

976 1821 1098 1856 ordine
1114 1821 1252 1856 inverso
1275 1817 1461 1867 scripsisset
1483 1820 1652 1866 :spinosae

976 1873 1094 1908 herbae
1113 1886 1185 1908 non
1206 1868 1334 1908 lentius
1357 1879 1527 1916 uruntur,
1545 1884 1651 1918 quam

978 1926 1043 1961 illa.
1062 1944 1106 1953 —·
1120 1927 1272 1970 Spt'nosis
1286 1929 1411 1970 herbis,
1433 1925 1539 1971 spinis
1550 1938 1652 1960 non—-

981 1978 1067 2013 dum
1081 1978 1193 2013 aridis.
1210 1995 1254 2005 --
1273 1979 1403 2022 Vapor,
1424 1976 1527 2013 calor.

1024 2032 1098 2065 811.
1127 2032 1273 2074 Lem‘que
1295 2043 1416 2074 vapore
1432 2056 1441 2071 ‚
1468 2028 1566 2074 quod
1587 2041 1654 2064 nec

982 2083 1188 2118 Bur-manno
1206 2081 1421 2128 displicebat,
1437 2080 1621 2126 recipimus
1634 2093 1654 2115 e

982 2135 1117 2170 duobus
1130 2135 1236 2171 MSS.
1254 2133 1367 2170 Possis
1382 2141 1418 2169 et
1431 2145 1514 2168 cum
1525 2132 1654 2168 Medic.

983 2188 1055 2221 uno
1081 2190 1229 2233 lentoque
1250 2199 1371 2231 vapore
1391 2185 1507 2231 legere
1520 2211 1531 2230 ,
1561 2183 1656 2230 quod

984 2241 1108 2275 Heins.
1118 2239 1475 2285 exemplisillustravit.
1483 2237 1555 2274 Sed
1563 2238 1654 2283 vulg.

983 2295 1167 2337 lenilepote
1177 2306 1251 2328 non
1266 2292 1429 2328 convenit
1440 2292 1543 2326 rebus
1553 2317 1562 2334 ,
1578 2302 1656 2336 quae

984 2344 1158 2390 supposito
1170 2344 1249 2391 igne
1261 2349 1470 2378 cremantur.
1485 2360 1529 2368 —
1538 2340 1657 2377 Nostri

984 2405 1103 2433 tamen
1119 2398 1247 2432 habent
1263 2401 1379 2441 lepore.

1028 2451 1102 2485 813.
1113 2451 1246 2494 Rigida,
1259 2446 1556 2482 dum-Adversa
1562 2457 1658 2490 quae—

986 2514 1134 2546 cumque
1145 2500 1241 2535 alteri
1252 2499 1408 2545 opposita
1415 2505 1507 2534 sunt.
1521 2515 1565 2524 ——
1573 2498 1658 2532 Jac-

988 2557 1058 2587 lare
1069 2579 1077 2593 ‚
1095 2552 1209 2586 dicere
1221 2578 1230 2594 ,
1249 2551 1301 2586 IX
1312 2577 1321 2594 ,
1340 2550 1392 2584 23.

1030 2606 1104 2651 819.
1123 2605 1328 2647 Cas-latasque
1334 2602 1442 2646 sores.
1458 2599 1514 2635 De
1530 2600 1658 2634 celath-

978 2655 1122 2700 son'bus,
1130 2655 1207 2689 vide
1219 2653 1259 2688 ad
1272 2666 1358 2689 vers.
1369 2653 1665 2697 4.-V1·rgapate«

986 2707 1066 2742 secit
1076 2708 1178 2750 sores,
1187 2713 1226 2741 ut
1238 2706 1412 2748 Minerva,
1422 2704 1495 2750 767,
1503 2709 1656 2736 extrema

988 2760 1137 2807 cuspide.
1146 2779 1190 2787 —
1203 2762 1430 2804 Quascumque
1434 2757 1603 2803 flectimur
1615 2767 1657 2788 ex
