1832 3100
288 250 376 294 356
438 252 506 295 -Ρ,
532 251 732 304 OVIDII
752 251 1006 297 NASONIS
1028 254 1273 298 METAM.
1306 256 1418 300 LIB.
1449 257 1531 302 IV.

287 345 399 408 Quae
421 344 530 393 freta
545 382 557 403 ‚
585 365 692 412 quas
717 357 851 395 terras
876 347 959 395 suh
984 366 1029 395 se
1049 347 1228 397 vidisset
1252 349 1307 397 ab
1332 349 1450 408 alto;

285 423 345 469 Et
369 441 463 488 quae
482 422 653 487 jactatis
677 423 896 495 tetigisset
919 423 1061 472 sidera
1083 426 1240 490 pennis
1259 445 1270 473 :

284 501 400 548 Ante
421 512 717 567 exspectatum
740 501 876 549 tacuit
898 513 1053 549 tamen.
1076 503 1252 569 Excipit
1271 523 1387 552 unus

283 579 323 625 E
346 595 526 627 numero
550 596 780 643 procerum
794 614 806 634 ‚
832 596 1051 643 quaerens,
1074 597 1151 626 cur
1171 578 1266 627 sola
1286 597 1492 628 sororum

1622 606 1684 640 790

285 655 479 714 Gesserit
502 654 678 703 alternis
702 653 926 702 immixtos
950 655 1145 703 crinibus
1169 674 1344 718 angues.

282 733 456 798 Hospes
479 732 539 779 ait
560 751 570 779 :
597 754 619 774 «
648 731 871 794 Quoniam
893 730 1059 779 scitaris
1084 731 1216 794 digna
1236 730 1399 790 relatu,

283 831 307 852 »
334 809 496 874 Accipe
521 807 691 873 quaesiti
713 826 885 855 causam
908 826 918 855 ε
939 805 1175 855 clarissima
1194 807 1357 874 forma,

283 907 306 929 >›
334 884 667 949 Multorumque
690 883 775 931 fuit
799 883 1138 950 spesinvidiosa
1160 903 1402 950 procorum

282 984 306 1005 >›
333 961 441 1019 Illa3
464 979 544 1009 nec
567 960 613 1008 in
635 972 727 1008 tota
750 960 1028 1027 conspectior
1049 959 1140 1009 ulla
1164 961 1332 1028 capillis
1578 954 1582 958 ²
1622 987 1686 1022 79⁴

1668 978 1685 996 a

282 1061 305 1082 »
332 1039 440 1086 Pars
458 1037 544 1085 fuit
563 1057 573 1084 ε
594 1037 741 1085 inveni
756 1075 767 1095 ‚
795 1037 870 1104 qui
891 1057 935 1086 se
957 1037 1115 1085 vidisse
1135 1037 1356 1085 referrent.

281 1139 304 1159 »
333 1117 459 1164 Hanc
482 1113 633 1176 Pelagi
655 1125 799 1162 rector
822 1113 985 1180 templo
1004 1113 1181 1162 vitiasse
1205 1114 1413 1162 Minervae

279 1217 302 1238 »
331 1193 535 1241 Dicitur:
557 1210 701 1239 aversa
725 1203 815 1248 est,
840 1202 884 1239 et
908 1202 1048 1239 castos
1072 1191 1205 1253 aegide
1228 1189 1377 1238 vultus

280 1294 302 1314 >›
329 1272 443 1319 Nata
464 1269 588 1317 Jovis
614 1269 721 1317 texit
746 1288 756 1316 :
780 1286 887 1316 neve
908 1268 995 1316 hoc
1021 1268 1201 1335 impune
1222 1268 1407 1325 fuisset,

280 1371 303 1391 >›
335 1348 619 1409 Gorgoneum
644 1356 793 1411 turpes
815 1345 978 1393 crinem
1001 1346 1186 1393 mutavit
1208 1345 1256 1392 in
1280 1344 1456 1410 hydros.

1617 1361 1683 1394 800

282 1448 305 1468 >›
329 1426 459 1472 Nunc
484 1441 686 1488 quoque,
710 1433 762 1470 ut
782 1422 995 1471 attonitos
1014 1421 1246 1471 formidine
1268 1433 1428 1470 terreat
1442 1421 1617 1481 hostes,

279 1525 303 1546 >›
330 1503 514 1550 Pectore
538 1501 586 1547 in
608 1500 810 1569 adverso,
837 1519 950 1565 quos
973 1500 1103 1559 fecit,
1127 1500 1315 1549 sustinet
1333 1518 1518 1563 angues„
1534 1521 1558 1543 »

277 1628 430 1665 mentiri.
453 1646 497 1654 —
519 1627 611 1661 Ante
636 1629 861 1670 exspectatum
878 1653 886 1667 ‚
911 1625 949 1660 id

277 1690 329 1718 est
340 1708 349 1726 ,
366 1681 472 1716 tacuit
488 1688 626 1722 tamen;
645 1680 750 1714 etiam
765 1679 879 1723 VIII,
900 1680 919 1713 5
936 1693 945 1721 ;

280 1735 377 1780 Virg.
398 1733 525 1778 Georg.
542 1733 599 1767 111
612 1759 621 1776 ,
641 1733 714 1776 348.

323 1800 396 1835 79⁰·
416 1788 497 1821 Sola
507 1785 564 1820 illa
573 1786 678 1821 etiam
689 1784 843 1819 mortalis
856 1791 947 1819 erat:

278 1838 422 1875 Hesiod.
445 1857 489 1864 --
506 1839 712 1872 Clartlrsz'm'a.
743 1834 949 1881 Pulcherrissj

278 1903 374 1926 mam
394 1890 619 1924 foeminarum
643 1888 744 1924 fuisse
764 1887 951 1922 Medusam

275 1943 416 1983 serunt;
442 1940 615 1975 Pindarus
627 1965 636 1983 ,
654 1939 747 1974 Pith.
769 1939 863 1983 XII,
883 1939 946 1982 28,

277 2006 366 2033 eam>
386 1999 486 2028 vocat
518 1993 680 2042 cx'nroipoeo-a,
713 1990 802 2025 illius
830 1990 947 2035 itaque

278 2057 397 2079 amore
422 2043 511 2089 capti
534 2044 798 2089 obstupuerunt.
821 2043 886 2077 Ed.
905 2059 949 2068 —-

276 2098 358 2140 Spes
368 2098 551 2137 inusdz'osas
566 2107 670 2139 quam
683 2104 761 2129 cum
775 2093 904 2127 invidia
913 2100 949 2128 et

277 2147 495 2183 aemulatione
513 2153 635 2181 mutua
650 2147 833 2191 sperabant
849 2145 948 2179 mul-

276 2200 302 2234 ti
314 2214 321 2240 ;
334 2205 477 2244 venuste
489 2204 524 2232 et
535 2211 574 2231 ex
584 2198 776 2232 imitatione
790 2198 949 2242 Propert-

277 2250 328 2293 ῙῙ,
344 2250 439 2295 Eleg.
453 2259 480 2292 1,
493 2249 534 2282 83
548 2261 555 2282 :
569 2249 737 2282 Moecenas
746 2253 864 2282 noslroe
873 2258 949 2290 spes

276 2305 442 2338 invidiosa
456 2301 616 2345 juvente.
636 2318 680 2327 --
708 2301 942 2344 Conspeclior,

277 2353 463 2399 puichrior.

323 2405 395 2451 796.
408 2403 589 2448 Referunt.
606 2401 664 2437 Sic
682 2401 827 2436 Codices
840 2401 950 2435 nostri

277 2456 391 2501 Regii,
402 2454 495 2500 quod
505 2454 637 2499 praetuli
644 2466 706 2498 pro
715 2452 849 2496 referret
855 2452 949 2498 quod

278 2507 470 2551 legebatur;
482 2518 565 2540 nam
573 2506 662 2540 sacto
673 2504 786 2539 adhuc
795 2510 946 2547 recente,

280 2559 395 2603 plures
405 2557 557 2592 inveniri
570 2556 767 2591 debuerunt
781 2556 840 2601 qui
849 2554 950 2599 reser-

279 2613 353 2642 rent
364 2622 401 2643 se
418 2611 551 2644 vidisse.
568 2607 634 2642 Ed.
650 2626 694 2633 —
719 2609 861 2651 Templo.
878 2606 950 2641 Se-

280 2660 436 2694 cundum
450 2659 592 2695 Hesiod.
607 2660 792 2704 Neptunus
807 2670 884 2694 eam
898 2659 952 2692 vi-

1013 1627 1109 1661 tiavit
1134 1627 1170 1661 in
1201 1634 1320 1672 prate,
1349 1629 1376 1661 ἓν
1398 1632 1526 1675 μαλακῷ
1551 1632 1683 1672 λειμῶνι.

1012 1678 1149 1722 Nempe
1166 1680 1319 1722 templum
1331 1704 1339 1718 ‚
1362 1684 1401 1712 ut
1417 1681 1534 1722 τέμενος
1545 1704 1554 1721 ,
1571 1679 1684 1713 omnis

1012 1729 1107 1764 locus
1124 1730 1202 1764 Deo
1218 1730 1446 1765 consecratus.
1467 1749 1512 1756 -
1527 1732 1682 1766 th‘asse.

1013 1781 1171 1826 Quidam
1190 1809 1201 1826 ,
1229 1784 1383 1816 violasse.
1412 1780 1531 1817 Nostri
1554 1782 1681 1829 Regii,

1012 1835 1162 1869 vitiasse.

1058 1899 1130 1934 799.
1142 1888 1282 1921 Fuisset.
1289 1887 1405 1929 Unus,
1408 1879 1571 1930 fecissen·
1588 1886 1682 1922 unde

1014 1937 1179 1973 Heinsius
1189 1938 1310 1973 suadet
1324 1940 1463 1973 tulisset.
1476 1938 1595 1974 Nostri
1605 1939 1685 1972 Re-

1014 1989 1082 2034 gii,
1101 1990 1240 2034 fuisset.

1057 2043 1131 2076 802.
1147 2043 1283 2076 Pectore
1297 2045 1333 2076 in
1345 2043 1482 2076 adverso
1497 2046 1562 2076 etc.
1575 2040 1683 2089 Dono

1014 2093 1186 2128 Minervae
1203 2093 1299 2128 dedit
1318 2093 1466 2135 Perseus
1475 2092 1543 2127 hoc
1553 2092 1684 2128 Medu-

1013 2157 1058 2179 sae
1069 2152 1171 2190 caput
1184 2159 1192 2188 ς
1212 2144 1267 2179 illa
1278 2157 1362 2179 vero
1370 2143 1424 2179 vel
1434 2144 1472 2178 in
1477 2149 1610 2188 pectore
1622 2157 1684 2179 seu

1014 2196 1153 2231 thorace
1167 2222 1176 2240 ,
1210 2204 1250 2230 ut
1275 2195 1349 2231 vult
1376 2195 1481 2230 etiam
1510 2195 1684 2230 Eratosth.

1012 2248 1089 2295 vel,
1105 2246 1298 2283 secundum
1314 2247 1524 2292 antiquiores
1535 2273 1544 2290 ,
1560 2247 1598 2283 in
1612 2246 1686 2294 cly-

1013 2311 1080 2345 peo
1097 2299 1220 2344 posuit.
1238 2298 1386 2332 Homer.
1403 2298 1443 2333 ΙΙ.
1461 2298 1492 2332 E
1507 2324 1516 2341 ,
1536 2299 1608 2344 74¹·
1624 2297 1684 2332 Se-

1014 2351 1122 2385 riores
1142 2357 1176 2385 et
1196 2349 1289 2384 hunc
1315 2356 1350 2383 et
1366 2349 1462 2383 illum
1480 2361 1523 2383 eo
1546 2356 1684 2383 ornant.

1015 2402 1057 2436 In
1075 2402 1154 2436 soro
1180 2400 1389 2446 Argivorum
1414 2399 1595 2435 conditum
1618 2399 1685 2436 hoc

1014 2461 1115 2499 caput
1126 2466 1196 2488 esse
1206 2453 1360 2487 aiebant:
1371 2453 1517 2487 Pausan.
1527 2451 1560 2486 d.
1570 2452 1592 2486 Ι.
1606 2451 1685 2487 Cae-

1014 2513 1130 2541 terum
1146 2506 1182 2540 hi
1207 2505 1277 2539 duo
1293 2505 1458 2550 postremi
1477 2518 1594 2540 versus
1609 2518 1682 2540 non

1013 2564 1157 2602 possunt
1186 2557 1316 2591 Perseo
1339 2556 1464 2598 tribui;
1495 2556 1565 2601 ipse
1587 2556 1681 2590 enim

1014 2614 1115 2651 caput
1135 2607 1247 2649 adhuc
1264 2607 1432 2647 habebat;
1462 2619 1575 2651 neque
1591 2607 1681 2641 bene

1015 2669 1059 2693 ex
1076 2657 1195 2693 Ovidii
1211 2669 1358 2703 persona
1375 2657 1499 2703 adiecti
1511 2663 1601 2693 sunt.
