1832 3100
361 230 1093 278 METAMORPHOSEON
1130 234 1267 279 LIB.
1307 236 1348 279 Ῑ.
1513 239 1567 281 81

138 325 404 380 Terribilem
426 325 552 392 picea
574 336 717 374 tectus
743 323 931 388 caligine
948 323 1148 374 vultum:

1508 345 1575 378 265

138 403 287 456 Barba
303 403 447 469 gravis
470 403 665 461 nimbis3
693 403 814 451 canis
837 402 936 452 fluit
958 403 1080 452 unda
1103 402 1274 470 capillis
1299 423 1310 461 3

139 485 305 534 Fronte
329 481 485 532 sedent
506 480 706 539 nebulae3
728 493 883 530 rorant
905 500 1149 549 pennaeque
1163 519 1175 540 ‚
1201 482 1441 549 sinusque:

141 564 295 629 thue
315 580 451 609 manu
471 559 559 609 lata
581 559 820 627 pendentia
842 558 1000 608 nubila
1022 559 1208 626 pressit,

141 639 217 688 Fit
237 638 408 703 fragor3
433 638 539 687 hinc
565 636 689 687 densi
713 637 966 687 funduntur
989 637 1044 686 ab
1067 638 1227 687 aethere
1250 638 1422 697 nimbi.‘

142 717 312 766 Nuntia
335 717 532 770 Junonis
553 714 700 765 varios
720 716 879 765 induta
902 715 1074 765 colores
1093 754 1106 774 ‚

1514 713 1579 777 '270

145 795 358 862 Concipit
378 789 465 844 Iris
487 814 649 862 aquas,
673 793 971 861 alimentaque
996 793 1199 842 nubibus
1224 793 1378 842 adfert.

142 878 414 928 Sternuntur
438 890 632 942 segetes,
660 890 703 927 et
731 876 960 944 deplorata
983 876 1134 926 coloni

144 962 266 1010 Vota
289 961 458 1028 jacent,
484 960 699 1027 longique
719 958 850 1009 labor
869 960 987 1027 perit
1010 960 1163 1009 irritus
1187 959 1305 1008 anni.

142 1045 237 1094 Nec
259 1043 365 1094 caelo
391 1055 602 1093 contenta
624 1063 707 1093 suo
728 1044 757 1093 J
761 1043 856 1092 ovis
881 1043 945 1092 ira
970 1065 980 1092 :
1007 1043 1085 1092 sed
1108 1042 1236 1091 illum

144 1185 299 1234 pluviam
314 1185 486 1229 concitat,
509 1183 606 1220 unde
622 1186 778 1219 humidus
794 1191 830 1220 et

140 1241 279 1284 pluvius
291 1237 344 1273 dr.
358 1238 481 1282 ltaque
495 1243 531 1271 et
546 1236 584 1271 in
597 1236 662 1271 hac
675 1236 832 1282 descrip-

147 1291 245 1326 tione
262 1289 446 1336 allegorica
457 1315 467 1333 ,
485 1301 596 1334 eaque
612 1288 832 1323 excellentis-

148 1343 236 1378 sima
247 1369 258 1387 ‚
275 1355 401 1377 omnes
410 1342 487 1387 ejus
502 1347 617 1387 partes
636 1343 779 1376 madida·
795 1347 831 1376 et

147 1397 352 1439 caliginosae.
369 1394 413 1429 In
430 1392 554 1428 eadem
565 1393 708 1427 observa
724 1392 831 1427 etiam

149 1459 294 1494 gravem
316 1446 508 1481 verborum
524 1457 653 1480 sonum
669 1458 677 1479 :
692 1447 824 1489 gramis,

149 1505 308 1546 gravata,
322 1498 462 1542 referta,
480 1505 520 1532 ut
528 1510 576 1532 vs.
590 1498 665 1542 443.
675 1515 721 1524 —-
730 1499 833 1532 Fluit.

150 1550 312 1598 Quidam
331 1553 416 1591 mil,
437 1550 533 1596 quod
559 1550 683 1595 probat
707 1550 832 1585 Heius.

149 1602 211 1649 qui
227 1609 347 1638 tamen
365 1601 466 1636 malit
477 1628 487 1647 ,
510 1604 610 1646 pluit.
625 1619 670 1628 ·—-
687 1602 810 1637 Sedent
819 1629 830 1644 ,

147 1661 319 1702 apparent
343 1667 353 1690 z
382 1654 420 1689 ΙΙ
433 1680 444 1700 ,
471 1655 534 1701 774
545 1679 555 1698 ,
588 1656 685 1688 sedet
708 1657 744 1688 in
777 1667 835 1688 ore

139 1710 266 1754 pallor.
283 1726 330 1734 —
350 1708 487 1742 Borant
506 1707 618 1753 poetis
639 1720 680 1742 ea
698 1733 708 1751 ,
736 1707 833 1742 unde

150 1772 242 1806 aqua
254 1785 265 1804 ,
282 1759 391 1795 etiam
401 1759 540 1805 copiosa
553 1785 563 1803 ,
581 1758 706 1795 defluit
722 1772 730 1795 z
745 1773 834 1796 vers.

149 1813 228 1862 339.
244 1832 289 1840 -
303 1814 422 1856 Sinus,
445 1820 576 1859 pectus.

192 1866 269 1902 268.
290 1867 399 1911 thue
416 1879 518 1901 manu
532 1867 616 1901 lata.
634 1866 723 1913 Reg.
743 1866 834 1903 Cod.

149 1917 236 1953 8001
259 1917 364 1953 habet
383 1920 471 1959 lale,
496 1925 532 1953 et
547 1931 651 1964 supra
664 1919 834 1966 scriptum

151 1983 171 2006 a
183 1983 250 2006 sec.
261 1982 372 2005 manu
381 1997 392 2014 ‚
404 1969 552 2015 diffusa·
569 1984 678 2017 quem
690 1985 835 2008 sensum

149 2021 319 2060 libentius
353 2021 589 2057 admitterem.
628 2042 673 2049 -
706 2026 840 2058 Pressit

153 2085 325 2118 aquarum
336 2073 628 2108 descendentium
636 2075 773 2120 copiam
783 2076 836 2109 iu·

153 2125 255 2160 dicat.
263 2127 514 2161 Eae—-Premz
524 2127 643 2162 Veluti
653 2128 836 2174 spongiam

153 2177 308 2213 ebriam}
319 2180 408 2218 lata,
422 2178 503 2223 quia
515 2175 631 2221 Deus3
650 2180 727 2215 Diis
739 2181 837 2216 euim

154 2243 283 2277 magna
294 2230 463 2266 membra
465 2231 687 2268 tribuuntur:
693 2236 838 2277 penden-

153 2286 204 2318 lia
228 2295 248 2318 e
275 2282 327 2318 rei
349 2289 484 2317 natura.
512 2283 635 2330 Virgil.
654 2284 783 2332 Georg.
801 2287 834 2332 I,

154 2338 242 2382 2143
262 2339 381 2372 nubila
388 2340 546 2381 pendent.

194 2392 367 2437 271.1n‘s.
383 2391 436 2426 Ea
448 2397 609 2437 tempore
626 2392 746 2438 pluvio
761 2406 840 2429 cor-

154 2442 259 2478 nibus
278 2442 348 2478 suis
368 2456 473 2489 aquas
497 2443 638 2480 haurire
663 2445 838 2481 credeba-

154 2503 214 2531 tur
229 2508 237 2530 :
254 2495 323 2529 vid.
342 2494 458 2531 Cerda
475 2496 517 2531 ad
536 2498 636 2544 Virg.
653 2498 781 2545 Georg.
797 2500 814 2534 I
827 2526 836 2544 ,

155 2547 232 2582 380.
249 2564 294 2573 —-
311 2547 468 2592 Concipit
490 2549 691 2594 exquisitius
713 2564 837 2596 quam,

155 2599 295 2646 colligit.
320 2599 402 2635 Non
417 2600 507 2635 bene
522 2608 641 2636 autem
657 2603 724 2638 hoc
735 2604 838 2639 Iridis

156 2652 323 2688 auxilium
336 2659 387 2688 est
399 2653 569 2688 insertum
588 2668 596 2690 ι
617 2669 725 2701 quum
742 2659 839 2693 enim

157 2714 254 2746 terra
266 2706 363 2752 aquis
374 2706 557 2742 obruenda
568 2717 657 2744 esset
669 2736 678 2752 ,
692 2723 767 2746 non
779 2711 841 2747 de-

157 2759 261 2796 bebat
277 2760 342 2796 Iris
358 2760 441 2795 inde
459 2774 564 2807 aquas
578 2761 729 2800 haurire.

339 2834 445 2879 III.

926 1198 1000 1230 ²72·
1014 1185 1142 1219 Coloni.
1153 1182 1304 1218 Plurimi
1314 1185 1453 1218 colonis.
1463 1183 1581 1229 Atque

895 1236 943 1271 ita
952 1243 987 1271 et
997 1236 1121 1271 Senec.
1132 1236 1176 1271 N.
1188 1236 1235 1280 Q.
1248 1235 1316 1279 ΙΙΙ,
1330 1237 1581 1282 27.—Stern1m-

895 1293 951 1323 lut
964 1283 1092 1333 segete}
1103 1295 1166 1322 etc.
1179 1287 1235 1322 Cs.
1247 1288 1396 1322 Homer.
1413 1287 1453 1322 ΙΙ.
1462 1295 1501 1331 Ε,
1519 1302 1580 1335 923

898 1341 996 1387 Virg.
1011 1340 1044 1374 d.
1055 1340 1076 1375 l.
1086 1340 1169 1383 325,
1182 1346 1218 1374 et
1232 1340 1317 1374 AEn.
1329 1340 1365 1374 ll
1379 1365 1389 1383 ‚
1404 1340 1469 1387 496
1482 1366 1491 1383 ,
1506 1340 1584 1375 305.

899 1393 1045 1439 Singula
1057 1392 1163 1427 verba
1181 1391 1314 1426 delecta
1329 1399 1412 1427 sunt
1425 1391 1467 1426 ad
1479 1393 1586 1427 mise-

898 1444 1088 1481 ricordiam
1103 1443 1411 1479 commovendam.
1425 1444 1508 1480 Sata
1522 1457 1587 1479 vo-

898 1504 1024 1533 cantur
1038 1502 1120 1532 vota
1131 1498 1252 1538 coloni,
1266 1509 1343 1542 quae
1355 1509 1452 1532 nunc
1467 1497 1586 1543 jacent

897 1552 1072 1594 deplorata
1084 1576 1092 1590 ‚
1113 1549 1238 1594 quibus
1249 1550 1405 1584 succurri
1417 1549 1514 1584 nullo
1527 1562 1587 1583 re-

898 1602 1018 1637 medio
1042 1608 1165 1648 potest.
1196 1602 1268 1636 Per
1288 1604 1422 1646 longum
1448 1614 1585 1636 annum

898 1657 1029 1691 multos
1046 1651 1182 1691 labores
1199 1655 1434 1691 exhauserunt
1447 1655 1584 1697 coloni;

898 1709 960 1745 sed
970 1736 979 1754 ,
998 1715 1184 1755 postquam
1194 1708 1255 1742 ‹liu
1266 1716 1511 1754 exspectarunt
1521 1709 1586 1743 lar-

899 1777 979 1810 gam
998 1776 1149 1799 messem
1164 1790 1172 1807 ,
1191 1763 1307 1797 omnis
1323 1762 1378 1797 ille
1396 1766 1495 1797 labor
1507 1765 1586 1797 irri-

898 1822 954 1852 tus
962 1821 1054 1862 perit
1068 1826 1078 1849 .·
1095 1818 1195 1850 labor
1206 1818 1293 1850 anm’
1302 1822 1354 1850 est
1364 1815 1471 1849 etIam
1484 1815 1584 1860 Virg.

900 1872 1031 1917 Georg.
1050 1872 1105 1915 II,
1126 1872 1210 1915 514,
1229 1870 1288 1905 ubi
1308 1870 1427 1917 Heyn.
1447 1869 1586 1904 intelli-

901 1926 951 1972 git
978 1930 1194 1970 proventum
1233 1936 1274 1957 ex
1305 1922 1422 1956 labore
1457 1934 1588 1956 annuo.

901 1978 1022 2013 Etiam
1040 1976 1132 2012 Plin.
1149 1977 1237 2011 Pan.
1256 1975 1295 2009 81
1313 2001 1322 2019 ,
1340 1978 1520 2019 agreslium
1532 1977 1589 2009 la·-

900 2034 963 2066 bor
986 2043 1029 2065 eo
1050 2042 1179 2074 sensu,
1212 2035 1272 2064 aut
1296 2035 1390 2063 certe
1416 2027 1481 2073 ipsi
1513 2028 1588 2074 agri

901 2083 1134 2130 agricolarum
1158 2082 1276 2117 labore
1299 2081 1394 2116 culti.
1417 2080 1490 2116 Sed
1513 2080 1547 2115 h.
1565 2080 1587 2116 l.

901 2147 949 2170 ne
969 2133 1065 2170 idem
1082 2141 1137 2169 ter
1152 2133 1290 2168 dicatur
1303 2159 1313 2178 ,
1333 2133 1463 2168 rectius
1478 2132 1523 2167 de
1537 2132 1590 2167 la-

899 2188 987 2224 bore
1011 2201 1076 2234 per
1106 2200 1242 2222 annum
1271 2187 1439 2222 exhausto
1464 2186 1589 2232 capies.

902 2239 997 2274 Alias
1013 2241 1146 2274 labores
1161 2241 1259 2274 boum
1274 2245 1334 2273 aut
1346 2241 1536 2273 modalium
1549 2238 1588 2273 in

900 2291 1069 2327 similibus
1095 2291 1388 2338 descriptionibus
1420 2303 1589 2326 comme-

902 2352 1098 2380 morantur.
1111 2345 1236 2380 Annus
1246 2357 1311 2391 pro
1323 2344 1466 2378 consilio
1476 2351 1591 2389 poetae

902 2412 984 2433 mox
997 2398 1125 2434 dicitur
1144 2401 1267 2438 brevis,
1288 2410 1369 2431 mox
1387 2400 1509 2441 longus
1521 2424 1529 2436 ‚
1549 2403 1589 2430 ut

902 2450 936 2485 h.
952 2450 992 2491 l.;
1013 2457 1072 2484 aut
1085 2462 1227 2493 magnus
1240 2476 1248 2490 ‚
1266 2449 1350 2482 AEn.
1369 2447 1448 2491 111,
1469 2449 1544 2491 284.

947 2504 1022 2548 274.
1031 2503 1106 2536 Suo.
1116 2501 1226 2546 Quod
1234 2501 1264 2534 ei
1275 2500 1421 2545 contigit
1433 2499 1468 2533 in
1481 2498 1589 2533 notis-

902 2557 989 2592 sima
1004 2556 1060 2590 illa
1077 2554 1203 2589 mundi
1221 2554 1399 2588 divisione.
1422 2553 1476 2587 Eo
1493 2565 1589 2587 con-

904 2618 1022 2646 tentus
1050 2610 1116 2644 suit
1144 2608 1339 2644 secundum
1366 2607 1589 2654 Apollod.1,

903 2663 1601 2714 V11,2.Pluvii,252ri,2uo'faepc'ou‚.soc³1's‘

903 2716 1032 2760 species
1055 2715 1160 2750 etiam
1183 2716 1220 2751 in
1241 2716 1397 2750 nummis
1419 2713 1589 2749 occurrit:

904 2766 982 2802 vide
1006 2767 1199 2814 Spanhem.
1223 2767 1266 2803 ad
1290 2766 1470 2813 Aristoph
1493 2765 1587 2803 Nub-

1348 2840 1377 2883 6
