1832 3100
302 220 390 282 376

674 221 726 265 Ρ.
766 223 1003 269 OVIDII
1036 223 1338 270 NASONIS

301 315 392 363 Ore
417 314 642 363 Medusaeo
666 316 829 365 silicem
854 317 947 366 sine
969 319 1179 381 sanguine
1200 319 1317 368 fecit.

365 393 590 441 Hactenus
614 393 829 456 aurigenae
851 395 1055 443 comitem
1077 395 1282 443 Tritonia
1300 395 1425 444 fratri

1648 408 1714 444 260

300 469 356 517 Se
382 469 531 518 dedit:
552 469 652 519 inde
677 490 778 520 cava
804 471 1069 519 circumdata
1092 471 1212 519 nube
1237 471 1457 538 Seriphon

298 547 498 611 Deserit,
524 567 547 595 a
573 547 722 596 dextra
747 549 924 615 Cythno
952 549 1184 615 Gyaroque
1205 548 1383 598 relictis.

302 621 495 692 Quaque¹
514 644 647 691 super
668 638 855 692 pontum
880 626 948 673 via
969 626 1061 673 visa
1082 625 1358 685 brevissima,
1382 626 1580 686 Thebas,

296 701 645 770 Virgineumque
668 698 882 751 Helicona
905 703 1046 770 petit;
1073 723 1162 770 quo
1185 715 1334 775 rnonte
1357 705 1499 771 potita

299 780 514 828 Constitit
529 818 540 836 ‚
565 794 609 828 et
633 781 784 829 doctas
809 781 871 828 sic
893 793 959 829 est
981 781 1123 851 adfata
1149 801 1322 830 sorores
1342 801 1353 829 ε

1646 797 1712 834 255

301 878 322 898 «
351 858 482 905 Fama
506 857 609 904 novi
631 857 769 905 fontis
791 851 967 906 nostras
990 858 1188 924 pervenit
1211 858 1263 906 ad
1288 877 1435 917 aures3

301 955 325 975 »
354 934 477 982 Dura
502 934 714 982 Medusaei
739 954 869 1000 quem
890 936 1096 1002 praepetis
1120 935 1285 999 ungula
1305 936 1439 1002 rupit.

293 1078 326 1110 p.
343 1067 419 1110 487,
436 1079 458 1099 e
475 1078 590 1100 saxosa
608 1066 746 1112 Seriphi
765 1074 894 1101 natura·
907 1080 974 1102 ex—
1007 1113 1009 1115 Ι

293 1117 396 1162 plicat
413 1130 420 1151 :
438 1122 526 1153 Οὕτω
541 1117 571 1153 δ’
582 1121 647 1154 ἐστι’
659 1121 814 1169 arez-pawn
831 1123 845 1160 ἧ
861 1128 950 1161 νῆσος
962 1146 971 1163 ,

296 1172 369 1207 ὥςτε
403 1172 458 1205 ὑπὸ
494 1179 548 1209 τῆς
579 1174 719 1218 Γοργᾶνσς
751 1179 835 1207 τοῦτο
871 1179 975 1207 παθεῖν

295 1225 389 1263 αὐτὴν
401 1223 490 1267 φάσιν
506 1227 534 1259 οἱ
547 1228 767 1270 κωμῳδοῦντες.
784 1224 887 1269 Apud
900 1225 973 1271 Hy-

297 1273 366 1318 gin.
382 1274 449 1307 sab.
467 1275 529 1318 273
544 1301 552 1318 ‚
579 1277 636 1320 qui
653 1275 745 1309 haud
762 1275 865 1310 dubie
883 1276 973 1311 AEs-

292 1325 434 1372 chylum
445 1334 612 1371 sequutus
623 1334 693 1371 est,
714 1328 911 1375 Polydectae
919 1329 973 1362 su-

294 1377 421 1412 nebres
437 1378 535 1412 ludos
553 1379 700 1413 Perseus
716 1380 807 1414 sacit.

338 1433 403 1464 250
412 1450 431 1455 -
440 1431 516 1475 678.
531 1433 705 1466 Musarum
723 1436 888 1478 colloquia
898 1448 972 1468 cum

293 1484 446 1517 Pallade.
461 1485 571 1519 Pallas
580 1511 589 1528 ,
603 1486 723 1520 relicto
734 1487 863 1521 Perseo
876 1513 885 1530 ‚
901 1488 972 1521 He-

293 1533 443 1568 liconem
464 1536 571 1578 petit,
598 1537 657 1570 ubi
681 1537 794 1571 Musae
822 1538 853 1571 ei
880 1551 971 1571 nar—-

294 1594 374 1620 rant
386 1612 395 1630 ,
420 1596 466 1620 1⁰.
478 1587 548 1620 vim
567 1613 576 1630 ,
600 1600 706 1631 quam
720 1589 782 1622 sibi
799 1590 971 1633 paraverit

293 1639 475 1683 Pyreneus,
500 1639 676 1685 250-2933
702 1648 752 1673 20.
769 1647 968 1683 certamen,

294 1688 387 1733 quod
403 1689 467 1723 sibi
482 1689 588 1723 suerit
605 1703 686 1724 cum
702 1693 907 1732 Pieridibus,
930 1705 971 1726 ex

295 1751 365 1783 quo
387 1740 506 1774 multae
539 1741 837 1787 metamorphoses
864 1755 970 1776 com-

294 1799 540 1826 memorantur
560 1818 570 1835 ,
599 1793 764 1839 294—678.
782 1811 826 1818 —
844 1794 972 1829 Narrat

294 1847 593 1893 quemadmodum
612 1848 761 1892 Pegasus
780 1860 890 1892 equus
898 1847 969 1882 ala-

294 1906 349 1933 tus
368 1911 437 1932 una
454 1911 535 1933 cum
552 1898 748 1945 Chrysaore
768 1912 787 1933 e
804 1898 972 1944 sanguine

294 1950 372 1984 colli
386 1950 544 1985 Medusae
555 1950 714 1984 exsilierit
729 1977 741 1993 ,
757 1957 792 1984 et
808 1950 850 1984 ad
862 1950 971 1984 Heli-

293 2016 419 2038 conem
433 2029 442 2046 ,
468 2003 611 2038 Boeotiae
632 2010 791 2037 montem
804 2029 815 2047 ,
839 2016 971 2048 perve-

293 2055 405 2098 nerit,
423 2055 481 2089 ubi
497 2081 506 2098 ,
525 2068 635 2100 quum
645 2061 775 2090 terram
786 2054 883 2101 pedis
902 2068 972 2089 un-

295 2106 373 2156 gula
391 2107 635 2151 percussisset,
659 2107 749 2141 illico
771 2108 849 2142 sons
866 2134 876 2151 ‚
910 2107 969 2152 qui

293 2156 456 2208 innoxpn'un
463 2186 472 2202 ,
481 2159 546 2193 hoc
556 2167 619 2203 est,
626 2158 824 2194 Caballinus
832 2161 910 2194 sons
919 2166 970 2195 est

293 2210 481 2256 appellatus
495 2236 504 2253 ,
522 2218 659 2245 exortus
675 2211 777 2244 fuisse
795 2223 970 2245 memora—

292 2270 361 2297 tur.
379 2262 435 2297 Ad
451 2275 535 2305 eum
550 2263 655 2308 igitur
669 2262 861 2297 videndum
874 2290 883 2307 ,
903 2277 969 2298 re-

289 2314 371 2348 licto
403 2315 552 2358 Perseo,
583 2315 693 2349 Pallas
710 2315 864 2359 prosecta
887 2321 937 2349 est
956 2341 965 2359 ,

291 2379 368 2411 quae
385 2380 404 2400 a
418 2367 530 2402 Musis
547 2373 682 2412 accepta
699 2379 804 2411 quam
816 2378 967 2411 promp-

288 2420 419 2454 tissime
439 2419 482 2454 ad
501 2420 613 2465 ipsum
633 2420 698 2453 suit
724 2418 883 2454 deducta.
900 2421 966 2454 Ed.

290 2489 333 2497 --
343 2471 533 2515 Aurigena,
549 2477 739 2522 χρυσογενὴς,
752 2474 965 2520 χρυσέῃσι-ρος,

292 2537 397 2568 quem
419 2525 559 2570 Jupiter
582 2525 618 2559 in
636 2538 761 2559 aurum
782 2537 966 2559 conversus

292 2584 469 2621 genuerat.
498 2577 556 2612 Sic
577 2580 802 2622 dracomgrena
821 2583 856 2611 et
877 2576 940 2611 alia
954 2603 964 2620 ‚

289 2642 366 2673 quae
384 2643 486 2674 supra
498 2630 653 2675 legimus.
669 2629 851 2675 Perplacet
869 2629 964 2665 Schi-

288 2681 407 2716 rachio
432 2683 498 2717 hoc
522 2683 724 2728 epitheton,
751 2682 843 2728 quod
863 2683 965 2717 nobi-

289 2732 360 2768 lem
387 2733 512 2770 habeat
540 2734 728 2771 audaciam.
748 2753 793 2762 --
808 2735 850 2769 Se
874 2735 968 2770 dedit

1038 1071 1189 1102 comitem
1224 1067 1442 1113 exquisitius,
1483 1079 1589 1112 quam
1603 1093 1614 1112 ,
1646 1067 1714 1103 suit

1038 1133 1164 1155 comes.
1181 1116 1313 1155 Se'dare
1320 1120 1416 1154 enim
1429 1120 1576 1154 omnino
1587 1119 1714 1154 dicun-

1038 1180 1096 1208 tur
1109 1174 1168 1218 qui
1184 1174 1358 1208 intersunt
1382 1180 1442 1207 aut
1468 1172 1594 1207 adsunt
1610 1172 1682 1208 aliis
1700 1199 1710 1216 ,

1038 1226 1081 1260 ad
1100 1239 1158 1261 eos
1174 1240 1210 1261 se
1237 1226 1418 1271 applicant.
1430 1243 1474 1251 ——
1494 1227 1587 1260 Cava
1601 1227 1705 1266 nube,

1037 1285 1077 1312 ut
1087 1304 1096 1322 ,
1109 1278 1168 1323 qui
1178 1291 1304 1323 aquam
1315 1276 1565 1323 ingrediuntur
1576 1302 1586 1320 ,
1600 1289 1712 1311 curva-

1035 1333 1073 1362 la
1084 1342 1173 1373 aqua
1183 1330 1384 1375 cinguntur,
1402 1328 1491 1374 apud
1502 1327 1691 1373 Virgilium
1699 1353 1710 1371 ‚

1033 1378 1167 1426 Georg:
1184 1380 1251 1424 IV,
1276 1381 1351 1415 361.
1367 1399 1412 1406 —
1438 1381 1576 1425 Crlhno.
1601 1378 1710 1414 MSS.

1035 1438 1170 1476 omnes,
1201 1435 1318 1479 Cypro.
1353 1432 1447 1477 Quae
1465 1431 1576 1467 insula
1600 1443 1711 1477 quum

1033 1492 1171 1518 remota
1187 1485 1290 1520 nimis
1313 1485 1356 1519 sit
1379 1499 1397 1519 a
1419 1484 1589 1530 Seripho,
1617 1483 1711 1518 varie

1034 1536 1102 1571 hoc
1120 1550 1253 1571 nomen
1270 1538 1312 1572 ab
1329 1537 1520 1572 editoribus
1535 1543 1712 1571 tentatum

1034 1595 1097 1621 est.
1121 1589 1251 1632 Cythno
1267 1589 1416 1622 correxit
1437 1588 1652 1633 Naugerius,
1678 1594 1715 1622 et

1031 1639 1079 1673 sic
1089 1639 1262 1674 Planudes
1274 1640 1377 1674 habet
1387 1641 1423 1674 in
1435 1640 1593 1685 Metaph.
1608 1639 1710 1674 Grae-

1031 1703 1080 1725 ca.
1113 1693 1260 1737 Cylhnus
1288 1699 1324 1726 et
1354 1694 1489 1738 Gyarus
1513 1705 1532 1727 e
1558 1704 1710 1726 numero

1037 1743 1232 1790 Cycladum
1244 1751 1336 1779 sunt.

1077 1798 1151 1839 254.
1169 1799 1420 1841 Virgineumque
1428 1797 1616 1840 Helicona5
1632 1796 1711 1831 He—

1033 1847 1123 1883 licon
1140 1849 1343 1895 Virginibus
1355 1875 1365 1892 ,
1389 1848 1458 1884 sive
1471 1875 1480 1893 ,
1498 1849 1611 1884 Musis
1623 1861 1711 1883 con-

1033 1908 1186 1936 secratus
1205 1927 1214 1944 ,
1234 1914 1305 1946 quo
1321 1908 1480 1946 tempore
1495 1913 1617 1935 earum
1635 1900 1712 1935 cul—

1033 1960 1088 1988 tus
1106 1967 1124 1988 e
1150 1953 1299 1988 Thracia
1315 1953 1353 1988 in
1375 1953 1548 1988 Boeotiam
1564 1953 1710 1988 transiit.

1034 2022 1078 2031 ·-
1094 2007 1228 2039 potitur
1242 2005 1336 2049 loco,
1353 2005 1412 2050 qui
1429 2017 1471 2039 eo
1482 2005 1652 2050 pervenit.
1666 2021 1711 2032 ·-

1034 2058 1168 2091 Sorores
1178 2064 1347 2092 vocantur
1365 2063 1400 2091 et
1411 2056 1527 2092 Furiae
1539 2057 1606 2100 IV,
1623 2057 1688 2101 470
1701 2069 1711 2098 ;

1033 2116 1136 2153 atque
1153 2109 1291 2153 Parcae,
1316 2109 1440 2143 Horat.
1458 2108 1495 2144 11
1508 2134 1518 2152 ‚
1538 2118 1585 2142 111
1598 2133 1608 2152 ,
1638 2109 1677 2143 15
1697 2121 1708 2150 ;

1033 2160 1094 2195 sed
1111 2160 1224 2195 Musae
1239 2162 1345 2195 docta·
1359 2173 1504 2202 sorores,
1523 2158 1619 2206 quod
1635 2158 1710 2204 epi—

1033 2212 1156 2248 theton
1186 2214 1227 2248 ab
1253 2213 1293 2248 iis
1316 2213 1360 2247 ad
1381 2220 1499 2258 poetas
1525 2213 1563 2247 in
1588 2211 1709 2258 primis

1033 2265 1240 2299 translatum
1257 2271 1318 2300 est.

1077 2315 1152 2349 256.
1175 2315 1402 2358 Novifonlt's,
1432 2326 1539 2360 quem
1554 2326 1572 2348 a
1594 2314 1708 2348 forma

1033 2366 1276 2412 Hippocrenes
1297 2377 1431 2400 nomen
1452 2365 1619 2411 accepisse
1641 2378 1710 2411 pu-

1031 2424 1117 2452 tant.
1136 2417 1207 2453 Sed
1228 2416 1476 2462 undecumque
1500 2417 1533 2451 ei
1558 2417 1709 2462 imposi—

1031 2477 1108 2505 tum
1116 2471 1158 2505 sit
1168 2496 1177 2513 ,
1195 2469 1424 2517 etymologica
1440 2469 1514 2514 ejus
1530 2470 1708 2515 interpre-

1028 2522 1114 2556 tatio
1143 2522 1294 2556 sabulam
1326 2521 1548 2557 ministravit.
1589 2522 1706 2556 Etiam

1031 2574 1205 2610 Troezenii
1234 2587 1344 2619 quum
1373 2575 1510 2609 sontem
1533 2574 1704 2608 haberent

1030 2628 1294 2674 cognominem,
1314 2629 1477 2676 mythum
1493 2627 1535 2662 ad
1546 2639 1582 2662 se
1598 2633 1705 2661 traxe-

1030 2687 1125 2714 runt.
1142 2680 1346 2723 Pausanias,
1369 2680 1407 2714 II
1419 2706 1429 2723 ,
1453 2679 1505 2713 31.
1522 2695 1566 2705 —-·
1577 2678 1704 2712 Medu-

1029 2746 1117 2768 soeus
1137 2746 1284 2779 praepes,
1314 2733 1465 2778 Pegasus
1492 2744 1511 2767 e
1534 2729 1701 2777 sanguine
