<?xml version="1.0" encoding="UTF-8"?>
<!DOCTYPE html PUBLIC "-//W3C//DTD XHTML 1.0 Transitional//EN"
    "http://www.w3.org/TR/xhtml1/DTD/xhtml1-transitional.dtd">
<html xmlns="http://www.w3.org/1999/xhtml" xml:lang="en" lang="en">
 <head>
  <title>
</title>
<meta http-equiv="Content-Type" content="text/html;charset=utf-8" />
  <meta name='ocr-system' content='tesseract 3.04.00' />
  <meta name='ocr-capabilities' content='ocr_page ocr_carea ocr_par ocr_line ocrx_word'/>
</head>
<body>
  <div class='ocr_page' id='page_1' title='image "./quaeextantomniao03oviduoft_0134.png"; bbox 0 0 1832 3100; ppageno 0'>
   <div class='ocr_carea' id='block_1_1' title="bbox 245 240 325 267">
    <p class='ocr_par' dir='ltr' id='par_1_1' title="bbox 245 240 325 267">
     <span class='ocr_line' id='line_1_1' title="bbox 245 240 325 267; baseline 0 0"><span class='ocrx_word' id='word_1_1' title='bbox 245 240 325 267; x_wconf 81' lang='lat'><strong>102</strong></span> 
     </span>
    </p>
   </div>
   <div class='ocr_carea' id='block_1_2' title="bbox 612 223 1280 269">
    <p class='ocr_par' dir='ltr' id='par_1_2' title="bbox 612 223 1280 269">
     <span class='ocr_line' id='line_1_2' title="bbox 612 223 1280 269; baseline 0.003 -2"><span class='ocrx_word' id='word_1_2' title='bbox 612 225 664 267; x_wconf 94' lang='lat' dir='ltr'><strong>P.</strong></span> <span class='ocrx_word' id='word_1_3' title='bbox 709 224 947 268; x_wconf 87' lang='lat' dir='ltr'><strong>OVIDII</strong></span> <span class='ocrx_word' id='word_1_4' title='bbox 982 223 1280 269; x_wconf 87' lang='lat' dir='ltr'><strong>NASONIS</strong></span> 
     </span>
    </p>
   </div>
   <div class='ocr_carea' id='block_1_3' title="bbox 240 316 1511 381">
    <p class='ocr_par' dir='ltr' id='par_1_3' title="bbox 240 316 1511 381">
     <span class='ocr_line' id='line_1_3' title="bbox 240 316 1511 381; baseline 0.003 -17"><span class='ocrx_word' id='word_1_5' title='bbox 240 341 265 363; x_wconf 83' lang='lat'><strong>&gt;›</strong></span> <span class='ocrx_word' id='word_1_6' title='bbox 292 318 475 366; x_wconf 84' lang='lat' dir='ltr'>Dixerat</span> <span class='ocrx_word' id='word_1_7' title='bbox 499 337 509 365; x_wconf 89' lang='lat'>:</span> <span class='ocrx_word' id='word_1_8' title='bbox 533 316 618 366; x_wconf 85' lang='lat' dir='ltr'><strong>ista</strong></span> <span class='ocrx_word' id='word_1_9' title='bbox 641 318 797 367; x_wconf 89' lang='lat' dir='ltr'><strong>decent</strong></span> <span class='ocrx_word' id='word_1_10' title='bbox 813 317 1023 366; x_wconf 86' lang='lat' dir='ltr'><strong>humeros</strong></span> <span class='ocrx_word' id='word_1_11' title='bbox 1048 318 1288 381; x_wconf 85' lang='lat' dir='ltr'>gestamina</span> <span class='ocrx_word' id='word_1_12' title='bbox 1306 331 1511 378; x_wconf 89' lang='lat' dir='ltr'><strong>nostros;</strong></span> 
     </span>
    </p>
   </div>
   <div class='ocr_carea' id='block_1_4' title="bbox 240 398 1562 466">
    <p class='ocr_par' dir='ltr' id='par_1_4' title="bbox 240 398 1562 466">
     <span class='ocr_line' id='line_1_4' title="bbox 240 398 1562 466; baseline 0.003 -20"><span class='ocrx_word' id='word_1_13' title='bbox 240 423 264 443; x_wconf 87' lang='lat'>»</span> <span class='ocrx_word' id='word_1_14' title='bbox 295 399 388 463; x_wconf 81' lang='lat' dir='ltr'><strong>Qui</strong></span> <span class='ocrx_word' id='word_1_15' title='bbox 414 399 513 448; x_wconf 87' lang='lat' dir='ltr'><strong>dare</strong></span> <span class='ocrx_word' id='word_1_16' title='bbox 536 411 653 448; x_wconf 88' lang='lat' dir='ltr'><strong>certa</strong></span> <span class='ocrx_word' id='word_1_17' title='bbox 675 398 795 457; x_wconf 84' lang='lat' dir='ltr'><strong>ferae,</strong></span> <span class='ocrx_word' id='word_1_18' title='bbox 821 399 923 447; x_wconf 87' lang='lat' dir='ltr'><strong>dare</strong></span> <span class='ocrx_word' id='word_1_19' title='bbox 946 398 1127 448; x_wconf 89' lang='lat' dir='ltr'><strong>vulnera</strong></span> <span class='ocrx_word' id='word_1_20' title='bbox 1150 419 1389 466; x_wconf 89' lang='lat' dir='ltr'><strong>possumus</strong></span> <span class='ocrx_word' id='word_1_21' title='bbox 1412 401 1562 460; x_wconf 88' lang='lat' dir='ltr'><strong>hosti;</strong></span> 
     </span>
    </p>
   </div>
   <div class='ocr_carea' id='block_1_5' title="bbox 238 481 1559 549">
    <p class='ocr_par' dir='ltr' id='par_1_5' title="bbox 238 481 1559 549">
     <span class='ocr_line' id='line_1_5' title="bbox 238 481 1559 549; baseline 0.002 -20"><span class='ocrx_word' id='word_1_22' title='bbox 238 504 263 524; x_wconf 66' lang='grc' dir='ltr'>υ</span> <span class='ocrx_word' id='word_1_23' title='bbox 292 482 386 545; x_wconf 81' lang='lat' dir='ltr'><strong>Qui</strong></span> <span class='ocrx_word' id='word_1_24' title='bbox 409 481 564 540; x_wconf 89' lang='lat' dir='ltr'><strong>modo,</strong></span> <span class='ocrx_word' id='word_1_25' title='bbox 588 481 798 547; x_wconf 84' lang='lat' dir='ltr'><strong>pestifero</strong></span> <span class='ocrx_word' id='word_1_26' title='bbox 825 493 894 529; x_wconf 91' lang='lat' dir='ltr'><strong>tot</strong></span> <span class='ocrx_word' id='word_1_27' title='bbox 913 481 1067 546; x_wconf 85' lang='lat' dir='ltr'><strong>jugera</strong></span> <span class='ocrx_word' id='word_1_28' title='bbox 1086 493 1238 530; x_wconf 89' lang='lat' dir='ltr'><strong>ventre</strong></span> <span class='ocrx_word' id='word_1_29' title='bbox 1261 495 1530 549; x_wconf 83' lang='lat' dir='ltr'><strong>prementem</strong></span> <span class='ocrx_word' id='word_1_30' title='bbox 1546 521 1559 542; x_wconf 90' lang='lat'><strong>,</strong></span> 
     </span>
    </p>
   </div>
   <div class='ocr_carea' id='block_1_6' title="bbox 239 565 1525 631">
    <p class='ocr_par' dir='ltr' id='par_1_6' title="bbox 239 565 1525 631">
     <span class='ocr_line' id='line_1_6' title="bbox 239 565 1525 631; baseline 0.002 -19"><span class='ocrx_word' id='word_1_31' title='bbox 239 587 265 608; x_wconf 75' lang='lat'><strong>2)</strong></span> <span class='ocrx_word' id='word_1_32' title='bbox 295 565 536 613; x_wconf 81' lang='lat' dir='ltr'><strong>Stravimus</strong></span> <span class='ocrx_word' id='word_1_33' title='bbox 560 565 825 622; x_wconf 86' lang='lat' dir='ltr'><strong>innumeris,</strong></span> <span class='ocrx_word' id='word_1_34' title='bbox 851 565 1070 613; x_wconf 89' lang='lat' dir='ltr'><strong>tumidum</strong></span> <span class='ocrx_word' id='word_1_35' title='bbox 1091 565 1312 631; x_wconf 83' lang='lat' dir='ltr'><strong>Pythona,</strong></span> <span class='ocrx_word' id='word_1_36' title='bbox 1339 566 1525 629; x_wconf 75' lang='lat' dir='ltr'>sagittis.</span> 
     </span>
    </p>
   </div>
   <div class='ocr_carea' id='block_1_7' title="bbox 1579 576 1659 627">
    <p class='ocr_par' dir='ltr' id='par_1_7' title="bbox 1579 576 1659 627">
     <span class='ocr_line' id='line_1_7' title="bbox 1579 576 1659 627; baseline 0 -49"><span class='ocrx_word' id='word_1_37' title='bbox 1579 576 1659 627; x_wconf 60' lang='lat'>,46⁰</span> 
     </span>
    </p>
   </div>
   <div class='ocr_carea' id='block_1_8' title="bbox 239 646 1413 713">
    <p class='ocr_par' dir='ltr' id='par_1_8' title="bbox 239 646 1413 713">
     <span class='ocr_line' id='line_1_8' title="bbox 239 646 1413 713; baseline 0.002 -19"><span class='ocrx_word' id='word_1_38' title='bbox 239 668 265 689; x_wconf 83' lang='lat'><strong>&gt;›</strong></span> <span class='ocrx_word' id='word_1_39' title='bbox 291 648 361 694; x_wconf 93' lang='lat' dir='ltr'><strong>Tu</strong></span> <span class='ocrx_word' id='word_1_40' title='bbox 385 646 501 705; x_wconf 86' lang='lat' dir='ltr'><strong>face,</strong></span> <span class='ocrx_word' id='word_1_41' title='bbox 521 647 671 695; x_wconf 91' lang='lat' dir='ltr'><strong>nescio</strong></span> <span class='ocrx_word' id='word_1_42' title='bbox 696 665 834 713; x_wconf 91' lang='lat' dir='ltr'><strong>quos,</strong></span> <span class='ocrx_word' id='word_1_43' title='bbox 859 657 955 695; x_wconf 92' lang='lat' dir='ltr'><strong>esto</strong></span> <span class='ocrx_word' id='word_1_44' title='bbox 979 658 1214 695; x_wconf 89' lang='lat' dir='ltr'><strong>contentus</strong></span> <span class='ocrx_word' id='word_1_45' title='bbox 1242 666 1413 696; x_wconf 87' lang='lat' dir='ltr'><strong>amores</strong></span> 
     </span>
    </p>
   </div>
   <div class='ocr_carea' id='block_1_9' title="bbox 240 729 1314 778">
    <p class='ocr_par' dir='ltr' id='par_1_9' title="bbox 240 729 1314 778">
     <span class='ocr_line' id='line_1_9' title="bbox 240 729 1314 778; baseline 0.002 -2"><span class='ocrx_word' id='word_1_46' title='bbox 240 752 264 771; x_wconf 72' lang='lat'><strong>2»</strong></span> <span class='ocrx_word' id='word_1_47' title='bbox 293 729 470 777; x_wconf 88' lang='lat' dir='ltr'><strong>Irritare</strong></span> <span class='ocrx_word' id='word_1_48' title='bbox 495 740 570 777; x_wconf 91' lang='lat' dir='ltr'><strong>tua</strong></span> <span class='ocrx_word' id='word_1_49' title='bbox 595 748 704 777; x_wconf 88' lang='lat' dir='ltr'><strong>:nec</strong></span> <span class='ocrx_word' id='word_1_50' title='bbox 726 729 877 778; x_wconf 88' lang='lat' dir='ltr'><strong>laudes</strong></span> <span class='ocrx_word' id='word_1_51' title='bbox 899 729 1048 778; x_wconf 85' lang='lat' dir='ltr'><strong>adsere</strong></span> <span class='ocrx_word' id='word_1_52' title='bbox 1067 741 1258 778; x_wconf 83' lang='lat' dir='ltr'><strong>nostras.</strong></span> <span class='ocrx_word' id='word_1_53' title='bbox 1290 751 1314 773; x_wconf 84' lang='lat'>»</span> 
     </span>
    </p>
   </div>
   <div class='ocr_carea' id='block_1_10' title="bbox 237 811 1465 875">
    <p class='ocr_par' dir='ltr' id='par_1_10' title="bbox 237 811 1465 875">
     <span class='ocr_line' id='line_1_10' title="bbox 237 811 1465 875; baseline 0.001 -15"><span class='ocrx_word' id='word_1_54' title='bbox 237 811 378 861; x_wconf 87' lang='lat' dir='ltr'><strong>Filius</strong></span> <span class='ocrx_word' id='word_1_55' title='bbox 400 812 505 861; x_wconf 79' lang='lat' dir='ltr'><strong>huic.</strong></span> <span class='ocrx_word' id='word_1_56' title='bbox 524 813 709 860; x_wconf 86' lang='lat' dir='ltr'><strong>Veneris</strong></span> <span class='ocrx_word' id='word_1_57' title='bbox 729 832 751 864; x_wconf 73' lang='grc' dir='ltr'><strong>ε,</strong></span> <span class='ocrx_word' id='word_1_58' title='bbox 769 835 791 855; x_wconf 89' lang='lat'>«</span> <span class='ocrx_word' id='word_1_59' title='bbox 811 813 940 875; x_wconf 83' lang='lat' dir='ltr'>Figat</span> <span class='ocrx_word' id='word_1_60' title='bbox 959 824 1062 860; x_wconf 91' lang='lat' dir='ltr'><strong>tuus</strong></span> <span class='ocrx_word' id='word_1_61' title='bbox 1082 813 1249 871; x_wconf 85' lang='lat' dir='ltr'><strong>onmia,</strong></span> <span class='ocrx_word' id='word_1_62' title='bbox 1275 813 1465 870; x_wconf 81' lang='lat' dir='ltr'><strong>Phoebe,</strong></span> 
     </span>
    </p>
   </div>
   <div class='ocr_carea' id='block_1_11' title="bbox 239 886 1473 961">
    <p class='ocr_par' dir='ltr' id='par_1_11' title="bbox 239 886 1473 961">
     <span class='ocr_line' id='line_1_11' title="bbox 239 886 1473 961; baseline 0.001 -20"><span class='ocrx_word' id='word_1_63' title='bbox 239 914 265 936; x_wconf 86' lang='lat'>»</span> <span class='ocrx_word' id='word_1_64' title='bbox 291 895 355 942; x_wconf 90' lang='lat' dir='ltr'><strong>Te</strong></span> <span class='ocrx_word' id='word_1_65' title='bbox 378 914 500 943; x_wconf 91' lang='lat' dir='ltr'><strong>meus</strong></span> <span class='ocrx_word' id='word_1_66' title='bbox 522 913 668 952; x_wconf 83' lang='lat' dir='ltr'><strong>arcus,</strong></span> <span class='ocrx_word' id='word_1_67' title='bbox 687 894 749 942; x_wconf 86' lang='lat' dir='ltr'><strong>ait</strong></span> <span class='ocrx_word' id='word_1_68' title='bbox 769 914 779 942; x_wconf 94' lang='lat'><strong>:</strong></span> <span class='ocrx_word' id='word_1_69' title='bbox 802 886 1056 961; x_wconf 86' lang='lat' dir='ltr'><strong>quantoque</strong></span> <span class='ocrx_word' id='word_1_70' title='bbox 1082 895 1285 944; x_wconf 87' lang='lat' dir='ltr'><strong>animalia</strong></span> <span class='ocrx_word' id='word_1_71' title='bbox 1309 895 1473 943; x_wconf 89' lang='lat' dir='ltr'><strong>cedunt</strong></span> 
     </span>
    </p>
   </div>
   <div class='ocr_carea' id='block_1_12' title="bbox 242 976 1520 1040">
    <p class='ocr_par' dir='ltr' id='par_1_12' title="bbox 242 976 1520 1040">
     <span class='ocr_line' id='line_1_12' title="bbox 242 976 1520 1040; baseline 0 -16"><span class='ocrx_word' id='word_1_72' title='bbox 242 998 267 1018; x_wconf 75' lang='lat'><strong>2»</strong></span> <span class='ocrx_word' id='word_1_73' title='bbox 298 977 471 1024; x_wconf 87' lang='lat' dir='ltr'><strong>Cuncta</strong></span> <span class='ocrx_word' id='word_1_74' title='bbox 496 976 605 1034; x_wconf 89' lang='lat' dir='ltr'><strong>tibi,</strong></span> <span class='ocrx_word' id='word_1_75' title='bbox 632 988 756 1025; x_wconf 86' lang='lat' dir='ltr'><strong>tanto</strong></span> <span class='ocrx_word' id='word_1_76' title='bbox 778 977 926 1025; x_wconf 91' lang='lat' dir='ltr'><strong>minor</strong></span> <span class='ocrx_word' id='word_1_77' title='bbox 951 989 1017 1026; x_wconf 91' lang='lat' dir='ltr'><strong>est</strong></span> <span class='ocrx_word' id='word_1_78' title='bbox 1041 989 1116 1026; x_wconf 87' lang='lat' dir='ltr'><strong>tua</strong></span> <span class='ocrx_word' id='word_1_79' title='bbox 1138 977 1278 1040; x_wconf 86' lang='lat' dir='ltr'><strong>gloria</strong></span> <span class='ocrx_word' id='word_1_80' title='bbox 1300 989 1466 1026; x_wconf 85' lang='lat' dir='ltr'><strong>nostra.</strong></span> <span class='ocrx_word' id='word_1_81' title='bbox 1497 998 1520 1019; x_wconf 90' lang='lat'>»</span> 
     </span>
    </p>
   </div>
   <div class='ocr_carea' id='block_1_13' title="bbox 1597 990 1663 1035">
    <p class='ocr_par' dir='ltr' id='par_1_13' title="bbox 1597 990 1663 1035">
     <span class='ocr_line' id='line_1_13' title="bbox 1597 990 1663 1035; baseline 0.015 -11"><span class='ocrx_word' id='word_1_82' title='bbox 1597 990 1663 1035; x_wconf 77' lang='lat'><strong>465</strong></span> 
     </span>
    </p>
   </div>
   <div class='ocr_carea' id='block_1_14' title="bbox 238 1057 1140 1126">
    <p class='ocr_par' dir='ltr' id='par_1_14' title="bbox 238 1057 1140 1126">
     <span class='ocr_line' id='line_1_14' title="bbox 238 1057 1140 1126; baseline 0.002 -21"><span class='ocrx_word' id='word_1_83' title='bbox 238 1058 368 1105; x_wconf 82' lang='lat' dir='ltr'><strong>Dixit</strong></span> <span class='ocrx_word' id='word_1_84' title='bbox 388 1077 398 1115; x_wconf 89' lang='grc'>;</span> <span class='ocrx_word' id='word_1_85' title='bbox 420 1069 463 1106; x_wconf 92' lang='lat' dir='ltr'><strong>et</strong></span> <span class='ocrx_word' id='word_1_86' title='bbox 487 1057 596 1106; x_wconf 88' lang='lat' dir='ltr'><strong>eliso</strong></span> <span class='ocrx_word' id='word_1_87' title='bbox 616 1059 838 1124; x_wconf 88' lang='lat' dir='ltr'><strong>percussis</strong></span> <span class='ocrx_word' id='word_1_88' title='bbox 861 1078 956 1107; x_wconf 90' lang='lat' dir='ltr'><strong>aere</strong></span> <span class='ocrx_word' id='word_1_89' title='bbox 980 1059 1140 1126; x_wconf 85' lang='lat' dir='ltr'><strong>pennis</strong></span> 
     </span>
    </p>
   </div>
   <div class='ocr_carea' id='block_1_15' title="bbox 240 1140 1255 1206">
    <p class='ocr_par' dir='ltr' id='par_1_15' title="bbox 240 1140 1255 1206">
     <span class='ocr_line' id='line_1_15' title="bbox 240 1140 1255 1206; baseline 0.005 -19"><span class='ocrx_word' id='word_1_90' title='bbox 240 1140 437 1206; x_wconf 85' lang='lat' dir='ltr'><strong>Impiger</strong></span> <span class='ocrx_word' id='word_1_91' title='bbox 459 1141 671 1189; x_wconf 85' lang='lat' dir='ltr'><strong>umbrosa</strong></span> <span class='ocrx_word' id='word_1_92' title='bbox 695 1141 877 1189; x_wconf 83' lang='lat' dir='ltr'><strong>Parnasi</strong></span> <span class='ocrx_word' id='word_1_93' title='bbox 902 1141 1104 1190; x_wconf 87' lang='lat' dir='ltr'><strong>constitit</strong></span> <span class='ocrx_word' id='word_1_94' title='bbox 1127 1160 1222 1189; x_wconf 86' lang='lat' dir='ltr'><strong>arce</strong></span> <span class='ocrx_word' id='word_1_95' title='bbox 1243 1161 1255 1192; x_wconf 87' lang='lat'>:</span> 
     </span>
    </p>
   </div>
   <div class='ocr_carea' id='block_1_16' title="bbox 238 1280 928 2786">
    <p class='ocr_par' dir='ltr' id='par_1_16' title="bbox 238 1280 924 1688">
     <span class='ocr_line' id='line_1_16' title="bbox 281 1280 921 1324; baseline -0.002 -10"><span class='ocrx_word' id='word_1_96' title='bbox 281 1280 354 1323; x_wconf 70' lang='lat'><strong>457.</strong></span> <span class='ocrx_word' id='word_1_97' title='bbox 383 1281 583 1318; x_wconf 76' lang='lat' dir='ltr'><strong>Gestumen,</strong></span> <span class='ocrx_word' id='word_1_98' title='bbox 604 1292 701 1314; x_wconf 88' lang='lat' dir='ltr'><strong>arcus</strong></span> <span class='ocrx_word' id='word_1_99' title='bbox 715 1305 724 1322; x_wconf 91' lang='lat'><strong>,</strong></span> <span class='ocrx_word' id='word_1_100' title='bbox 749 1285 921 1324; x_wconf 78' lang='lat' dir='ltr'><strong>quatenus</strong></span> 
     </span>
     <span class='ocr_line' id='line_1_17' title="bbox 239 1331 921 1378; baseline 0 -12"><span class='ocrx_word' id='word_1_101' title='bbox 239 1338 402 1378; x_wconf 83' lang='lat' dir='ltr'><strong>gestatur.</strong></span> <span class='ocrx_word' id='word_1_102' title='bbox 414 1331 519 1366; x_wconf 85' lang='lat' dir='ltr'><strong>Amat</strong></span> <span class='ocrx_word' id='word_1_103' title='bbox 527 1333 653 1366; x_wconf 84' lang='lat' dir='ltr'><strong>Noster</strong></span> <span class='ocrx_word' id='word_1_104' title='bbox 660 1333 800 1367; x_wconf 87' lang='lat' dir='ltr'><strong>substan</strong></span> <span class='ocrx_word' id='word_1_105' title='bbox 806 1333 873 1367; x_wconf 83' lang='lat' dir='ltr'><strong>tiva</strong></span> <span class='ocrx_word' id='word_1_106' title='bbox 884 1333 921 1366; x_wconf 89' lang='lat' dir='ltr'><strong>in</strong></span> 
     </span>
     <span class='ocr_line' id='line_1_18' title="bbox 238 1382 924 1419; baseline 0.001 -2"><span class='ocrx_word' id='word_1_107' title='bbox 238 1397 335 1417; x_wconf 82' lang='lat' dir='ltr'><strong>amen</strong></span> <span class='ocrx_word' id='word_1_108' title='bbox 349 1382 553 1418; x_wconf 88' lang='lat' dir='ltr'><strong>desinentia.</strong></span> <span class='ocrx_word' id='word_1_109' title='bbox 563 1402 608 1410; x_wconf 89' lang='lat'><em>-</em></span> <span class='ocrx_word' id='word_1_110' title='bbox 617 1386 782 1419; x_wconf 81' lang='lat' dir='ltr'><strong>Humeros</strong></span> <span class='ocrx_word' id='word_1_111' title='bbox 792 1389 924 1418; x_wconf 85' lang='lat' dir='ltr'><strong>noslros</strong></span> 
     </span>
     <span class='ocr_line' id='line_1_19' title="bbox 239 1435 923 1481; baseline 0 -12"><span class='ocrx_word' id='word_1_112' title='bbox 239 1435 375 1481; x_wconf 79' lang='lat' dir='ltr'><strong>plenius</strong></span> <span class='ocrx_word' id='word_1_113' title='bbox 403 1449 509 1480; x_wconf 85' lang='lat' dir='ltr'><strong>quam</strong></span> <span class='ocrx_word' id='word_1_114' title='bbox 522 1462 530 1474; x_wconf 92' lang='lat'><strong>,</strong></span> <span class='ocrx_word' id='word_1_115' title='bbox 558 1448 628 1477; x_wconf 84' lang='lat' dir='ltr'><strong>me,</strong></span> <span class='ocrx_word' id='word_1_116' title='bbox 654 1436 733 1480; x_wconf 78' lang='lat' dir='ltr'><strong>quia</strong></span> <span class='ocrx_word' id='word_1_117' title='bbox 762 1449 860 1470; x_wconf 81' lang='lat' dir='ltr'><strong>arcus</strong></span> <span class='ocrx_word' id='word_1_118' title='bbox 882 1449 923 1469; x_wconf 87' lang='lat' dir='ltr'><strong>ex</strong></span> 
     </span>
     <span class='ocr_line' id='line_1_20' title="bbox 239 1487 924 1535; baseline -0.001 -13"><span class='ocrx_word' id='word_1_119' title='bbox 239 1487 396 1522; x_wconf 87' lang='lat' dir='ltr'><strong>humeris</strong></span> <span class='ocrx_word' id='word_1_120' title='bbox 405 1487 686 1535; x_wconf 86' lang='lat' dir='ltr'><strong>suspenduntur:</strong></span> <span class='ocrx_word' id='word_1_121' title='bbox 697 1492 829 1522; x_wconf 75' lang='lat' dir='ltr'><strong>nostros</strong></span> <span class='ocrx_word' id='word_1_122' title='bbox 839 1487 924 1521; x_wconf 82' lang='lat' dir='ltr'><strong>dixit</strong></span> 
     </span>
     <span class='ocr_line' id='line_1_21' title="bbox 241 1539 924 1586; baseline 0 -14"><span class='ocrx_word' id='word_1_123' title='bbox 241 1539 418 1585; x_wconf 78' lang='lat' dir='ltr'><strong>dignitatis</strong></span> <span class='ocrx_word' id='word_1_124' title='bbox 434 1551 551 1581; x_wconf 86' lang='lat' dir='ltr'><strong>causa;</strong></span> <span class='ocrx_word' id='word_1_125' title='bbox 570 1541 779 1586; x_wconf 57' lang='grc' dir='ltr'><strong>ἰ’γθιμοιῶμοι</strong></span> <span class='ocrx_word' id='word_1_126' title='bbox 792 1566 802 1583; x_wconf 87' lang='grc'><em>,</em></span> <span class='ocrx_word' id='word_1_127' title='bbox 816 1539 924 1573; x_wconf 85' lang='lat' dir='ltr'><strong>sortes</strong></span> 
     </span>
     <span class='ocr_line' id='line_1_22' title="bbox 242 1591 923 1638; baseline -0.001 -11"><span class='ocrx_word' id='word_1_128' title='bbox 242 1592 382 1627; x_wconf 88' lang='lat' dir='ltr'><strong>humeri</strong></span> <span class='ocrx_word' id='word_1_129' title='bbox 396 1618 405 1635; x_wconf 93' lang='lat'>‚</span> <span class='ocrx_word' id='word_1_130' title='bbox 435 1592 641 1626; x_wconf 87' lang='lat' dir='ltr'><strong>tribuuntur</strong></span> <span class='ocrx_word' id='word_1_131' title='bbox 658 1592 811 1638; x_wconf 85' lang='lat' dir='ltr'><strong>Apollini</strong></span> <span class='ocrx_word' id='word_1_132' title='bbox 831 1591 923 1638; x_wconf 83' lang='lat' dir='ltr'><strong>apud</strong></span> 
     </span>
     <span class='ocr_line' id='line_1_23' title="bbox 247 1643 617 1688; baseline -0.003 -10"><span class='ocrx_word' id='word_1_133' title='bbox 247 1644 396 1678; x_wconf 88' lang='lat' dir='ltr'><strong>Homer.</strong></span> <span class='ocrx_word' id='word_1_134' title='bbox 414 1643 449 1677; x_wconf 90' lang='lat' dir='ltr'><strong>h.</strong></span> <span class='ocrx_word' id='word_1_135' title='bbox 469 1643 569 1688; x_wconf 88' lang='lat' dir='ltr'><strong>Apol.</strong></span> <span class='ocrx_word' id='word_1_136' title='bbox 589 1657 617 1688; x_wconf 89' lang='lat'><strong>7.</strong></span> 
     </span>
    </p>

    <p class='ocr_par' dir='ltr' id='par_1_17' title="bbox 241 1694 928 2105">
     <span class='ocr_line' id='line_1_24' title="bbox 286 1694 926 1740; baseline -0.002 -11"><span class='ocrx_word' id='word_1_137' title='bbox 286 1697 360 1740; x_wconf 79' lang='lat'><strong>458.</strong></span> <span class='ocrx_word' id='word_1_138' title='bbox 377 1697 536 1738; x_wconf 71' lang='lat' dir='ltr'><strong>Quidam</strong></span> <span class='ocrx_word' id='word_1_139' title='bbox 549 1695 738 1739; x_wconf 81' lang='lat' dir='ltr'><strong>cerlaseroe.</strong></span> <span class='ocrx_word' id='word_1_140' title='bbox 752 1694 824 1728; x_wconf 87' lang='lat' dir='ltr'><strong>Dat</strong></span> <span class='ocrx_word' id='word_1_141' title='bbox 834 1698 926 1728; x_wconf 77' lang='lat' dir='ltr'><strong>certa</strong></span> 
     </span>
     <span class='ocr_line' id='line_1_25' title="bbox 241 1748 924 1794; baseline -0.003 -12"><span class='ocrx_word' id='word_1_142' title='bbox 241 1751 381 1783; x_wconf 77' lang='lat' dir='ltr'><strong>vulnera</strong></span> <span class='ocrx_word' id='word_1_143' title='bbox 403 1748 431 1783; x_wconf 90' lang='lat' dir='ltr'><strong>is</strong></span> <span class='ocrx_word' id='word_1_144' title='bbox 443 1774 453 1792; x_wconf 93' lang='lat'><strong>,</strong></span> <span class='ocrx_word' id='word_1_145' title='bbox 482 1749 582 1793; x_wconf 79' lang='lat' dir='ltr'><strong>eujus</strong></span> <span class='ocrx_word' id='word_1_146' title='bbox 599 1748 720 1794; x_wconf 82' lang='lat' dir='ltr'><strong>sagitta</strong></span> <span class='ocrx_word' id='word_1_147' title='bbox 740 1759 924 1792; x_wconf 88' lang='lat' dir='ltr'><strong>nunquam</strong></span> 
     </span>
     <span class='ocr_line' id='line_1_26' title="bbox 243 1797 926 1844; baseline -0.004 -10"><span class='ocrx_word' id='word_1_148' title='bbox 243 1801 380 1834; x_wconf 85' lang='lat' dir='ltr'><strong>aberrat</strong></span> <span class='ocrx_word' id='word_1_149' title='bbox 392 1811 534 1844; x_wconf 79' lang='lat' dir='ltr'><strong>ascopo.</strong></span> <span class='ocrx_word' id='word_1_150' title='bbox 548 1798 620 1834; x_wconf 89' lang='lat' dir='ltr'><strong>Sed</strong></span> <span class='ocrx_word' id='word_1_151' title='bbox 631 1804 666 1833; x_wconf 89' lang='lat' dir='ltr'><strong>et</strong></span> <span class='ocrx_word' id='word_1_152' title='bbox 679 1797 820 1844; x_wconf 89' lang='lat' dir='ltr'><strong>Cupido</strong></span> <span class='ocrx_word' id='word_1_153' title='bbox 833 1803 926 1832; x_wconf 84' lang='lat' dir='ltr'><strong>certa</strong></span> 
     </span>
     <span class='ocr_line' id='line_1_27' title="bbox 243 1851 924 1893; baseline -0.003 -6"><span class='ocrx_word' id='word_1_154' title='bbox 243 1858 358 1887; x_wconf 76' lang='lat' dir='ltr'><strong>tenera</strong></span> <span class='ocrx_word' id='word_1_155' title='bbox 383 1855 451 1886; x_wconf 78' lang='lat' dir='ltr'><strong>tela</strong></span> <span class='ocrx_word' id='word_1_156' title='bbox 475 1854 622 1886; x_wconf 79' lang='lat' dir='ltr'><strong>demittit</strong></span> <span class='ocrx_word' id='word_1_157' title='bbox 643 1864 744 1885; x_wconf 84' lang='lat' dir='ltr'><strong>manu</strong></span> <span class='ocrx_word' id='word_1_158' title='bbox 756 1878 765 1893; x_wconf 94' lang='lat'><strong>,</strong></span> <span class='ocrx_word' id='word_1_159' title='bbox 799 1851 924 1886; x_wconf 86' lang='lat' dir='ltr'><strong>Senec.</strong></span> 
     </span>
     <span class='ocr_line' id='line_1_28' title="bbox 243 1902 926 1948; baseline 0 -10"><span class='ocrx_word' id='word_1_160' title='bbox 243 1905 351 1938; x_wconf 86' lang='lat' dir='ltr'><strong>Herc.</strong></span> <span class='ocrx_word' id='word_1_161' title='bbox 376 1904 450 1938; x_wconf 89' lang='lat' dir='ltr'><strong>OEt.</strong></span> <span class='ocrx_word' id='word_1_162' title='bbox 468 1917 556 1938; x_wconf 86' lang='lat' dir='ltr'><strong>vers.</strong></span> <span class='ocrx_word' id='word_1_163' title='bbox 575 1905 658 1947; x_wconf 75' lang='lat'><strong>5403</strong></span> <span class='ocrx_word' id='word_1_164' title='bbox 683 1910 719 1937; x_wconf 88' lang='lat' dir='ltr'><strong>et</strong></span> <span class='ocrx_word' id='word_1_165' title='bbox 740 1916 781 1937; x_wconf 83' lang='lat' dir='ltr'><strong>ex</strong></span> <span class='ocrx_word' id='word_1_166' title='bbox 796 1902 926 1948; x_wconf 73' lang='lat' dir='ltr'><strong>pusillis</strong></span> 
     </span>
     <span class='ocr_line' id='line_1_29' title="bbox 243 1955 928 2001; baseline -0.003 -10"><span class='ocrx_word' id='word_1_167' title='bbox 243 1958 319 2000; x_wconf 73' lang='lat' dir='ltr'><strong>ejus</strong></span> <span class='ocrx_word' id='word_1_168' title='bbox 346 1955 503 1990; x_wconf 87' lang='lat' dir='ltr'><strong>humeris</strong></span> <span class='ocrx_word' id='word_1_169' title='bbox 532 1955 664 2001; x_wconf 84' lang='lat' dir='ltr'><strong>pendet</strong></span> <span class='ocrx_word' id='word_1_170' title='bbox 695 1956 928 2000; x_wconf 68' lang='grc' dir='ltr'><strong>πανδαμάτειρα</strong></span> 
     </span>
     <span class='ocr_line' id='line_1_30' title="bbox 246 2006 927 2057; baseline -0.001 -16"><span class='ocrx_word' id='word_1_171' title='bbox 246 2010 372 2057; x_wconf 56' lang='grc' dir='ltr'><strong>φαρέτρη</strong></span> <span class='ocrx_word' id='word_1_172' title='bbox 386 2021 395 2048; x_wconf 86' lang='grc'>;</span> <span class='ocrx_word' id='word_1_173' title='bbox 422 2006 517 2051; x_wconf 89' lang='lat' dir='ltr'><strong>quod</strong></span> <span class='ocrx_word' id='word_1_174' title='bbox 537 2006 664 2051; x_wconf 87' lang='lat' dir='ltr'><strong>Apollo</strong></span> <span class='ocrx_word' id='word_1_175' title='bbox 688 2006 760 2051; x_wconf 88' lang='lat' dir='ltr'><strong>ipse</strong></span> <span class='ocrx_word' id='word_1_176' title='bbox 787 2018 868 2040; x_wconf 87' lang='lat' dir='ltr'><strong>mox</strong></span> <span class='ocrx_word' id='word_1_177' title='bbox 891 2012 927 2040; x_wconf 89' lang='lat' dir='ltr'><strong>et</strong></span> 
     </span>
     <span class='ocr_line' id='line_1_31' title="bbox 243 2058 816 2105; baseline -0.005 -11"><span class='ocrx_word' id='word_1_178' title='bbox 243 2059 370 2094; x_wconf 84' lang='lat' dir='ltr'><strong>sentiet</strong></span> <span class='ocrx_word' id='word_1_179' title='bbox 386 2065 421 2092; x_wconf 80' lang='lat' dir='ltr'><strong>et</strong></span> <span class='ocrx_word' id='word_1_180' title='bbox 437 2058 618 2099; x_wconf 83' lang='lat' dir='ltr'><strong>fatebitur,</strong></span> <span class='ocrx_word' id='word_1_181' title='bbox 637 2071 725 2093; x_wconf 90' lang='lat' dir='ltr'><strong>vers.</strong></span> <span class='ocrx_word' id='word_1_182' title='bbox 743 2061 816 2105; x_wconf 86' lang='lat'><strong>519.</strong></span> 
     </span>
    </p>

    <p class='ocr_par' dir='ltr' id='par_1_18' title="bbox 245 2108 925 2205">
     <span class='ocr_line' id='line_1_32' title="bbox 288 2108 925 2154; baseline -0.002 -11"><span class='ocrx_word' id='word_1_183' title='bbox 288 2111 364 2154; x_wconf 79' lang='lat'><strong>460.</strong></span> <span class='ocrx_word' id='word_1_184' title='bbox 396 2110 572 2143; x_wconf 81' lang='lat' dir='ltr'><strong>Tumidum</strong></span> <span class='ocrx_word' id='word_1_185' title='bbox 584 2135 593 2149; x_wconf 87' lang='lat'><strong>,</strong></span> <span class='ocrx_word' id='word_1_186' title='bbox 618 2108 747 2143; x_wconf 87' lang='lat' dir='ltr'><strong>scilicet</strong></span> <span class='ocrx_word' id='word_1_187' title='bbox 762 2121 902 2143; x_wconf 84' lang='lat' dir='ltr'><strong>veneno</strong></span> <span class='ocrx_word' id='word_1_188' title='bbox 914 2134 925 2151; x_wconf 91' lang='lat'><strong>,</strong></span> 
     </span>
     <span class='ocr_line' id='line_1_33' title="bbox 245 2161 876 2205; baseline -0.006 -7"><span class='ocrx_word' id='word_1_189' title='bbox 245 2164 367 2198; x_wconf 79' lang='lat' dir='ltr'><strong>confer</strong></span> <span class='ocrx_word' id='word_1_190' title='bbox 379 2163 435 2205; x_wconf 87' lang='lat' dir='ltr'><strong>X,</strong></span> <span class='ocrx_word' id='word_1_191' title='bbox 456 2162 541 2204; x_wconf 80' lang='lat'>313;</span> <span class='ocrx_word' id='word_1_192' title='bbox 564 2162 611 2204; x_wconf 92' lang='lat' dir='ltr'><strong>V,</strong></span> <span class='ocrx_word' id='word_1_193' title='bbox 630 2161 735 2195; x_wconf 89' lang='lat' dir='ltr'><strong>Trist.</strong></span> <span class='ocrx_word' id='word_1_194' title='bbox 754 2171 783 2194; x_wconf 84' lang='lat'><strong>11</strong></span> <span class='ocrx_word' id='word_1_195' title='bbox 796 2186 805 2204; x_wconf 90' lang='lat'><strong>,</strong></span> <span class='ocrx_word' id='word_1_196' title='bbox 827 2163 876 2204; x_wconf 75' lang='lat'><strong>14.</strong></span> 
     </span>
    </p>

    <p class='ocr_par' dir='ltr' id='par_1_19' title="bbox 244 2212 928 2681">
     <span class='ocr_line' id='line_1_34' title="bbox 288 2212 927 2260; baseline -0.005 -10"><span class='ocrx_word' id='word_1_197' title='bbox 288 2216 361 2260; x_wconf 62' lang='lat'><strong>4611</strong></span> <span class='ocrx_word' id='word_1_198' title='bbox 384 2216 418 2248; x_wconf 83' lang='lat' dir='ltr'><em>T</em></span> <span class='ocrx_word' id='word_1_199' title='bbox 413 2229 434 2249; x_wconf 91' lang='lat' dir='ltr'><strong>u</strong></span> <span class='ocrx_word' id='word_1_200' title='bbox 436 2215 538 2259; x_wconf 82' lang='lat' dir='ltr'><strong>face,</strong></span> <span class='ocrx_word' id='word_1_201' title='bbox 556 2217 668 2248; x_wconf 81' lang='lat' dir='ltr'><strong>nescio</strong></span> <span class='ocrx_word' id='word_1_202' title='bbox 677 2226 770 2258; x_wconf 82' lang='lat' dir='ltr'><strong>quos.</strong></span> <span class='ocrx_word' id='word_1_203' title='bbox 781 2213 867 2246; x_wconf 82' lang='lat' dir='ltr'><strong>Haec</strong></span> <span class='ocrx_word' id='word_1_204' title='bbox 879 2212 927 2247; x_wconf 88' lang='lat' dir='ltr'><strong>ita</strong></span> 
     </span>
     <span class='ocr_line' id='line_1_35' title="bbox 247 2264 927 2313; baseline -0.009 -10"><span class='ocrx_word' id='word_1_205' title='bbox 247 2267 464 2313; x_wconf 88' lang='lat' dir='ltr'><strong>respondent</strong></span> <span class='ocrx_word' id='word_1_206' title='bbox 478 2265 713 2310; x_wconf 88' lang='lat' dir='ltr'><strong>superioribus</strong></span> <span class='ocrx_word' id='word_1_207' title='bbox 723 2291 732 2307; x_wconf 93' lang='lat'><strong>,</strong></span> <span class='ocrx_word' id='word_1_208' title='bbox 751 2272 790 2298; x_wconf 89' lang='lat' dir='ltr'><strong>ut</strong></span> <span class='ocrx_word' id='word_1_209' title='bbox 805 2264 842 2298; x_wconf 89' lang='lat' dir='ltr'><strong>in</strong></span> <span class='ocrx_word' id='word_1_210' title='bbox 856 2265 927 2298; x_wconf 89' lang='lat' dir='ltr'><strong>sin-</strong></span> 
     </span>
     <span class='ocr_line' id='line_1_36' title="bbox 247 2317 928 2366; baseline -0.007 -11"><span class='ocrx_word' id='word_1_211' title='bbox 247 2320 334 2366; x_wconf 88' lang='lat' dir='ltr'><strong>gulis</strong></span> <span class='ocrx_word' id='word_1_212' title='bbox 351 2321 424 2355; x_wconf 83' lang='lat' dir='ltr'><strong>fere</strong></span> <span class='ocrx_word' id='word_1_213' title='bbox 438 2318 550 2353; x_wconf 80' lang='lat' dir='ltr'><strong>verbis</strong></span> <span class='ocrx_word' id='word_1_214' title='bbox 565 2319 608 2353; x_wconf 90' lang='lat' dir='ltr'><strong>sit</strong></span> <span class='ocrx_word' id='word_1_215' title='bbox 625 2317 804 2363; x_wconf 87' lang='lat' dir='ltr'><strong>oppositio.</strong></span> <span class='ocrx_word' id='word_1_216' title='bbox 822 2319 928 2352; x_wconf 76' lang='lat' dir='ltr'><em>Faci-</em></span> 
     </span>
     <span class='ocr_line' id='line_1_37' title="bbox 247 2368 928 2417; baseline -0.006 -11"><span class='ocrx_word' id='word_1_217' title='bbox 247 2376 308 2406; x_wconf 84' lang='lat' dir='ltr'><strong>bus</strong></span> <span class='ocrx_word' id='word_1_218' title='bbox 322 2385 410 2417; x_wconf 86' lang='lat' dir='ltr'><strong>saepe</strong></span> <span class='ocrx_word' id='word_1_219' title='bbox 427 2377 579 2405; x_wconf 87' lang='lat' dir='ltr'><strong>armatus</strong></span> <span class='ocrx_word' id='word_1_220' title='bbox 593 2369 743 2415; x_wconf 88' lang='lat' dir='ltr'><strong>Cupido.</strong></span> <span class='ocrx_word' id='word_1_221' title='bbox 760 2368 928 2403; x_wconf 78' lang='lat' dir='ltr'><strong>Moschus</strong></span> 
     </span>
     <span class='ocr_line' id='line_1_38' title="bbox 248 2426 927 2471; baseline -0.004 -9"><span class='ocrx_word' id='word_1_222' title='bbox 248 2427 300 2462; x_wconf 83' lang='lat' dir='ltr'><strong>Id.</strong></span> <span class='ocrx_word' id='word_1_223' title='bbox 314 2428 330 2462; x_wconf 89' lang='lat' dir='ltr'>I</span> <span class='ocrx_word' id='word_1_224' title='bbox 345 2454 353 2470; x_wconf 90' lang='lat'><strong>,</strong></span> <span class='ocrx_word' id='word_1_225' title='bbox 373 2428 415 2461; x_wconf 81' lang='lat'><strong>23</strong></span> <span class='ocrx_word' id='word_1_226' title='bbox 430 2436 438 2458; x_wconf 70' lang='grc' dir='ltr'>ἒ</span> <span class='ocrx_word' id='word_1_227' title='bbox 452 2429 532 2461; x_wconf 59' lang='lat' dir='ltr'><strong>Bou&amp;</strong></span> <span class='ocrx_word' id='word_1_228' title='bbox 548 2429 667 2471; x_wconf 69' lang='grc' dir='ltr'>λαμπὰς</span> <span class='ocrx_word' id='word_1_229' title='bbox 683 2428 766 2461; x_wconf 78' lang='grc' dir='ltr'><strong><em>εὀῖσοε</em></strong></span> <span class='ocrx_word' id='word_1_230' title='bbox 781 2428 830 2460; x_wconf 72' lang='grc' dir='ltr'><strong>τὶν</strong></span> <span class='ocrx_word' id='word_1_231' title='bbox 844 2426 927 2460; x_wconf 74' lang='grc' dir='ltr'>ἅλιον</span> 
     </span>
     <span class='ocr_line' id='line_1_39' title="bbox 247 2479 926 2524; baseline -0.007 -8"><span class='ocrx_word' id='word_1_232' title='bbox 247 2483 334 2516; x_wconf 66' lang='grc' dir='ltr'>αὐτὸν</span> <span class='ocrx_word' id='word_1_233' title='bbox 352 2481 467 2515; x_wconf 72' lang='grc' dir='ltr'><strong>ἀνοιίθει</strong></span> <span class='ocrx_word' id='word_1_234' title='bbox 479 2506 488 2522; x_wconf 91' lang='grc'><strong>,</strong></span> <span class='ocrx_word' id='word_1_235' title='bbox 506 2483 650 2524; x_wconf 72' lang='lat' dir='ltr'><strong>parvula</strong></span> <span class='ocrx_word' id='word_1_236' title='bbox 655 2479 728 2523; x_wconf 65' lang='lat' dir='ltr'><strong>fax¹</strong></span> <span class='ocrx_word' id='word_1_237' title='bbox 743 2480 851 2512; x_wconf 86' lang='lat' dir='ltr'><strong>Solem</strong></span> <span class='ocrx_word' id='word_1_238' title='bbox 865 2481 926 2523; x_wconf 82' lang='lat' dir='ltr'><strong>ip·-</strong></span> 
     </span>
     <span class='ocr_line' id='line_1_40' title="bbox 244 2535 925 2577; baseline -0.003 -10"><span class='ocrx_word' id='word_1_239' title='bbox 244 2546 316 2567; x_wconf 87' lang='lat' dir='ltr'><strong>sum</strong></span> <span class='ocrx_word' id='word_1_240' title='bbox 318 2536 453 2577; x_wconf 71' lang='lat' dir='ltr'><strong>perurit.</strong></span> <span class='ocrx_word' id='word_1_241' title='bbox 466 2551 511 2558; x_wconf 89' lang='lat'>—</span> <span class='ocrx_word' id='word_1_242' title='bbox 519 2535 641 2568; x_wconf 80' lang='lat' dir='ltr'><strong>Nescio</strong></span> <span class='ocrx_word' id='word_1_243' title='bbox 653 2545 733 2577; x_wconf 80' lang='lat' dir='ltr'><strong>quos</strong></span> <span class='ocrx_word' id='word_1_244' title='bbox 741 2558 750 2575; x_wconf 91' lang='lat'><strong>,</strong></span> <span class='ocrx_word' id='word_1_245' title='bbox 761 2538 925 2566; x_wconf 83' lang='lat' dir='ltr'><strong>contem—</strong></span> 
     </span>
     <span class='ocr_line' id='line_1_41' title="bbox 249 2584 925 2628; baseline -0.001 -9"><span class='ocrx_word' id='word_1_246' title='bbox 249 2586 314 2620; x_wconf 83' lang='lat' dir='ltr'><strong>tim</strong></span> <span class='ocrx_word' id='word_1_247' title='bbox 328 2611 337 2628; x_wconf 94' lang='lat'><strong>,</strong></span> <span class='ocrx_word' id='word_1_248' title='bbox 363 2599 401 2619; x_wconf 80' lang='lat' dir='ltr'><strong>ac</strong></span> <span class='ocrx_word' id='word_1_249' title='bbox 423 2585 451 2619; x_wconf 85' lang='lat' dir='ltr'><strong>si</strong></span> <span class='ocrx_word' id='word_1_250' title='bbox 479 2585 628 2627; x_wconf 81' lang='lat' dir='ltr'><strong>diceret,</strong></span> <span class='ocrx_word' id='word_1_251' title='bbox 647 2585 758 2628; x_wconf 85' lang='lat' dir='ltr'><strong>leves,</strong></span> <span class='ocrx_word' id='word_1_252' title='bbox 782 2584 925 2628; x_wconf 87' lang='lat' dir='ltr'><strong>molles,</strong></span> 
     </span>
     <span class='ocr_line' id='line_1_42' title="bbox 248 2630 785 2681; baseline -0.002 -11"><span class='ocrx_word' id='word_1_253' title='bbox 248 2630 351 2681; x_wconf 83' lang='lat' dir='ltr'><strong>atque</strong></span> <span class='ocrx_word' id='word_1_254' title='bbox 368 2636 450 2670; x_wconf 89' lang='lat' dir='ltr'><strong>viris</strong></span> <span class='ocrx_word' id='word_1_255' title='bbox 465 2636 703 2681; x_wconf 83' lang='lat' dir='ltr'><strong>negligendos.</strong></span> <span class='ocrx_word' id='word_1_256' title='bbox 720 2637 785 2670; x_wconf 88' lang='lat' dir='ltr'><strong>Ed.</strong></span> 
     </span>
    </p>

    <p class='ocr_par' dir='ltr' id='par_1_20' title="bbox 248 2686 925 2786">
     <span class='ocr_line' id='line_1_43' title="bbox 290 2686 925 2733; baseline -0.002 -11"><span class='ocrx_word' id='word_1_257' title='bbox 290 2689 363 2732; x_wconf 73' lang='lat'><strong>452.</strong></span> <span class='ocrx_word' id='word_1_258' title='bbox 380 2690 523 2722; x_wconf 76' lang='lat' dir='ltr'><strong>Irrt&#39;tare.</strong></span> <span class='ocrx_word' id='word_1_259' title='bbox 541 2689 612 2722; x_wconf 91' lang='lat' dir='ltr'><strong>Pro</strong></span> <span class='ocrx_word' id='word_1_260' title='bbox 628 2691 758 2722; x_wconf 54' lang='lat' dir='ltr'><strong>instare</strong></span> <span class='ocrx_word' id='word_1_261' title='bbox 768 2686 925 2733; x_wconf 81' lang='lat' dir='ltr'><strong>plerique</strong></span> 
     </span>
     <span class='ocr_line' id='line_1_44' title="bbox 248 2740 925 2786; baseline -0.001 -12"><span class='ocrx_word' id='word_1_262' title='bbox 248 2741 390 2776; x_wconf 82' lang='lat' dir='ltr'><strong>Viviani</strong></span> <span class='ocrx_word' id='word_1_263' title='bbox 406 2747 441 2776; x_wconf 86' lang='lat' dir='ltr'><strong>et</strong></span> <span class='ocrx_word' id='word_1_264' title='bbox 457 2740 512 2775; x_wconf 88' lang='lat' dir='ltr'><strong>alii</strong></span> <span class='ocrx_word' id='word_1_265' title='bbox 532 2740 693 2786; x_wconf 82' lang='lat' dir='ltr'><strong>quidam,</strong></span> <span class='ocrx_word' id='word_1_266' title='bbox 708 2742 925 2786; x_wconf 82' lang='lat' dir='ltr'><strong>inflammare.</strong></span> 
     </span>
    </p>
   </div>
   <div class='ocr_carea' id='block_1_17' title="bbox 985 1275 1675 2731">
    <p class='ocr_par' dir='ltr' id='par_1_21' title="bbox 986 1275 1669 1888">
     <span class='ocr_line' id='line_1_45' title="bbox 988 1275 1665 1322; baseline -0.003 -9"><span class='ocrx_word' id='word_1_267' title='bbox 988 1278 1156 1313; x_wconf 85' lang='lat' dir='ltr'><strong>Heinsius</strong></span> <span class='ocrx_word' id='word_1_268' title='bbox 1181 1277 1316 1312; x_wconf 81' lang='lat' dir='ltr'><strong>dubitat</strong></span> <span class='ocrx_word' id='word_1_269' title='bbox 1334 1303 1344 1320; x_wconf 96' lang='lat'><strong>,</strong></span> <span class='ocrx_word' id='word_1_270' title='bbox 1388 1282 1510 1322; x_wconf 83' lang='lat' dir='ltr'><strong>utrum</strong></span> <span class='ocrx_word' id='word_1_271' title='bbox 1539 1275 1665 1312; x_wconf 75' lang='lat' dir='ltr'><strong>verius.</strong></span> 
     </span>
     <span class='ocr_line' id='line_1_46' title="bbox 988 1328 1667 1375; baseline -0.003 -10"><span class='ocrx_word' id='word_1_272' title='bbox 988 1332 1104 1366; x_wconf 89' lang='lat' dir='ltr'><strong>Immo</strong></span> <span class='ocrx_word' id='word_1_273' title='bbox 1121 1334 1251 1365; x_wconf 74' lang='lat' dir='ltr'><strong>irritare</strong></span> <span class='ocrx_word' id='word_1_274' title='bbox 1264 1329 1377 1364; x_wconf 80' lang='lat' dir='ltr'><strong>multo</strong></span> <span class='ocrx_word' id='word_1_275' title='bbox 1394 1329 1507 1375; x_wconf 82' lang='lat' dir='ltr'><strong>aptius</strong></span> <span class='ocrx_word' id='word_1_276' title='bbox 1522 1328 1667 1364; x_wconf 79' lang='lat' dir='ltr'><strong>consilio</strong></span> 
     </span>
     <span class='ocr_line' id='line_1_47' title="bbox 988 1380 1666 1428; baseline -0.004 -11"><span class='ocrx_word' id='word_1_277' title='bbox 988 1383 1093 1428; x_wconf 84' lang='lat' dir='ltr'><strong>hujus</strong></span> <span class='ocrx_word' id='word_1_278' title='bbox 1101 1383 1176 1417; x_wconf 87' lang='lat' dir='ltr'><strong>loci.</strong></span> <span class='ocrx_word' id='word_1_279' title='bbox 1189 1382 1230 1417; x_wconf 90' lang='lat' dir='ltr'><strong>C.</strong></span> <span class='ocrx_word' id='word_1_280' title='bbox 1242 1382 1285 1416; x_wconf 91' lang='lat' dir='ltr'><strong>R.</strong></span> <span class='ocrx_word' id='word_1_281' title='bbox 1296 1382 1337 1416; x_wconf 88' lang='lat' dir='ltr'><strong>A.</strong></span> <span class='ocrx_word' id='word_1_282' title='bbox 1347 1383 1561 1426; x_wconf 68' lang='lat' dir='ltr'><strong>Inflammare.</strong></span> <span class='ocrx_word' id='word_1_283' title='bbox 1571 1380 1666 1415; x_wconf 81' lang='lat' dir='ltr'><strong>R-B:</strong></span> 
     </span>
     <span class='ocr_line' id='line_1_48' title="bbox 986 1429 1666 1475; baseline -0.003 -5"><span class='ocrx_word' id='word_1_284' title='bbox 986 1440 1137 1470; x_wconf 74' lang='lat' dir='ltr'><strong>invitare.</strong></span> <span class='ocrx_word' id='word_1_285' title='bbox 1144 1454 1188 1461; x_wconf 97' lang='lat'><strong>—</strong></span> <span class='ocrx_word' id='word_1_286' title='bbox 1197 1437 1334 1468; x_wconf 77' lang='lat' dir='ltr'><strong>Irrae‘lare</strong></span> <span class='ocrx_word' id='word_1_287' title='bbox 1342 1462 1351 1475; x_wconf 83' lang='grc'><strong>,</strong></span> <span class='ocrx_word' id='word_1_288' title='bbox 1363 1434 1520 1469; x_wconf 81' lang='lat' dir='ltr'><strong>excitare.</strong></span> <span class='ocrx_word' id='word_1_289' title='bbox 1531 1433 1578 1468; x_wconf 80' lang='lat' dir='ltr'><strong>Et</strong></span> <span class='ocrx_word' id='word_1_290' title='bbox 1585 1429 1666 1468; x_wconf 74' lang='lat' dir='ltr'><strong>alibi</strong></span> 
     </span>
     <span class='ocr_line' id='line_1_49' title="bbox 988 1489 1666 1532; baseline -0.004 -9"><span class='ocrx_word' id='word_1_291' title='bbox 988 1489 1138 1523; x_wconf 87' lang='lat' dir='ltr'><strong>occurrit</strong></span> <span class='ocrx_word' id='word_1_292' title='bbox 1155 1514 1165 1531; x_wconf 94' lang='lat'><strong>,</strong></span> <span class='ocrx_word' id='word_1_293' title='bbox 1194 1491 1326 1522; x_wconf 77' lang='lat' dir='ltr'><strong>irritare</strong></span> <span class='ocrx_word' id='word_1_294' title='bbox 1344 1489 1508 1532; x_wconf 81' lang='lat' dir='ltr'><strong>stammas</strong></span> <span class='ocrx_word' id='word_1_295' title='bbox 1518 1514 1527 1527; x_wconf 85' lang='lat'><strong>,</strong></span> <span class='ocrx_word' id='word_1_296' title='bbox 1562 1499 1666 1521; x_wconf 86' lang='lat' dir='ltr'><strong>amo-</strong></span> 
     </span>
     <span class='ocr_line' id='line_1_50' title="bbox 987 1541 1668 1577; baseline -0.006 0"><span class='ocrx_word' id='word_1_297' title='bbox 987 1556 1040 1577; x_wconf 85' lang='lat' dir='ltr'><strong>res</strong></span> <span class='ocrx_word' id='word_1_298' title='bbox 1056 1549 1119 1577; x_wconf 90' lang='lat' dir='ltr'><strong>etc.</strong></span> <span class='ocrx_word' id='word_1_299' title='bbox 1138 1556 1147 1577; x_wconf 87' lang='lat'><strong>:</strong></span> <span class='ocrx_word' id='word_1_300' title='bbox 1165 1541 1242 1576; x_wconf 83' lang='lat' dir='ltr'><strong>vide</strong></span> <span class='ocrx_word' id='word_1_301' title='bbox 1259 1542 1382 1577; x_wconf 77' lang='lat' dir='ltr'><strong>Burm.</strong></span> <span class='ocrx_word' id='word_1_302' title='bbox 1398 1560 1443 1566; x_wconf 94' lang='lat'><strong>—</strong></span> <span class='ocrx_word' id='word_1_303' title='bbox 1457 1542 1528 1575; x_wconf 87' lang='lat' dir='ltr'><strong>Nec</strong></span> <span class='ocrx_word' id='word_1_304' title='bbox 1548 1541 1668 1574; x_wconf 80' lang='lat' dir='ltr'><strong>laudes</strong></span> 
     </span>
     <span class='ocr_line' id='line_1_51' title="bbox 988 1591 1668 1630; baseline -0.007 -1"><span class='ocrx_word' id='word_1_305' title='bbox 988 1597 1105 1630; x_wconf 78' lang='lat' dir='ltr'><strong>adsere</strong></span> <span class='ocrx_word' id='word_1_306' title='bbox 1123 1598 1256 1628; x_wconf 78' lang='lat' dir='ltr'><strong>nostras</strong></span> <span class='ocrx_word' id='word_1_307' title='bbox 1271 1594 1423 1627; x_wconf 80' lang='lat' dir='ltr'><strong>refertur</strong></span> <span class='ocrx_word' id='word_1_308' title='bbox 1436 1591 1478 1626; x_wconf 86' lang='lat' dir='ltr'><strong>ad</strong></span> <span class='ocrx_word' id='word_1_309' title='bbox 1494 1595 1668 1626; x_wconf 74' lang='lat' dir='ltr'><strong>contentus</strong></span> 
     </span>
     <span class='ocr_line' id='line_1_52' title="bbox 988 1642 1666 1690; baseline -0.006 -9"><span class='ocrx_word' id='word_1_310' title='bbox 988 1651 1070 1681; x_wconf 76' lang='lat' dir='ltr'><strong>esto.</strong></span> <span class='ocrx_word' id='word_1_311' title='bbox 1081 1647 1217 1680; x_wconf 79' lang='lat' dir='ltr'><strong>Laudes</strong></span> <span class='ocrx_word' id='word_1_312' title='bbox 1228 1645 1281 1679; x_wconf 89' lang='lat' dir='ltr'><strong>vel</strong></span> <span class='ocrx_word' id='word_1_313' title='bbox 1293 1644 1441 1690; x_wconf 84' lang='lat' dir='ltr'><strong>insignia</strong></span> <span class='ocrx_word' id='word_1_314' title='bbox 1450 1642 1645 1678; x_wconf 77' lang='lat' dir='ltr'><strong>honorifica</strong></span> <span class='ocrx_word' id='word_1_315' title='bbox 1656 1669 1666 1686; x_wconf 94' lang='lat'><strong>,</strong></span> 
     </span>
     <span class='ocr_line' id='line_1_53' title="bbox 990 1694 1669 1744; baseline -0.006 -11"><span class='ocrx_word' id='word_1_316' title='bbox 990 1699 1042 1733; x_wconf 86' lang='lat' dir='ltr'><strong>vel</strong></span> <span class='ocrx_word' id='word_1_317' title='bbox 1055 1699 1125 1744; x_wconf 87' lang='lat' dir='ltr'><strong>ipsa</strong></span> <span class='ocrx_word' id='word_1_318' title='bbox 1138 1697 1256 1743; x_wconf 86' lang='lat' dir='ltr'><strong>gloria.</strong></span> <span class='ocrx_word' id='word_1_319' title='bbox 1273 1696 1328 1731; x_wconf 88' lang='lat' dir='ltr'><strong>Ad</strong></span> <span class='ocrx_word' id='word_1_320' title='bbox 1338 1696 1412 1730; x_wconf 85' lang='lat' dir='ltr'><strong>haec</strong></span> <span class='ocrx_word' id='word_1_321' title='bbox 1424 1694 1578 1730; x_wconf 85' lang='lat' dir='ltr'><strong>fidenter</strong></span> <span class='ocrx_word' id='word_1_322' title='bbox 1589 1694 1669 1730; x_wconf 79' lang='lat' dir='ltr'><strong>satis</strong></span> 
     </span>
     <span class='ocr_line' id='line_1_54' title="bbox 990 1746 1668 1794; baseline -0.007 -9"><span class='ocrx_word' id='word_1_323' title='bbox 990 1758 1025 1785; x_wconf 90' lang='lat' dir='ltr'><strong>et</strong></span> <span class='ocrx_word' id='word_1_324' title='bbox 1039 1750 1192 1784; x_wconf 86' lang='lat' dir='ltr'><strong>breviter</strong></span> <span class='ocrx_word' id='word_1_325' title='bbox 1206 1762 1295 1794; x_wconf 90' lang='lat' dir='ltr'><strong>puer</strong></span> <span class='ocrx_word' id='word_1_326' title='bbox 1313 1748 1486 1792; x_wconf 80' lang='lat' dir='ltr'><strong>majorem</strong></span> <span class='ocrx_word' id='word_1_327' title='bbox 1500 1746 1564 1781; x_wconf 84' lang='lat' dir='ltr'><strong>sibi</strong></span> <span class='ocrx_word' id='word_1_328' title='bbox 1586 1746 1668 1792; x_wconf 80' lang='lat' dir='ltr'><strong>glo-</strong></span> 
     </span>
     <span class='ocr_line' id='line_1_55' title="bbox 990 1797 1666 1844; baseline -0.007 -8"><span class='ocrx_word' id='word_1_329' title='bbox 990 1801 1078 1836; x_wconf 85' lang='lat' dir='ltr'><strong>riam</strong></span> <span class='ocrx_word' id='word_1_330' title='bbox 1104 1800 1242 1835; x_wconf 82' lang='lat' dir='ltr'><strong>adserit.</strong></span> <span class='ocrx_word' id='word_1_331' title='bbox 1272 1817 1316 1827; x_wconf 86' lang='lat'><strong>—-</strong></span> <span class='ocrx_word' id='word_1_332' title='bbox 1339 1800 1479 1834; x_wconf 74' lang='lat' dir='ltr'><strong>Adsm.</strong></span> <span class='ocrx_word' id='word_1_333' title='bbox 1508 1797 1644 1844; x_wconf 73' lang='lat' dir='ltr'><strong>Arx-oga</strong></span> <span class='ocrx_word' id='word_1_334' title='bbox 1657 1824 1666 1838; x_wconf 89' lang='lat'><strong><em>‚</em></strong></span> 
     </span>
     <span class='ocr_line' id='line_1_56' title="bbox 990 1852 1300 1888; baseline -0.01 0"><span class='ocrx_word' id='word_1_335' title='bbox 990 1853 1127 1888; x_wconf 82' lang='lat' dir='ltr'><strong>vindica</strong></span> <span class='ocrx_word' id='word_1_336' title='bbox 1143 1852 1215 1886; x_wconf 82' lang='lat' dir='ltr'><strong>tibi.</strong></span> <span class='ocrx_word' id='word_1_337' title='bbox 1232 1853 1300 1885; x_wconf 81' lang='lat' dir='ltr'><strong>Ed.</strong></span> 
     </span>
    </p>

    <p class='ocr_par' dir='ltr' id='par_1_22' title="bbox 990 1900 1668 1990">
     <span class='ocr_line' id='line_1_57' title="bbox 1034 1900 1668 1948; baseline -0.006 -10"><span class='ocrx_word' id='word_1_338' title='bbox 1034 1904 1107 1948; x_wconf 78' lang='lat'><strong>465.</strong></span> <span class='ocrx_word' id='word_1_339' title='bbox 1136 1905 1266 1937; x_wconf 76' lang='lat' dir='ltr'><strong>Cuncta</strong></span> <span class='ocrx_word' id='word_1_340' title='bbox 1285 1904 1357 1936; x_wconf 74' lang='lat' dir='ltr'><strong>tibi.</strong></span> <span class='ocrx_word' id='word_1_341' title='bbox 1384 1900 1474 1937; x_wconf 89' lang='lat' dir='ltr'><strong>Cod.</strong></span> <span class='ocrx_word' id='word_1_342' title='bbox 1502 1901 1591 1947; x_wconf 81' lang='lat' dir='ltr'><strong>Reg.</strong></span> <span class='ocrx_word' id='word_1_343' title='bbox 1623 1900 1668 1935; x_wconf 84' lang='lat' dir='ltr'><strong>A.</strong></span> 
     </span>
     <span class='ocr_line' id='line_1_58' title="bbox 990 1953 1301 1990; baseline -0.01 0"><span class='ocrx_word' id='word_1_344' title='bbox 990 1960 1114 1990; x_wconf 84' lang='lat' dir='ltr'><strong>cuncla</strong></span> <span class='ocrx_word' id='word_1_345' title='bbox 1131 1956 1216 1989; x_wconf 79' lang='lat' dir='ltr'><strong>Deo.</strong></span> <span class='ocrx_word' id='word_1_346' title='bbox 1235 1953 1301 1988; x_wconf 86' lang='lat' dir='ltr'><strong>Ed.</strong></span> 
     </span>
    </p>

    <p class='ocr_par' dir='ltr' id='par_1_23' title="bbox 985 2003 1673 2261">
     <span class='ocr_line' id='line_1_59' title="bbox 1033 2003 1671 2051; baseline -0.005 -10"><span class='ocrx_word' id='word_1_347' title='bbox 1033 2008 1106 2051; x_wconf 81' lang='lat'><strong>466.</strong></span> <span class='ocrx_word' id='word_1_348' title='bbox 1118 2009 1216 2041; x_wconf 67' lang='lat' dir='ltr'><strong>Ellis-o</strong></span> <span class='ocrx_word' id='word_1_349' title='bbox 1220 2008 1399 2051; x_wconf 73' lang='lat' dir='ltr'><strong>percussis.</strong></span> <span class='ocrx_word' id='word_1_350' title='bbox 1414 2003 1561 2039; x_wconf 80' lang='lat' dir='ltr'><strong>volatus</strong></span> <span class='ocrx_word' id='word_1_351' title='bbox 1577 2003 1671 2039; x_wconf 85' lang='lat' dir='ltr'><strong>celer</strong></span> 
     </span>
     <span class='ocr_line' id='line_1_60' title="bbox 990 2056 1669 2102; baseline -0.006 -8"><span class='ocrx_word' id='word_1_352' title='bbox 990 2059 1206 2094; x_wconf 87' lang='lat' dir='ltr'><strong>describitur.</strong></span> <span class='ocrx_word' id='word_1_353' title='bbox 1215 2059 1351 2093; x_wconf 80' lang='lat' dir='ltr'><strong>Elt&#39;dere</strong></span> <span class='ocrx_word' id='word_1_354' title='bbox 1360 2069 1440 2092; x_wconf 80' lang='lat' dir='ltr'><strong>aem</strong></span> <span class='ocrx_word' id='word_1_355' title='bbox 1452 2057 1473 2091; x_wconf 87' lang='lat' dir='ltr'><strong>i.</strong></span> <span class='ocrx_word' id='word_1_356' title='bbox 1484 2060 1517 2102; x_wconf 79' lang='lat' dir='ltr'><strong>q.</strong></span> <span class='ocrx_word' id='word_1_357' title='bbox 1526 2056 1669 2102; x_wconf 78' lang='lat' dir='ltr'><strong>alibifiu·</strong></span> 
     </span>
     <span class='ocr_line' id='line_1_61' title="bbox 990 2109 1673 2155; baseline -0.009 -8"><span class='ocrx_word' id='word_1_358' title='bbox 990 2115 1067 2146; x_wconf 85' lang='lat' dir='ltr'><strong>dere</strong></span> <span class='ocrx_word' id='word_1_359' title='bbox 1077 2140 1085 2153; x_wconf 90' lang='lat'><strong><em>‚</em></strong></span> <span class='ocrx_word' id='word_1_360' title='bbox 1098 2124 1213 2146; x_wconf 80' lang='lat' dir='ltr'><strong>secare</strong></span> <span class='ocrx_word' id='word_1_361' title='bbox 1225 2123 1316 2145; x_wconf 85' lang='lat' dir='ltr'><strong>aera.</strong></span> <span class='ocrx_word' id='word_1_362' title='bbox 1332 2109 1478 2155; x_wconf 87' lang='lat' dir='ltr'><strong>Proprie</strong></span> <span class='ocrx_word' id='word_1_363' title='bbox 1486 2111 1673 2153; x_wconf 69' lang='lat' dir='ltr'><strong>percutitur</strong></span> 
     </span>
     <span class='ocr_line' id='line_1_62' title="bbox 991 2160 1669 2211; baseline -0.007 -11"><span class='ocrx_word' id='word_1_364' title='bbox 991 2178 1052 2200; x_wconf 88' lang='lat' dir='ltr'><strong>aer</strong></span> <span class='ocrx_word' id='word_1_365' title='bbox 1066 2165 1190 2211; x_wconf 89' lang='lat' dir='ltr'><strong>pennis</strong></span> <span class='ocrx_word' id='word_1_366' title='bbox 1201 2192 1210 2206; x_wconf 92' lang='lat'><strong>,</strong></span> <span class='ocrx_word' id='word_1_367' title='bbox 1229 2171 1269 2199; x_wconf 89' lang='lat' dir='ltr'><strong>ut</strong></span> <span class='ocrx_word' id='word_1_368' title='bbox 1285 2164 1335 2207; x_wconf 90' lang='lat' dir='ltr'><strong>X,</strong></span> <span class='ocrx_word' id='word_1_369' title='bbox 1356 2165 1437 2210; x_wconf 81' lang='lat'><strong>159·,</strong></span> <span class='ocrx_word' id='word_1_370' title='bbox 1454 2161 1514 2197; x_wconf 89' lang='lat' dir='ltr'><strong>sed</strong></span> <span class='ocrx_word' id='word_1_371' title='bbox 1528 2161 1562 2196; x_wconf 86' lang='lat' dir='ltr'><strong>h.</strong></span> <span class='ocrx_word' id='word_1_372' title='bbox 1573 2161 1595 2196; x_wconf 93' lang='lat' dir='ltr'><strong>l.</strong></span> <span class='ocrx_word' id='word_1_373' title='bbox 1607 2160 1669 2196; x_wconf 78' lang='lat' dir='ltr'><strong>alae</strong></span> 
     </span>
     <span class='ocr_line' id='line_1_63' title="bbox 985 2217 1540 2261; baseline -0.009 -9"><span class='ocrx_word' id='word_1_374' title='bbox 985 2221 1234 2261; x_wconf 77' lang='lat' dir='ltr'><strong>percutiuntur,</strong></span> <span class='ocrx_word' id='word_1_375' title='bbox 1251 2217 1273 2250; x_wconf 90' lang='lat' dir='ltr'><strong>i.</strong></span> <span class='ocrx_word' id='word_1_376' title='bbox 1294 2229 1324 2250; x_wconf 89' lang='lat' dir='ltr'><strong>e.</strong></span> <span class='ocrx_word' id='word_1_377' title='bbox 1340 2221 1540 2249; x_wconf 82' lang='lat' dir='ltr'><strong>moventur.</strong></span> 
     </span>
    </p>

    <p class='ocr_par' dir='ltr' id='par_1_24' title="bbox 990 2269 1675 2731">
     <span class='ocr_line' id='line_1_64' title="bbox 1035 2269 1669 2315; baseline -0.009 -10"><span class='ocrx_word' id='word_1_378' title='bbox 1035 2271 1095 2315; x_wconf 81' lang='grc'><strong>467</strong></span> <span class='ocrx_word' id='word_1_379' title='bbox 1100 2298 1107 2305; x_wconf 95' lang='grc'><strong>.</strong></span> <span class='ocrx_word' id='word_1_380' title='bbox 1115 2273 1271 2306; x_wconf 81' lang='lat' dir='ltr'><strong>Parnasi.</strong></span> <span class='ocrx_word' id='word_1_381' title='bbox 1277 2269 1431 2304; x_wconf 88' lang='lat' dir='ltr'><strong>Gemina</strong></span> <span class='ocrx_word' id='word_1_382' title='bbox 1439 2269 1669 2303; x_wconf 67' lang='lat' dir='ltr'><strong>Parnasium.</strong></span> 
     </span>
     <span class='ocr_line' id='line_1_65' title="bbox 991 2320 1670 2374; baseline -0.006 -17"><span class='ocrx_word' id='word_1_383' title='bbox 991 2322 1104 2358; x_wconf 78' lang='lat' dir='ltr'><strong>Graeci</strong></span> <span class='ocrx_word' id='word_1_384' title='bbox 1118 2349 1127 2366; x_wconf 87' lang='lat'><strong>,</strong></span> <span class='ocrx_word' id='word_1_385' title='bbox 1154 2325 1241 2374; x_wconf 68' lang='grc' dir='ltr'>ἄκρον</span> <span class='ocrx_word' id='word_1_386' title='bbox 1265 2322 1441 2372; x_wconf 61' lang='grc' dir='ltr'><strong>Παρνάάσου</strong></span> <span class='ocrx_word' id='word_1_387' title='bbox 1460 2326 1496 2354; x_wconf 81' lang='lat' dir='ltr'><strong>et</strong></span> <span class='ocrx_word' id='word_1_388' title='bbox 1521 2331 1611 2364; x_wconf 79' lang='lat' dir='ltr'><strong>saepe</strong></span> <span class='ocrx_word' id='word_1_389' title='bbox 1630 2320 1670 2354; x_wconf 70' lang='grc' dir='ltr'><strong><em>τᾶ</em></strong></span> 
     </span>
     <span class='ocr_line' id='line_1_66' title="bbox 992 2371 1671 2425; baseline -0.006 -17"><span class='ocrx_word' id='word_1_390' title='bbox 992 2377 1068 2424; x_wconf 54' lang='grc' dir='ltr'><strong>ἄκρα</strong></span> <span class='ocrx_word' id='word_1_391' title='bbox 1084 2382 1142 2410; x_wconf 78' lang='grc' dir='ltr'><strong>τῶν</strong></span> <span class='ocrx_word' id='word_1_392' title='bbox 1162 2377 1242 2425; x_wconf 62' lang='grc' dir='ltr'>ἐρῶν.</span> <span class='ocrx_word' id='word_1_393' title='bbox 1261 2371 1402 2418; x_wconf 89' lang='lat' dir='ltr'><strong>Cupido</strong></span> <span class='ocrx_word' id='word_1_394' title='bbox 1418 2378 1536 2406; x_wconf 89' lang='lat' dir='ltr'><strong>autem</strong></span> <span class='ocrx_word' id='word_1_395' title='bbox 1550 2397 1559 2414; x_wconf 96' lang='lat'><strong>,</strong></span> <span class='ocrx_word' id='word_1_396' title='bbox 1578 2377 1614 2404; x_wconf 90' lang='lat' dir='ltr'><strong>et</strong></span> <span class='ocrx_word' id='word_1_397' title='bbox 1629 2377 1671 2405; x_wconf 82' lang='lat' dir='ltr'><strong>ut</strong></span> 
     </span>
     <span class='ocr_line' id='line_1_67' title="bbox 990 2421 1670 2470; baseline -0.007 -9"><span class='ocrx_word' id='word_1_398' title='bbox 990 2440 1025 2461; x_wconf 90' lang='lat' dir='ltr'><strong>se</strong></span> <span class='ocrx_word' id='word_1_399' title='bbox 1043 2426 1220 2461; x_wconf 85' lang='lat' dir='ltr'><strong>subtrahat</strong></span> <span class='ocrx_word' id='word_1_400' title='bbox 1238 2423 1411 2470; x_wconf 87' lang='lat' dir='ltr'><strong>Apollini,</strong></span> <span class='ocrx_word' id='word_1_401' title='bbox 1430 2429 1466 2458; x_wconf 87' lang='lat' dir='ltr'><strong>et</strong></span> <span class='ocrx_word' id='word_1_402' title='bbox 1481 2430 1521 2458; x_wconf 92' lang='lat' dir='ltr'><strong>ut</strong></span> <span class='ocrx_word' id='word_1_403' title='bbox 1536 2435 1578 2457; x_wconf 87' lang='lat' dir='ltr'><strong>ex</strong></span> <span class='ocrx_word' id='word_1_404' title='bbox 1601 2421 1670 2457; x_wconf 79' lang='lat' dir='ltr'><strong>alto</strong></span> 
     </span>
     <span class='ocr_line' id='line_1_68' title="bbox 990 2473 1669 2523; baseline -0.007 -11"><span class='ocrx_word' id='word_1_405' title='bbox 990 2491 1073 2512; x_wconf 86' lang='lat' dir='ltr'><strong>eum</strong></span> <span class='ocrx_word' id='word_1_406' title='bbox 1084 2478 1198 2520; x_wconf 87' lang='lat' dir='ltr'><strong>seriat,</strong></span> <span class='ocrx_word' id='word_1_407' title='bbox 1213 2476 1299 2523; x_wconf 88' lang='lat' dir='ltr'><strong>petit</strong></span> <span class='ocrx_word' id='word_1_408' title='bbox 1314 2475 1537 2510; x_wconf 84' lang='lat' dir='ltr'><strong>Parnassum.</strong></span> <span class='ocrx_word' id='word_1_409' title='bbox 1552 2473 1583 2508; x_wconf 91' lang='lat' dir='ltr'>E</span> <span class='ocrx_word' id='word_1_410' title='bbox 1596 2486 1669 2508; x_wconf 86' lang='lat' dir='ltr'><strong>ver-</strong></span> 
     </span>
     <span class='ocr_line' id='line_1_69' title="bbox 991 2526 1671 2573; baseline -0.007 -9"><span class='ocrx_word' id='word_1_411' title='bbox 991 2530 1056 2564; x_wconf 87' lang='lat' dir='ltr'><strong>tice</strong></span> <span class='ocrx_word' id='word_1_412' title='bbox 1082 2529 1211 2564; x_wconf 90' lang='lat' dir='ltr'><strong>montis</strong></span> <span class='ocrx_word' id='word_1_413' title='bbox 1227 2529 1333 2563; x_wconf 79' lang='lat' dir='ltr'><strong>etiam</strong></span> <span class='ocrx_word' id='word_1_414' title='bbox 1360 2527 1484 2573; x_wconf 84' lang='lat' dir='ltr'><strong>Apollo</strong></span> <span class='ocrx_word' id='word_1_415' title='bbox 1500 2526 1671 2572; x_wconf 76' lang='lat' dir='ltr'><strong>jaculatur</strong></span> 
     </span>
     <span class='ocr_line' id='line_1_70' title="bbox 992 2576 1669 2627; baseline -0.006 -12"><span class='ocrx_word' id='word_1_416' title='bbox 992 2583 1046 2618; x_wconf 73' lang='lat' dir='ltr'><strong>VI</strong></span> <span class='ocrx_word' id='word_1_417' title='bbox 1062 2609 1071 2625; x_wconf 91' lang='lat'><strong>,</strong></span> <span class='ocrx_word' id='word_1_418' title='bbox 1101 2595 1174 2627; x_wconf 79' lang='lat'><strong>217.</strong></span> <span class='ocrx_word' id='word_1_419' title='bbox 1201 2581 1370 2626; x_wconf 87' lang='lat' dir='ltr'><strong>Sequitur</strong></span> <span class='ocrx_word' id='word_1_420' title='bbox 1389 2580 1453 2614; x_wconf 87' lang='lat' dir='ltr'><strong>loc.</strong></span> <span class='ocrx_word' id='word_1_421' title='bbox 1478 2578 1603 2614; x_wconf 84' lang='lat' dir='ltr'><strong>classic.</strong></span> <span class='ocrx_word' id='word_1_422' title='bbox 1625 2576 1669 2611; x_wconf 87' lang='lat' dir='ltr'><strong>de</strong></span> 
     </span>
     <span class='ocr_line' id='line_1_71' title="bbox 991 2629 1669 2679; baseline -0.009 -10"><span class='ocrx_word' id='word_1_423' title='bbox 991 2634 1066 2669; x_wconf 87' lang='lat' dir='ltr'><strong>telis</strong></span> <span class='ocrx_word' id='word_1_424' title='bbox 1090 2633 1284 2679; x_wconf 88' lang='lat' dir='ltr'><strong>Cupidinis.</strong></span> <span class='ocrx_word' id='word_1_425' title='bbox 1299 2652 1343 2659; x_wconf 97' lang='lat'><strong>—</strong></span> <span class='ocrx_word' id='word_1_426' title='bbox 1365 2632 1474 2667; x_wconf 83' lang='lat' dir='ltr'><strong>Arces</strong></span> <span class='ocrx_word' id='word_1_427' title='bbox 1494 2629 1669 2665; x_wconf 86' lang='lat' dir='ltr'><strong>montium</strong></span> 
     </span>
     <span class='ocr_line' id='line_1_72' title="bbox 992 2683 1675 2731; baseline -0.01 -11"><span class='ocrx_word' id='word_1_428' title='bbox 992 2685 1084 2731; x_wconf 81' lang='lat' dir='ltr'><strong>ap‘ud</strong></span> <span class='ocrx_word' id='word_1_429' title='bbox 1106 2688 1224 2731; x_wconf 86' lang='lat' dir='ltr'><strong>poetas</strong></span> <span class='ocrx_word' id='word_1_430' title='bbox 1251 2692 1334 2719; x_wconf 87' lang='lat' dir='ltr'><strong>sunt</strong></span> <span class='ocrx_word' id='word_1_431' title='bbox 1364 2683 1509 2720; x_wconf 83' lang='lat' dir='ltr'><strong>vertices</strong></span> <span class='ocrx_word' id='word_1_432' title='bbox 1534 2692 1675 2717; x_wconf 67' lang='lat' dir='ltr'><strong>eorum.</strong></span> 
     </span>
    </p>
   </div>
   <div class='ocr_carea' id='block_1_18' title="bbox 992 2737 1316 2781">
    <p class='ocr_par' dir='ltr' id='par_1_25' title="bbox 992 2737 1316 2781">
     <span class='ocr_line' id='line_1_73' title="bbox 992 2737 1316 2781; baseline -0.009 -7"><span class='ocrx_word' id='word_1_433' title='bbox 992 2739 1116 2774; x_wconf 88' lang='lat' dir='ltr'><strong>Senec.</strong></span> <span class='ocrx_word' id='word_1_434' title='bbox 1137 2737 1221 2772; x_wconf 90' lang='lat' dir='ltr'><strong>OEd.</strong></span> <span class='ocrx_word' id='word_1_435' title='bbox 1242 2750 1316 2781; x_wconf 81' lang='lat'><strong>227.</strong></span> 
     </span>
    </p>
   </div>
  </div>
 </body>
</html>
