1832 3100
313 255 401 299 236

668 259 721 301 P.
763 258 1007 305 OVIDII
1048 259 1350 307 NASONIS

308 349 495 414 Jamque
516 348 607 398 dies
627 368 773 401 rerum
796 353 959 402 medias
984 366 1257 404 contraxerat
1278 355 1481 414 umbras3

310 427 371 473 Et
391 425 468 474 Sol
492 446 543 476 ex
566 447 690 495 aequo
709 442 824 478 meta
847 431 1038 480 distabat
1060 444 1272 499 utraque;

1658 449 1719 494 145

311 502 465 566 Quum
484 503 654 569 juvenis
678 505 852 572 placido
876 526 955 573 per
979 507 1101 555 devia
1123 507 1485 573 lustra'vagantes

308 579 551 646 Participes
576 600 758 648 operum
783 582 1015 649 compellat
1040 585 1258 650 Hyantius
1283 606 1358 636 ore
1379 608 1389 636 :

312 677 338 698 κ
362 655 472 704 Lina
493 658 692 716 madent,
718 659 919 717 comites,
943 659 1193 727 ferrumque
1216 681 1369 712 cruore
1393 662 1582 713 ferarum
1598 701 1610 722 ,

308 754 335 777 ³)
362 733 688 801 Fortunamque
710 736 802 784 dies
824 736 982 784 habuit
1002 738 1106 786 satis
1127 758 1136 786 :
1158 738 1292 788 altera
1313 740 1455 790 lucem

309 831 333 853 »
362 809 514 874 Quum
538 811 699 859 croceis
724 824 867 860 evecta
889 812 999 861 rotis
1022 814 1195 863 Aurora
1221 816 1418 876 reducet,

305 940 344 983 I,
364 941 449 984 568,
473 943 541 975 Est
561 954 696 984 nemus3
713 943 780 986 IV,
805 942 866 986 432
879 969 888 986 ,
912 944 983 978 Est

304 994 364 1025 via
378 994 524 1026 decltbllr.
553 992 600 1027 Et
621 993 668 1028 ita
684 994 893 1029 creberrime
916 994 980 1028 in—

304 1043 437 1088 cipiunt
445 1043 692 1090 descriptiones
707 1045 874 1080 locorum.
886 1046 978 1080 Plin.

305 1096 359 1130 IX
373 1122 382 1139 ,
401 1096 466 1141 Ep.
484 1108 604 1132 xxxm
620 1123 630 1140 ‚
656 1111 676 1131 2
694 1110 702 1131 :
718 1099 786 1132 Est
804 1101 840 1132 ιἰι
855 1099 979 1143 Africa

303 1150 450 1183 colonia.
464 1166 508 1174 ·—
519 1150 773 1194 Coedeserarum
786 1176 796 1194 ,
811 1150 976 1196 sanguine

310 1213 478 1236 caesarum
498 1203 663 1237 serarum.

351 1255 423 1297 144.
446 1256 533 1289 Dies
554 1255 697 1300 ponitur
708 1268 772 1301 pro
789 1255 870 1291 Sole
884 1281 893 1299 ,
922 1255 983 1301 qui

306 1304 402 1339 diem
413 1305 494 1345 facit
503 1332 513 1348 ,
530 1313 565 1341 et
579 1306 728 1342 vicissim
738 1308 800 1342 Sol
810 1314 869 1342 aut
884 1309 982 1341 Pha-

305 1358 368 1389 bus
383 1368 447 1401 pro
462 1356 529 1391 die.
545 1374 589 1383 —
603 1359 755 1399 Medias,
776 1371 817 1393 ex
825 1370 898 1393 uno
912 1358 981 1393 Pa-

303 1406 433 1450 latino,
457 1421 521 1453 pro
538 1411 674 1444 medius.
700 1428 745 1436 —
764 1407 982 1447 NostriCo—

303 1457 394 1493 dices
413 1459 535 1505 Regii,
552 1462 689 1495 medius'
706 1478 750 1487 ·—·
761 1462 897 1496 Medias
907 1473 982 1495 um-

301 1511 382 1543 bras
399 1510 533 1545 doctius
556 1524 662 1556 quarn
675 1538 684 1556 ‚
713 1513 741 1547 si
757 1514 885 1547 medius
909 1515 981 1547 dies

302 1561 449 1598 dixisset.
466 1563 589 1598 Manil.
603 1565 650 1605 II,
665 1564 727 1611 796
741 1566 980 1609 :Declinalque

302 1615 408 1655 diem,
432 1617 621 1660 mediasque
640 1618 816 1649 examinat
836 1618 979 1649 umbras.

304 1665 427 1700 Posset
444 1672 562 1701 tamen
579 1673 615 1701 et
630 1668 758 1701 medius
778 1666 919 1701 defendi
939 1679 980 1700 cx

303 1718 383 1761 III,
411 1718 486 1754 Art.
507 1719 579 1765 723.
595 1736 639 1747 .-.
659 1721 755 1755 Meta
776 1725 931 1765 utraque,
960 1733 979 1754 a

303 1779 401 1817 parte
413 1771 566 1808 finitor-ia
583 1773 743 1808 orientali
758 1780 793 1808 et
812 1773 979 1808 occiden-

303 1823 363 1858 tali
380 1836 388 1858 :
404 1824 473 1858 vid.
486 1825 529 1859 ad
543 1825 579 1860 ΙΙ
593 1852 602 1870 ,
623 1828 694 1870 ¹4²·

351 1877 423 1919 147.
442 1878 623 1923 Hyantius.
639 1878 760 1914 Codex
777 1879 906 1925 Regius
925 1879 956 1914 A
967 1905 977 1923 ,

307 1928 481 1973 Cynthius.
509 1946 553 1955 —-
578 1931 775 1975 Hyantius,
810 1932 978 1973 Boeotus;

303 1976 383 2012 vide
408 1977 451 2011 ad
474 1991 561 2014 vers.
583 1993 596 2013 1
612 1994 622 2022 ;
650 1980 744 2015 unde
759 1988 795 2016 et
813 1988 955 2027 apparet
967 2007 977 2024 ,

302 2030 427 2066 melius
442 2039 582 2076 poetam
597 2033 771 2069 dicturum
783 2035 897 2076 fuisse,
911 2036 980 2070 Ao-

303 2086 380 2117 nius
395 2084 541 2126 J‘uvemlr.
574 2085 620 2121 Et
647 2099 737 2132 saepe
760 2088 893 2122 Aonius
915 2100 979 2133 pro

303 2134 429 2169 Boeoto
458 2136 600 2180 ponitur
621 2150 629 2172 z
652 2138 731 2173 vide
758 2138 903 2174 Valken.
936 2139 979 2174 ad

303 2185 423 2231 Eurip.
434 2187 558 2221 Phoen.
574 2189 649 2232 645.
666 2190 736 2224 Sed
749 2198 859 2236 poetae
870 2199 979 2226 terras

305 2237 348 2272 ab
368 2238 612 2283 antiquissimis
637 2241 755 2276 incolis
782 2244 978 2279 nominant·

304 2307 349 2316 —-
368 2292 508 2334 Operum
520 2319 528 2332 ,
559 2300 703 2327 venatus
716 2319 726 2336 ,
743 2301 781 2328 ut
797 2307 877 2329 mox
890 2309 979 2339 pro-

298 2344 446 2385 positum
460 2356 553 2388 opus.
569 2345 711 2379 Venatu
721 2344 955 2380 delectabatur
967 2361 975 2388 ;

303 2395 439 2429 etenim
455 2408 474 2429 a
502 2394 657 2431 Chirone
678 2396 842 2432 educatus
858 2402 979 2444 κυνηγὲς

304 2447 468 2491 &diff-q.
496 2447 655 2493 Sequens
671 2449 780 2483 oratio
793 2462 917 2494 parum
933 2451 977 2485 ad

304 2510 382 2532 rem
396 2498 571 2543 pertinere
586 2499 696 2535 videri
711 2501 825 2546 possit.
846 2501 916 2536 Sed
936 2515 977 2536 ea

304 2549 416 2584 voluit
440 2558 541 2595 poeta
562 2552 728 2596 juvenem
753 2565 814 2587 sua
835 2554 976 2588 fortuna

304 2601 424 2635 laetum
435 2628 444 2645 ,
468 2615 533 2638 nec
565 2604 755 2649 quidquam
782 2605 863 2640 mali
892 2618 975 2640 me-

307 2660 467 2687 tuentem
492 2654 683 2690 describere
711 2670 719 2692 :
745 2657 838 2702 quod
863 2657 976 2703 ipsum

305 2705 397 2742 inest
416 2704 451 2738 in
468 2718 540 2740 voc.
551 2709 699 2749 placido.

353 2756 424 2803 ¹49·
451 2757 629 2792 Fortunam
631 2784 693 2794 ......
712 2761 809 2795 satis.
849 2759 978 2804 Regius

1602 848 1606 851 ¹
1659 831 1721 865 156

1043 945 1218 981 subintell.
1230 947 1371 992 putabat
1386 973 1395 991 ,
1413 951 1501 982 satis
1510 960 1701 993 prosperam
1709 976 1719 991 ‚

1045 997 1138 1042 quod
1157 1011 1231 1033 non
1248 1006 1301 1034 est
1313 1013 1450 1035 necesse
1471 1015 1480 1043 ;
1507 1013 1591 1036 nam
1607 1003 1724 1047 quan-'

1045 1061 1149 1093 quam
1165 1057 1207 1098 τῷ
1224 1055 1310 1085 satis
1326 1064 1367 1086 ex
1382 1052 1577 1098 vulgaribus
1592 1053 1719 1100 lingua>

1043 1099 1173 1145 legibus
1184 1101 1336 1137 Genitiv.
1349 1102 1488 1151 additur
1498 1130 1508 1148 ,
1521 1111 1640 1139 tamen
1652 1117 1720 1141 nec

1042 1152 1198 1197 exempla
1221 1166 1302 1188 cum
1326 1154 1482 1190 Accusat.
1506 1168 1584 1191 rara
1610 1159 1715 1192 sunt:

1041 1200 1113 1248 ipse
1131 1202 1256 1238 Cicero
1269 1231 1278 1248 ,
1300 1204 1403 1241 Attic.
1428 1206 1520 1250 XII,
1539 1210 1582 1243 5ο
1594 1233 1604 1252 ,
1630 1212 1719 1243 salis

1042 1257 1218 1289 consilium
1232 1255 1337 1299 dixin
1355 1257 1478 1293 Senec.
1502 1259 1609 1294 Herc.
1634 1258 1717 1294 Oet.

1030 1319 1129 1346 ,vers
1146 1307 1228 1342 1830
1238 1313 1355 1350 ferun!
1361 1312 1622 1354 salis-presidum
1633 1310 1717 1345 Vid-

1045 1355 1143 1392 Cort.
1160 1357 1202 1392 ad
1220 1358 1371 1394 Sallustii
1389 1358 1468 1396 Cat.
1492 1371 1584 1397 tvm
1596 1387 1605 1405 ,
1620 1373 1663 1407 93
1681 1367 1718 1396 et

1042 1409 1166 1444 Bosius
1181 1409 1223 1444 ad
1241 1410 1386 1456 Nepotis
1405 1411 1528 1457 Epam.
1543 1414 1575 1456 4.
1601 1411 1717 1448 Simi-

1042 1460 1122 1495 liter
1134 1463 1280 1503 abuude,
1298 1462 1436 1507 affatim
1447 1490 1456 1504 ‚
1478 1465 1555 1503 ἅλις.

1090 1526 1102 1546 1
1111 1516 1163 1548 50.
1177 1516 1283 1558 Quum
1291 1518 1417 1550 crocetlr
1424 1519 1545 1549 evecta.
1556 1521 1621 1550 etc.
1630 1515 1717 1553 Uno

1042 1564 1167 1608 verbo,
1193 1566 1343 1600 crastino
1364 1565 1431 1600 die.
1455 1566 1579 1601 Solent
1598 1573 1717 1602 autem

1042 1623 1152 1660 poetae
1175 1642 1185 1660 ,
1216 1623 1255 1651 ut
1278 1617 1487 1652 narrationis
1508 1618 1716 1653 tenuitatem

1042 1666 1175 1711 fugiant
1186 1692 1195 1710 ‚
1210 1666 1412 1711 hujusmodi
1423 1680 1542 1703 versus
1553 1674 1693 1703 ornatos
1703 1694 1713 1712 ‚

1041 1722 1209 1761 tanquam
1226 1717 1391 1752 formulas
1408 1718 1600 1762 solemnes,
1622 1718 1716 1753 inse-

1042 1781 1120 1804 rere
1135 1782 1143 1804 :
1159 1769 1237 1804 vide
1249 1771 1368 1818 Heyn.
1379 1770 1424 1805 ad
1439 1770 1560 1817 virgil.
1575 1771 1716 1806 AEneid.

1042 1822 1097 1856 IV
1108 1848 1118 1865 ,
1136 1833 1175 1856 VI
1189 1848 1198 1866 ‚
1218 1823 1278 1857 ubi
1287 1822 1362 1858 haec
1373 1830 1556 1869 poetarum
1568 1831 1716 1858 consue-

1041 1872 1128 1906 tudo
1158 1873 1359 1908 defenditur
1384 1881 1505 1909 contra
1530 1874 1713 1909 Homium.

1042 1924 1182 1960 Aurora
1196 1924 1282 1970 bigis
1295 1929 1392 1960 vecla
1407 1932 1487 1960 ante
1499 1925 1631 1970 Solem,
1642 1925 1716 1961 caeli

1041 1978 1262 2023 complexum
1288 1978 1473 2014 decurrere
1500 1979 1715 2014 credebatur.

1043 2031 1218 2076 Expressit
1237 2037 1354 2066 autem
1370 2032 1500 2067 Noster
1518 2031 1614 2078 Virg.
1631 2031 1716 2065 AEn.

1043 2082 1134 2126 XII,
1148 2083 1188 2128 76
1197 2096 1205 2117 :
1221 2084 1471 2128 Quamprimum
1478 2087 1629 2119 crastina
1635 2085 1717 2117 caelo

1040 2138 1200 2171 Punic-2125
1213 2140 1344 2171 maccla
1366 2140 1449 2171 rotati·
1473 2136 1607 2171 Aurora
1623 2138 1716 2170 rube—

1042 2190 1101 2222 bit.
1112 2188 1228 2223 Etiam
1238 2188 1294 2223 hic
1302 2189 1458 2234 plerique
1467 2214 1478 2232 ,
1491 2191 1640 2231 invecla‚·
1654 2186 1715 2221 sed

1042 2240 1250 2275 Burmanno
1261 2240 1387 2286 placuit
1396 2244 1508 2275 euecta
1516 2251 1530 2282 ,⁰
1539 2238 1631 2275 sicin
1641 2249 1715 2272 uno

1045 2290 1200 2335 Ciosani,
1219 2291 1315 2326 Leid.
1330 2298 1366 2326 et
1377 2290 1512 2325 duobus
1526 2289 1597 2324 aliis
1609 2289 1713 2324 :vide

1041 2344 1298 2378 Burmannum.
1323 2359 1367 2370 —-
1386 2341 1505 2377 Nostri
1524 2340 1625 2391 Regii
1650 2342 1712 2375 iu-

1041 2400 1158 2438 vecta‚-
1175 2401 1210 2429 et
1225 2407 1306 2428 mox
1318 2397 1497 2437 repetemus
1506 2418 1515 2433 ‚
1534 2404 1598 2438 pro
1613 2404 1714 2436 repc—

1041 2451 1174 2489 tamus,·
1199 2458 1272 2480 non
1298 2444 1387 2479 male
1412 2456 1561 2489 quoque.
1586 2444 1651 2478 Ed.
1663 2460 1715 2471 »σ-

1040 2502 1133 2534 Idem
1145 2527 1152 2540 ,
1178 2500 1306 2544 pariter
1322 2524 1332 2542 ,
1362 2510 1403 2532 ex
1432 2509 1533 2543 aequo
1552 2510 1562 2539 ;
1592 2496 1713 2531 subau-

1041 2552 1135 2586 ditur
1155 2554 1299 2596 spatz'um
1319 2563 1330 2584 .·
1353 2557 1392 2584 ut
1415 2548 1647 2594 intelligamus
1669 2546 1712 2581 ab

1040 2611 1187 2649 utraque
1203 2611 1295 2638 terra
1311 2604 1423 2636 eodem
1437 2604 1548 2645 spatio
1566 2599 1709 2642 distare,

1041 2663 1144 2700 atque
1156 2656 1270 2690 abesse
1278 2655 1319 2688 ab
1326 2654 1461 2688 oriente
1469 2658 1504 2686 et
1512 2649 1689 2685 occidente
1700 2663 1709 2691 ς

1041 2719 1105 2752 per
1125 2706 1219 2751 quod
1236 2704 1406 2750 significat
1424 2701 1607 2737 meridiem
1627 2712 1710 2734 esse.

1041 2760 1108 2793 Ed.
1122 2776 1165 2784 -
1185 2759 1350 2801 Vapores,
1370 2761 1470 2790 aestus
1492 2759 1532 2788 ut
1550 2752 1604 2796 ΙΙ,
1621 2752 1682 2786 811
1700 2775 1713 2795 ,
