1832 3100
303 190 391 246 544
470 188 751 234 P.0V1D11
776 187 1034 233 NASONIS
1055 188 1303 250 METAM.
1337 190 1452 235 LIB.
1480 191 1590 237 VII.

300 285 387 334 Sed
407 283 532 334 vultu
554 283 732 333 meliore
754 283 869 332 mori
890 302 1041 333 secura
1064 283 1294 333 videtur.»

362 361 593 412 Flentibus
606 361 706 424 *haec
727 360 969 428 lacrymans
991 360 1123 409 heros
1145 361 1417 410 memorabat
1435 380 1445 420 ;
1472 374 1517 411 et
1534 381 1632 412 ecce
1700 366 1702 368 ’

297 441 459 489 AEacus
482 437 727 502 ingreditur
750 436 915 504 duplici
933 456 1033 486 cum
1057 437 1205 504 prole,
1231 457 1435 506 novoque

298 517 444 566 Milite
458 554 470 576 ‚
497 535 627 584 quem
649 514 869 582 Cephalus
894 533 993 562 cum
1015 514 1210 563 fortibus
1231 515 1390 582 accipit
1406 517 1550 565 armis.

297 646 362 681 585
375 671 384 689 ,
402 644 510 680 Anna
528 656 627 679 soror
644 642 794 678 Didonis
813 655 821 677 t
844 644 895 676 E!
908 655 971 676 ez·-

295 704 416 733 {remus
435 703 473 734 sa·
491 701 566 743 quis
586 710 686 743 super
707 698 833 731 halitus
860 702 966 739 errat,

300 753 365 786 Ore
379 753 496 796 legam.
512 750 623 785 Ed.—
630 753 749 785 Vullus
763 753 891 790 melior,
910 750 971 785 lae-

295 803 384 846 tior,
403 803 527 846 etiam,
546 804 599 846 V,
619 805 692 838 501.
717 803 800 837 Jam
816 802 911 837 enim
929 815 969 837 ex

297 854 453 901 Cephalo
481 860 691 900 cognoverat
726 854 861 888 Auram
893 867 967 889 non

293 920 366 941 esse
384 905 586 954 Nympham
595 932 605 950 ,
618 913 658 939 ut
668 906 738 951 ipsa
749 905 964 948 erediderat;

293 958 353 992 sed
383 957 500 992 lenem
530 965 720 992 ventorum
748 958 966 1004 refrigeran-

293 1011 383 1044 tium
406 1009 540 1044 flatum.
568 1008 746 1044 Caeterum
765 1010 792 1045 si
815 1009 967 1056 Apollo-

292 1061 379 1096 doro
396 1061 505 1096 fidem
521 1061 689 1097 habemus
700 1090 709 1104 ‚
730 1061 907 1108 Cephalus
922 1062 967 1097 ob

1643 531 1709 566 865

1034 641 1124 676 hanc
1137 641 1270 677 caedem
1286 642 1328 678 ab
1341 643 1558 690 Areopagitis
1576 652 1709 680 aeterno

1034 695 1150 729 exsilio
1171 695 1355 730 damnatus
1377 703 1437 731 est.
1458 697 1554 732 Hinc
1569 697 1708 733 Thebas

1034 748 1215 792 migravit,
1245 755 1281 782 et
1296 747 1379 782 inde
1396 748 1438 782 ad
1457 748 1644 794 Teleboas,
1670 750 1706 785 in

1029 813 1111 835 *eam
1122 800 1271 836 insulam
1283 827 1293 844 ,
1309 813 1386 846 quae
1397 801 1438 836 ab
1448 801 1552 846 ipsius
1562 796 1708 838 nomine

1036 852 1250 899 Cephalenia
1263 852 1352 887 dicta
1363 860 1414 887 est
1429 853 1595 888 :Pansam
1606 867 1637 900 p.
1652 868 1707 902 9¹·

1075 907 1149 950 854.
1177 908 1400 950 Duplicicum
1405 908 1502 949 prole
1509 918 1520 948 ,·
1531 919 1612 941 eum
1620 906 1708 941 duo-

1031 958 1095 992 bus
1117 957 1195 992 filiis
1219 957 1412 993 Telamone
1431 965 1466 992 et
1488 957 1616 1000 Peleo,
1648 957 1709 1003 qui

1031 1010 1185 1045 militum
1199 1009 1371 1044 delectum
1383 1009 1587 1045 habuerant.
1597 1011 1709 1043 Ed.—

1032 1062 1195 1107 Accipil‚·
1220 1061 1386 1097 undecim
1403 1062 1501 1107 libri,
1519 1065 1654 1106 excipit.

347 1196 394 1235 P.
415 1197 454 1235 S.
486 1195 616 1236 Liceat
638 1196 700 1236 hic
721 1196 862 1237 referre
885 1196 1040 1236 ultimos
1059 1225 1070 1246 ‚
1106 1211 1238 1237 versus
1260 1211 1358 1250 quos
1383 1196 1434 1236 ita
1455 1196 1642 1237 convertit
1666 1195 1706 1235 in

294 1265 467 1321 gallicum
481 1281 693 1306 sermonem
707 1266 806 1306 felici
821 1281 916 1308 vena
929 1275 1061 1307 noster
1074 1275 1174 1307 vates
1199 1274 1238 1307 et
1252 1267 1394 1322 collega
1410 1295 1423 1316 ‚
1448 1266 1596 1307 meliori
1613 1266 1707 1306 fama

292 1336 427 1392 dignus
442 1366 454 1387 ‚
482 1348 537 1377 DE
556 1338 842 1378 SAINT-ANGE
864 1352 877 1376 ,z
906 1338 968 1388 (v.
990 1337 1114 1390 856.)
1143 1338 1216 1377 Ed.

452 1460 537 1499 Elle
552 1459 626 1507 dit,
651 1466 690 1498 et
694 1459 741 1511 je
755 1460 857 1507 vois,
879 1466 959 1513 trop
977 1460 1067 1498 tard
1075 1474 1171 1513 pour
1189 1474 1274 1498 mon
1296 1460 1487 1508 malheur,

457 1530 589 1583 Qu'un
609 1531 701 1570 vain
725 1544 810 1568 nom
829 1544 854 1567 a
875 1532 988 1568 cause'
1004 1544 1090 1568 mon
1105 1531 1219 1568 crime
1232 1536 1270 1568 et
1287 1544 1354 1568 son
1375 1543 1509 1568 erreur.

455 1600 536 1654 Que
553 1601 782 1648 mereri-il,
805 1600 935 1638 he'las!
955 1615 1023 1653 que
1035 1600 1081 1652 je
1103 1615 1161 1639 me
1171 1599 1275 1652 justi
1301 1615 1320 1639 e
1334 1601 1356 1639 ,Ρ

451 1672 623 1720 Procris,
642 1685 732 1710 avec
751 1685 823 1710 son
842 1686 954 1723 sang,
971 1672 1065 1725 perd
1083 1686 1134 1710 un
1155 1678 1248 1710 reste
1268 1673 1314 1710 de
1330 1673 1392 1711 vie
1407 1687 1421 1710 :

450 1744 536 1784 Elle
554 1758 612 1782 me
630 1744 709 1783 voit
723 1757 858 1790 ειη-οη
874 1744 970 1782 c'est
988 1758 1055 1782 son
1075 1744 1221 1782 dernier
1234 1744 1371 1797 plaisir
1382 1757 1400 1790 ;

449 1815 482 1855 J
487 1815 563 1854 'eus
582 1828 650 1852 son
668 1814 814 1853 dernier
833 1814 984 1865 regard;
997 1813 1105 1865 j'eus
1127 1827 1195 1852 son
1213 1814 1360 1852 dernier
1374 1813 1500 1867 soupir
1509 1827 1527 1859 ;

450 1886 526 1934 Et,
549 1885 634 1925 δάν-ε
652 1900 720 1939 que
735 1886 784 1924 du
802 1886 923 1924 moins
938 1899 1034 1938 pour
1052 1886 1120 1924 elle
1131 1884 1178 1937 je
1195 1886 1331 1939 respire
1346 1914 1359 1934 ‚

450 1957 551 1998 Aoec
566 1958 684 1997 moins
703 1958 748 1996 de
770 1963 888 2009 regret
907 1958 1003 1996 dans
1022 1971 1100 1996 mes
1123 1957 1208 1996 bms
1229 1958 1296 1996 elle
1314 1957 1452 2010 expire.
