1832 3100
329 249 414 308 398

706 251 756 293 P.
792 250 1029 295 OVIDII
1060 252 1355 299 NASONIS

329 364 350 384 »
377 342 463 390 Hic
487 354 617 409 caput
637 343 820 402 attollo;
844 344 1107 411 desuetaque
1130 347 1271 396 sidera
1295 363 1445 397 cerno.

331 441 352 461 υ
379 421 523 483 Erg0,
546 419 649 469 dum
673 421 827 487 Stygio
852 421 935 469 sub
963 422 1088 470 terris
1109 425 1279 487 gurgite
1300 424 1445 485 labor,

329 523 350 543 »
378 501 484 549 Visa
509 513 581 550 tua
601 513 667 550 est
691 502 830 551 oculis
854 501 943 549 illic
967 503 1231 570 Proserpina
1248 506 1426 555 nostris.

329 600 350 619 »
377 577 458 626 Illa
481 579 655 645 quidem
680 579 817 627 tristis
833 617 844 637 ,
866 598 946 627 nec
970 580 1112 628 adhuc
1135 581 1334 632 interrita
1355 583 1507 644 vultu;

329 676 350 696 »
378 655 464 704 Sed
486 657 636 718 regina
659 667 802 704 tamen
817 693 829 713 ,
855 656 932 703 secl
958 657 1083 722 opaci
1105 658 1290 707 maxima
1310 661 1464 709 mundi
1482 682 1494 719 ;

326 755 349 774 »
378 732 464 780 Sed
489 744 631 781 tamen
653 731 809 805 inferni
831 731 1005 798 pollens
1027 746 1227 783 matrona
1251 738 1437 802 tyranni.
1466 760 1488 781 ν)

389 831 413 851 »
431 809 582 865 ¹Mater
604 808 658 856 ad
679 809 850 856 auditas
877 810 1069 875 stupuit,
1094 829 1173 858 ceu
1198 830 1320 859 saxea
1337 849 1348 869 ,
1374 832 1528 873 voces,

321 886 621 950 Attonitaeque
647 885 721 932 diu
746 885 900 934 similis
921 886 1031 944 fuit;
1056 899 1193 954 utque
1215 888 1367 937 dolore

1658 905 1726 941 5ιο

322 962 455 1010 Pulsa
478 962 596 1024 gravi
621 962 762 1024 gravis
784 974 851 1011 est
872 963 1059 1012 amentia
1073 1002 1084 1021 ,
1109 965 1311 1014 curribus
1336 986 1463 1015 auras

322 1040 425 1087 Exit
447 1039 493 1087 in
514 1039 710 1088 aetherias
730 1059 740 1087 :
763 1040 828 1088 ibi
852 1052 946 1088 toto
968 1041 1124 1090 nubila
1146 1042 1271 1091 vultu

323 1117 438 1164 Ante
461 1118 489 1164 J
493 1135 616 1165 ovem
639 1116 780 1183 passis
805 1118 927 1166 stetit
948 1118 1165 1167 invidiosa
1188 1119 1356 1186 capillis
1375 1140 1386 1168 ε

326 1194 551 1260 «Proque
575 1213 673 1242 meo
697 1193 884 1260 supplex
909 1196 1038 1243 venio
1063 1195 1174 1254 tibi,
1199 1197 1400 1263 Jupiter,
1425 1196 1598 1264 inquit,

327 1292 348 1311 »ν
374 1270 620 1334 Sanguine,
643 1290 811 1338 proque
833 1284 911 1320 tuo
932 1292 941 1320 :
965 1273 1010 1341 si·
1025 1273 1146 1322 nulla
1169 1286 1235 1322 est
1258 1274 1394 1337 gratia
1416 1275 1567 1324 matris
1583 1312 1595 1332 ,
1664 1289 1727 1324 515

327 1369 348 1388 »
375 1349 487 1395 Nata
509 1359 678 1413 patrem
702 1361 873 1397 moveat
893 1368 903 1397 ε
923 1359 1010 1398 neu
1034 1350 1092 1398 sit
1114 1351 1197 1399 tibi
1223 1370 1351 1410 cura,
1373 1370 1620 1418 precamur,

326 1451 348 1471 »
373 1428 517 1476 Vilior
539 1428 658 1477 illius
674 1467 685 1487 ,
713 1430 834 1496 quod
855 1443 1010 1480 nostro
1032 1444 1099 1481 est
1118 1433 1233 1482 edita
1257 1446 1398 1500 partu.

326 1532 346 1551 »
376 1512 443 1557 En
459 1548 471 1567 ,
498 1511 678 1576 quaesita
701 1511 776 1558 diu
798 1512 972 1561 tandem
994 1514 1102 1561 mihi
1124 1526 1224 1563 nata
1247 1526 1419 1581 reperta
1441 1527 1534 1563 est:

321 1651 421 1686 thusa
438 1651 683 1696 Proserpinam
705 1664 848 1686 cernere
867 1659 993 1698 potue-

321 1710 384 1737 rat.
396 1721 440 1729 -·
452 1703 570 1738 Nostri
593 1703 692 1748 Regii
707 1703 837 1738 habent
853 1717 991 1749 quoque

321 1759 417 1789 imas.
433 1773 476 1781 —
492 1757 662 1796 Desueta,·
680 1768 756 1800 quae
771 1768 913 1791 cernere
929 1757 992 1791 de-

322 1808 437 1851 suevi,
453 1807 513 1841 diu
527 1820 600 1842 non
616 1807 685 1842 vidi
702 1834 711 1852 ,
727 1808 811 1843 dum
823 1810 887 1843 sub
899 1815 991 1844 terra

322 1861 418 1895 labor
434 1861 546 1907 Stygio
562 1864 708 1905 gurgite,
734 1862 800 1905 ihi,
820 1862 879 1896 ubi
895 1862 990 1909 Styx.

366 1915 440 1959 507.ι
463 1913 535 1946 Sed
554 1916 708 1957 regina...
724 1915 793 1948 sed.
808 1939 832 1947 ..
846 1916 914 1948 sed.
936 1915 990 1949 De

321 1965 385 1999 hac
396 1963 602 2010 repetitione
618 1964 695 1998 vide
720 1964 762 1998 ad
777 1977 915 1999 versum
942 1979 991 2011 ¹7·

321 2028 366 2042 ·—·-
382 2018 537 2050 Maxima
567 2015 776 2050 substantive
797 2042 806 2058 ,
840 2015 992 2050 domina.

323 2069 478 2102 Matrem
500 2067 716 2103 consolatura
732 2067 917 2113 amplificat
932 2068 993 2102 di-

324 2118 490 2165 gnitatem
504 2120 592 2154 filiae.
602 2120 763 2154 —Etiam
776 2121 811 2154 in
826 2126 986 2161 matrona,

321 2173 449 2217 conjux
458 2199 467 2217 ,
479 2173 604 2217 aliquid
622 2172 795 2219 dignitatis
806 2177 994 2210 est.—P0l-

321 2226 457 2258 lentiam
464 2223 538 2267 ejus
548 2223 651 2257 Pluto
665 2224 736 2268 ipse
747 2225 782 2257 in
799 2224 831 2258 h.
846 2226 994 2259 Homer.

322 2275 386 2309 365
403 2287 476 2320 sqq.
493 2274 663 2309 describit.
673 2274 866 2309 Claudiano
876 2302 885 2318 ,
899 2276 914 2310 Ι
926 2302 936 2319 ,
948 2277 968 2310 3
980 2303 991 2320 ,

316 2328 488 2372 profunda
495 2328 585 2362 Juno
594 2327 718 2362 dicitur
728 2341 736 2368 ;
745 2327 841 2372 Virg.
852 2327 992 2362 AEneid.

325 2379 397 2423 VI,
420 2380 480 2413 138
492 2406 501 2423 ‚
519 2380 610 2414 Juno
627 2378 758 2422 inferna
772 2405 781 2422 ,
809 2385 843 2412 et
860 2391 879 2412 a
894 2379 992 2414 Nos-

322 2438 377 2465 tro
390 2431 491 2474 XIV,
512 2444 524 2466 1
534 2434 571 2466 15
582 2456 591 2474 ,
613 2432 746 2465 Averna
761 2432 861 2464 Juno.

366 2487 403 2518 51
414 2497 440 2516 ι.
464 2483 632 2517 Amenlia.
647 2482 700 2516 Eo
710 2482 828 2516 habitu
838 2495 991 2527 expressa

322 2534 426 2568 estin
448 2540 680 2567 monumento
703 2534 867 2578 antiquo,
898 2534 989 2579 quod

323 2585 460 2619 exhibet
487 2585 676 2630 Spanhem.
692 2584 735 2619 ad
754 2584 890 2619 Gallim.
913 2585 945 2619 d.
970 2585 991 2618 l.

322 2637 523 2671 Arnentiam
548 2637 725 2671 remissam
749 2644 915 2681 sequutus
941 2644 993 2670 est

322 2688 422 2720 dolor.
439 2704 483 2713 ·—·
499 2689 582 2721 Toto
595 2690 718 2721 nubila.
735 2687 900 2722 Heinsius
911 2687 991 2720 mal-

323 2738 370 2772 let
386 2744 473 2773 molo
486 2742 653 2782 squallida
667 2767 675 2780 ,
702 2741 781 2789 quia
797 2741 992 2784 fragmenta

1057 1655 1167 1689 Boxh.
1181 1655 1311 1690 habent
1315 1657 1459 1699 pallida.
1468 1675 1512 1682 —
1524 1657 1624 1702 Regii
1644 1669 1729 1692 nos-

1057 1706 1101 1740 tri
1130 1706 1260 1740 habent
1289 1711 1358 1741 tolo
1377 1708 1504 1741 nubila.
1529 1726 1573 1734 -·
1602 1709 1728 1742 Nubila

1055 1760 1165 1798 vulla,
1200 1764 1340 1801 moesta,
1364 1758 1448 1792 dixit
1469 1758 1575 1793 etiam
1598 1758 1727 1794 Statius

1056 1808 1150 1855 Sylv.
1168 1809 1246 1853 ΙΙΙ,
1265 1820 1307 1852 v,
1333 1822 1381 1844 ιι.
1398 1809 1537 1853 Noster,
1554 1810 1602 1853 V,
1622 1809 1728 1845 Trist.

1054 1870 1100 1893 111
1113 1886 1122 1903 ‚
1151 1863 1189 1904 ¹4
1198 1887 1207 1903 ,
1225 1862 1340 1894 nubila
1352 1862 1463 1895 Parca
1481 1864 1637 1895 nascenti
1645 1860 1729 1904 fuit.

1055 1911 1166 1946 Graeci
1178 1918 1289 1957 poetae
1298 1912 1426 1947 moestis
1440 1912 1599 1946 tribuunt
1615 1915 1728 1962 ἐφρύων

1055 1965 1174 2009 νεφέλην
1195 1970 1254 1997 aut
1268 1965 1349 2009 νέφος
1372 1975 1380 1997 :
1400 1962 1478 1998 vide
1495 1963 1702 2008 Sophoclem
1716 1989 1726 2006 ,

1057 2014 1175 2060 Antig.
1190 2015 1252 2048 532
1265 2028 1274 2056 ;
1293 2014 1498 2060 Euripidem
1508 2041 1519 2058 ,
1533 2015 1640 2060 Hipp.
1654 2014 1725 2060 173.

1058 2065 1195 2100 Confer
1209 2078 1290 2100 mox
1304 2065 1569 2101 similitudinem
1583 2079 1632 2101 vs.
1651 2067 1726 2112 570.

1059 2119 1100 2153 In
1116 2118 1150 2152 h.
1167 2118 1335 2162 Homeri,
1354 2119 1494 2164 Jupiter
1510 2119 1581 2164 ipse
1593 2145 1603 2162 ,
1617 2118 1726 2154 steri—-

1057 2170 1151 2204 litate
1188 2177 1290 2205 terrae
1321 2177 1518 2205 commotus
1529 2196 1538 2214 ,
1571 2171 1726 2216 primum

1058 2223 1131 2257 Irin
1144 2248 1154 2265 ,
1182 2235 1263 2256 mox
1287 2235 1409 2258 omnes
1441 2222 1602 2269 deinceps
1631 2223 1725 2258 Deos

1058 2274 1209 2308 demittit
1220 2274 1319 2319 caelo,
1333 2275 1392 2320 qui
1406 2274 1575 2310 Cererem
1587 2274 1631 2310 ad
1639 2286 1726 2311 con-

1056 2326 1174 2360 cilium
1190 2326 1348 2361 Deorum
1365 2333 1540 2361 revocent.
1564 2326 1627 2361 Illa
1641 2339 1725 2360 vero

1057 2385 1160 2423 negat
1175 2391 1211 2412 se
1228 2378 1419 2413 redituram
1442 2384 1500 2412 aut
1514 2378 1630 2422 fruges
1653 2384 1726 2413 ter-

1056 2430 1103 2463 ris
1127 2429 1362 2472 reddituram,
1383 2435 1462 2463 ante
1489 2441 1595 2474 quarn
1616 2428 1723 2463 filiam

1055 2481 1201 2517 vidisset.
1220 2482 1272 2515 Ea
1287 2481 1392 2527 igitur
1407 2495 1447 2516 ex
1463 2481 1560 2517 Orco
1573 2481 1724 2516 dimitti-

1056 2535 1348 2574 tur.—Im›1'dtbsa,
1360 2532 1442 2567 odio
1451 2534 1607 2568 Plutonis
1614 2533 1723 2578 plena.

1100 2587 1173 2630 517.
1186 2586 1293 2618 Edita
1304 2590 1415 2629 partu.
1444 2585 1602 2620 Medicus
1615 2610 1624 2628 ,
1635 2597 1724 2628 pro-

1055 2637 1144 2675 de'la‚
1164 2636 1257 2680 quod
1274 2636 1463 2682 elegantius
1477 2636 1614 2670 videtur
1623 2637 1723 2670 Bur—

1056 2699 1196 2721 manno.
1214 2688 1313 2733 Regii
1326 2688 1456 2730 nostri,
1474 2689 1572 2721 edita.
1651 2722 1653 2724 ,

1101 2740 1173 2774 518.
1199 2741 1255 2773 En
1268 2766 1277 2783 ‚
1301 2744 1440 2784 quasise
1453 2745 1516 2773 etc.
1536 2737 1670 2772 Confer
1683 2738 1699 2772 I
1711 2763 1720 2780 ,
