1832 3100
255 247 340 289 262

1040 170 1048 194 Χ

614 247 666 291 Ρ.
711 248 958 292 OVIDII
996 249 1306 295 NASONIS

260 362 283 382 »
310 341 395 396 Et,
423 351 636 405 quantum
659 353 782 390 motu
803 342 987 390 formosi
1011 343 1213 408 suspicor
1237 343 1350 400 oris,

259 438 283 458 »
311 415 460 463 Verba
481 415 636 475 refers,
663 437 788 467 aures
810 438 899 467 non
923 420 1219 486 pervenientia
1243 431 1427 468 nostras.

256 516 279 536 »
308 496 361 542 In
386 506 427 541 te
452 513 534 557 ego
559 514 678 553 sum,
704 497 820 545 sensi
835 510 953 554 ;'nec
975 517 1043 546 me
1065 517 1162 546 mea
1184 496 1296 545 fallit
1314 497 1458 559 imago
1485 516 1495 544 :

257 595 281 617 »
309 573 429 622 Uror
453 593 599 623 amore
621 574 707 630 mei
723 595 733 632 ;
752 574 944 624 flammas
969 575 1211 640 moveoque
1235 575 1428 640 feroque.

259 672 282 692 »
309 650 433 713 Quid
445 650 629 698 faciam?
642 670 784 713 roger,
799 670 911 699 anne
925 653 1108 714 rogem?
1122 651 1230 717 quid
1243 650 1400 699 deinde
1411 650 1670 714 rogabo?l.65

257 749 280 769 >›
310 727 447 790 Quod
470 728 601 794 cupio
621 747 791 777 mecum
811 741 898 786 est,
923 729 1102 795 inopem
1120 748 1188 777 me
1213 728 1341 795 copia
1360 728 1475 776 fecit.

255 826 280 846 >›
309 805 350 851 O
374 805 542 853 utinam
561 818 715 854 nostro
741 806 939 857 secedere
964 826 1148 873 corpore
1171 807 1376 873 possem!

257 902 283 923 >›
307 882 472 929 Votum
489 882 533 929 in
545 894 715 931 amante
730 901 893 931 novum
907 904 917 940 ;
931 883 1100 941 vellem,
1116 884 1238 950 quod
1255 901 1463 941 amamus,
1474 881 1669 930 abesset!

256 978 280 1001 >›
308 959 495 1024 Jamque
518 959 648 1007 dolor
669 959 783 1008 vires
807 961 985 1018 adimit;
1009 981 1088 1009 nec
1113 973 1315 1026 tempora
1336 960 1436 1007 vitae

257 1055 280 1076 »
306 1036 461 1097 Longa
483 1053 587 1083 meae
612 1049 842 1101 superant;
866 1036 1096 1103 primoque
1119 1037 1378 1100 exstinguor
1397 1035 1444 1082 in
1467 1052 1557 1082 aevo
1575 1051 1585 1091 ;
1605 1046 1674 1092 47⁰

257 1131 280 1151 «
309 1111 400 1158 Nec
425 1111 533 1158 mihi
555 1131 675 1160 mors
698 1113 840 1176 gravis
858 1125 925 1162 est
946 1114 1151 1180 posituro
1176 1124 1317 1161 morte
1339 1110 1528 1160 dolores.

259 1210 281 1229 »
312 1188 398 1238 Hie
414 1225 425 1246 ‚
451 1188 526 1254 qui
551 1188 770 1252 diligitur,
796 1189 950 1238 vellem
973 1189 1229 1238 diuturnior
1251 1200 1391 1237 esset:

259 1287 282 1308 >›
311 1266 441 1313 Nunc
467 1266 556 1313 duo
582 1266 822 1315 concordes
847 1267 989 1315 anima
1009 1268 1250 1315 moriemur
1272 1266 1318 1313 in
1340 1283 1440 1313 una.
1467 1286 1491 1306 ›··

318 1342 465 1399 Dixit,
493 1354 537 1391 et
557 1344 612 1391 ad
635 1343 789 1392 faciem
807 1344 940 1393 rediit
960 1344 1207 1393 malesanus
1233 1341 1428 1390 eamdem
1448 1359 1459 1398 ;

251 1419 311 1466 Et
335 1417 523 1467 lacrimis
547 1421 742 1468 turbavit
764 1440 924 1487 aquas;
952 1421 1229 1487 obscuraque
1254 1431 1377 1467 moto

1606 1429 1672 1476 475

252 1496 444 1544 Reddita
469 1497 610 1545 forma
634 1498 732 1546 lacu
756 1511 823 1546 est
843 1519 852 1547 :
875 1519 1006 1565 quam
1031 1518 1168 1565 quum
1190 1498 1373 1546 vidisset
1399 1495 1521 1545 abire
1536 1532 1549 1552 ‚

250 1622 378 1656 blande
396 1636 430 1656 se
447 1622 598 1657 invicem
615 1623 793 1658 intuentes
811 1625 928 1659 oculos

251 1681 420 1717 movent,
438 1687 544 1719 osque
563 1674 732 1710 diducunt
751 1675 792 1710 ad
809 1676 930 1711 subri-

254 1725 412 1759 dendum
427 1752 435 1768 ,
464 1725 593 1760 Graecis
616 1734 667 1761 est
686 1730 928 1776 σκαρῶαμυγμός.

255 1775 324 1810 Sed
343 1776 376 1810 h.
392 1777 410 1811 l.
428 1789 501 1810 non
516 1777 581 1812 nisi
597 1777 639 1811 ad
657 1778 838 1814 oculorum
855 1792 932 1812 mo-

254 1835 329 1862 tum
347 1828 527 1862 retulerim
542 1854 550 1869 ‚
568 1828 648 1873 quia
660 1832 748 1863 risus
758 1829 829 1874 jam
841 1843 933 1875 prae-

252 1881 362 1916 cessit.
378 1882 484 1915 Forte
501 1888 619 1916 tamen
636 1889 773 1927 praestat
790 1896 829 1918 ex
846 1883 931 1928 plu—

251 1935 349 1969 rimis
364 1939 455 1969 nulu.
480 1935 546 1978 IV,
564 1935 607 1968 63
631 1948 639 1970 z
660 1940 741 1969 nutu
764 1939 932 1981 signisque

251 1989 434 2030 loquuntur.
454 1986 531 2020 Art.
555 1985 672 2021 Amat.
689 1986 705 2020 l
726 2013 735 2030 ,
757 1987 818 2021 138
834 2000 842 2020 :
860 1989 931 2021 Nec

252 2040 318 2070 tibi
331 2050 394 2080 per
417 2042 516 2071 nulus
540 2040 737 2081 accipienda
763 2044 844 2072 nola
870 2043 931 2073 est.

253 2087 306 2123 Ibi
317 2100 454 2133 quoque
466 2101 537 2122 non
552 2090 616 2123 nisi
628 2103 717 2124 unus
728 2093 839 2124 nictus
847 2102 931 2134 prae-

251 2140 328 2174 sert.
339 2159 382 2164 —
397 2142 626 2174 Pet-venientia
639 2154 736 2176 aures
746 2168 754 2181 ‚
776 2141 930 2186 intellige

253 2195 308 2226 ad.
330 2193 428 2237 Saepe
448 2193 596 2226 Homer.
620 2196 670 2232 ἧκε
682 2197 765 2228 πάλιν
778 2220 787 2236 ,
805 2194 931 2228 omisso

256 2250 315 2286 εΞς;
335 2240 428 2289 ‹juod
445 2245 568 2279 imitati
585 2253 668 2280 sunt
685 2246 811 2280 Latini.

297 2297 369 2340 463.
385 2299 425 2330 In
440 2302 473 2330 le
486 2310 545 2340 ego
560 2310 641 2331 sum.
661 2297 777 2342 Vulgo
793 2300 856 2331 Ille
871 2305 931 2332 aut

253 2350 324 2391 ipse
339 2361 397 2391 ego
412 2361 494 2383 sum.
518 2347 587 2382 Sed
607 2348 773 2382 Heinsius
790 2362 830 2382 ex
846 2350 927 2382 Me-

256 2399 367 2443 diceo,
379 2402 419 2433 In
435 2398 681 2435 len—Codices
692 2400 802 2434 nostri
816 2400 928 2445 Regii,

254 2456 326 2487 isle.
343 2472 386 2478 —
401 2455 444 2487 In
462 2458 494 2487 le
509 2467 568 2497 ego
581 2467 653 2488 sum
670 2460 733 2488 etc.
751 2453 930 2487 Hactenus

253 2516 360 2538 error.
396 2505 449 2538 Eo
479 2505 656 2550 expeditus
684 2504 861 2540 Narcissus
892 2504 929 2538 in

254 2555 531 2601 desperationem
555 2558 701 2593 vertitur
715 2584 725 2602 ‚
751 2558 850 2602 cujus
866 2569 930 2592 au—

255 2613 327 2640 tem
351 2608 419 2641 vim
442 2622 515 2643 non
532 2610 621 2644 bene
638 2609 801 2655 expressit
817 2616 928 2654 poeta.

256 2657 424 2692 Alienum
442 2660 484 2693 ab
506 2673 546 2694 ea
563 2668 614 2695 est
632 2673 825 2708 oxymoron
847 2663 931 2694 ino-

246 2722 323 2752 pem
339 2723 389 2744 me
404 2715 502 2755 copia
509 2712 619 2756 stell,
646 2713 778 2746 alienus
794 2712 849 2746 ille
867 2712 929 2745 lu·-

249 2774 323 2806 sus,
342 2764 491 2799 Votum...
505 2765 660 2808 abessct‚·
674 2764 838 2809 ineptum
850 2776 929 2799 acu-

995 1638 1076 1659 men
1089 1651 1098 1668 ,
1115 1626 1185 1658 Hic
1196 1651 1203 1664 ‚
1225 1626 1444 1668 quidiligilur
1453 1630 1516 1657 etc.
1527 1640 1572 1649 —-
1585 1623 1678 1664 Quid

994 1678 1111 1710 deinde
1132 1688 1199 1719 rog.
1216 1675 1294 1709 etsi
1318 1687 1442 1720 rogare
1465 1673 1569 1715 libet,
1589 1672 1672 1718 quid

995 1727 1138 1763 tandem
1150 1727 1278 1771 rogabo
1291 1725 1307 1760 ?
1320 1744 1364 1751 --
1373 1727 1506 1768 Inopem
1515 1738 1566 1758 me
1575 1727 1673 1767 copia

986 1781 1084 1825 fecit.
1103 1780 1280 1815 Ausonius
1298 1779 1341 1814 de
1356 1779 1516 1814 Narcisso
1534 1790 1542 1811 ι
1559 1778 1600 1811 Si
1611 1790 1671 1812 cu-

990 1844 1087 1876 peres
1096 1834 1209 1869 alt'um,
1217 1843 1347 1875 posses,
1365 1831 1536 1869 Narczksc,
1543 1830 1670 1874 potirt'‚·

996 1896 1084 1917 nunc
1093 1886 1158 1918 tibi
1163 1885 1288 1916 amoris
1302 1883 1402 1916 adest
1413 1883 1512 1924 copia
1523 1880 1674 1924 :fructus

996 1939 1100 1971 abest.
1123 1935 1300 1980 Epigram.
1315 1937 1357 1982 95
1376 1940 1411 1968 et
1423 1934 1478 1980 96.
1494 1935 1560 1968 Ed.

1041 1989 1114 2032 470.
1135 1989 1310 2031 superant,
1340 1992 1536 2031 supersunt.
1563 1983 1673 2030 Quod

996 2039 1232 2086 Virgilianum
1253 2045 1303 2073 est
1306 2064 1378 2074 .......
1404 2038 1585 2083 Super-alne
1598 2064 1607 2078 ,
1641 2041 1677 2071 et

996 2096 1139 2127 vescitur
1144 2106 1229 2127 aura
1239 2095 1256 2120 Ρ
1265 2110 1309 2118 -
1318 2094 1431 2126 Primo
1440 2104 1518 2130 evo,
1525 2090 1672 2124 ineunte

996 2151 1106 2179 aetate.
1122 2163 1167 2171 -
1182 2145 1310 2178 Anima
1322 2147 1358 2178 in
1373 2156 1457 2183 una,
1480 2142 1567 2176 dum
1582 2153 1674 2176 unus

996 2196 1150 2230 animam
1163 2195 1306 2230 exhalat.
1323 2194 1469 2229 Dictum
1489 2193 1557 2228 hoc
1571 2206 1591 2228 e
1605 2205 1674 2227 ser-

995 2260 1102 2281 mone
1119 2247 1252 2282 intimae
1267 2245 1506 2281 familiaritatis
1516 2244 1581 2279 sibi
1594 2244 1674 2278 vin-

996 2299 1140 2333 dicantis
1167 2299 1305 2333 alterius
1329 2304 1472 2333 sortem.
1505 2296 1571 2339 IV,
1589 2295 1670 2335 108;
1728 2306 1729 2309 ’

996 2351 1069 2394 ΙΧ,
1088 2351 1171 2392 388;
1187 2350 1280 2393 XII,
1297 2363 1370 2397 229.
1383 2347 1456 2383 Sed
1467 2347 1508 2382 ab
1519 2346 1673 2381 hocloco

995 2402 1148 2437 alienum
1160 2409 1222 2445 est,
1236 2401 1316 2446 quia
1325 2399 1503 2436 Narcissus
1513 2399 1585 2444 jam
1596 2411 1674 2433 sen-

994 2460 1096 2496 serat,
1106 2454 1230 2488 umbra
1243 2465 1304 2488 sua
1318 2465 1354 2487 se
1367 2450 1672 2486 ardere—Malim

994 2505 1160 2550 explicare
1180 2517 1252 2539 non
1269 2504 1316 2538 illi
1341 2504 1501 2538 animum
1517 2502 1668 2545 mutari,

993 2555 1073 2590 licet
1090 2569 1248 2590 errorem
1264 2555 1454 2601 agnoverit.

1037 2608 1111 2652 474.
1122 2609 1320 2641 Malesanus
1327 2633 1335 2647 ‚
1353 2607 1495 2642 insanus
1503 2631 1513 2650 ,
1524 2604 1579 2639 vel
1589 2603 1672 2648 quia

993 2658 1128 2693 redib'at
1151 2658 1194 2693 ad
1223 2671 1349 2704 aquam
1377 2670 1454 2703 quae
1477 2655 1667 2691 renovabat

993 2711 1147 2755 dolores,
1161 2711 1214 2746 vel
1228 2718 1370 2757 propter
1380 2721 1537 2744 amorem
1552 2707 1615 2742 sui.
1626 2725 1671 2732 --

992 2765 1169 2810 lacrymis
1192 2762 1433 2800 incredibilem
1450 2759 1573 2797 tribuit
1588 2758 1667 2795 vim-
