1832 3100
311 222 395 266 368

687 226 737 270 Ρ.
776 225 1008 274 OVIDII
1035 229 1332 279 NASONIS

307 314 556 365 Procubuit
577 328 720 378 terrae‚
745 320 921 369 mactati
939 340 1060 371 more
1078 323 1264 388 juvenci.

307 393 491 443 Demere
514 395 710 444 tentabat
729 395 823 445 laevi
846 401 1210 465 quoque-robora
1233 403 1375 468 postis

307 470 553 537 Cinyphius
575 471 746 522 Pelates
766 493 776 520 :
797 475 985 524 tentanti
1007 475 1183 526 dextera
1205 478 1290 527 fixa
1310 491 1377 528 est

304 547 497 614 Cuspide
517 549 793 599 Marmaridae
816 552 1030 610 Coruthi‚
1050 552 1260 621 lignoque
1286 556 1495 606 cohaesit:
1551 581 1553 590 ¹

1649 572 1710 607 125

302 624 495 672 Haerenti
517 623 632 674 latus
651 626 799 675 hausit
826 627 967 685 Abas;
992 647 1071 676 nec
1096 631 1263 679 corruit
1284 631 1357 681 ille
1371 669 1383 691 ,

301 700 388 748 sed
406 700 621 751 retinente
643 722 820 751 manum
840 704 1033 753 moriens
1057 725 1080 754 e
1103 719 1231 772 poste
1255 710 1476 775 pependit.
1532 722 1536 727 '

300 776 521 826 Sternitur
539 790 583 826 et
603 779 857 837 Menaleus‚
881 782 1055 831 Perseia
1078 796 1216 833 castra
1240 798 1474 852 sequutuS‚

300 857 362 904 Et
382 857 686 905 Nasamoniaci
710 858 896 924 Dorylas
920 859 1162 910 ditissimus
1186 863 1306 924 agri3

298 937 433 985 Dives
458 938 552 1000 agri
576 937 764 1004 Dorylas
778 976 790 998 ‚
816 959 905 1005 quo
927 960 1020 988 non
1040 943 1296 1008 possederat
1320 943 1430 992 alter

1650 961 1708 994 130

296 1018 473 1076 Latius,
497 1030 573 1068 aut
596 1019 779 1068 totidem
802 1019 986 1070 tollebat
1005 1022 1134 1071 farris
1158 1042 1346 1073 acervos.

297 1100 444 1165 Hujus
467 1100 513 1147 in
535 1099 720 1167 obliquo
746 1101 930 1152 missum
952 1105 1074 1152 stetit
1096 1104 1275 1168 inguine
1297 1106 1486 1154 ferrum:

294 1180 459 1229 Letifer
480 1180 555 1230 ille
578 1181 731 1231 locus:
759 1202 887 1249 quem
910 1196 1148 1251 postquam
1169 1185 1361 1249 vulneris
1383 1197 1537 1234 auctor
1575 1180 1580 1185 ⁵

296 1264 620 1328 Singultantem
646 1266 833 1314 animam
850 1303 863 1325 ‚
889 1279 933 1315 et
955 1280 1195 1317 versantem
1219 1268 1383 1317 lumina
1404 1269 1515 1316 vidit

295 1347 496 1396 Bactrius
506 1347 799 1414 Halcyoneus,
815 1371 837 1392 α
852 1350 964 1409 Hoc,
978 1351 1096 1416 quod
1106 1351 1281 1417 premis,
1293 1351 1452 1418 inquit,
1467 1351 1630 1400 habeto
1647 1366 1708 1401 135

295 1493 379 1539 quid
397 1496 528 1529 ossibus
547 1495 602 1530 vix
624 1495 773 1531 latinum
799 1502 860 1531 est.
882 1497 969 1531 Ho-

294 1547 401 1580 ratius
430 1545 513 1580 dixit
527 1573 536 1590 ,
560 1549 688 1581 illidere
712 1550 841 1582 dealem
866 1550 976 1583 alis-ui

293 1600 364 1637 rei‚·
380 1597 496 1632 Livius
505 1623 515 1640 ‚
531 1600 651 1632 elidere
666 1603 769 1642 caput
778 1611 895 1641 sacras
907 1599 968 1633 sed

293 1650 415 1683 elidere
439 1661 563 1693 corpus
586 1649 819 1683 inanimatum
837 1675 847 1693 ,
878 1663 909 1683 v.
937 1664 967 1695 g.

295 1711 385 1742 saxa,
396 1699 538 1744 stipites,
553 1706 616 1734 etc.
633 1700 731 1735 alicui
746 1701 881 1746 corpori
893 1701 968 1734 ani-

296 1757 390 1784 mato
404 1763 524 1784 rerum
544 1758 678 1786 naturae
693 1759 875 1797 repugnat.
902 1753 967 1785 Ed.

295 1822 339 1829 —-
348 1806 529 1838 Procubuit
535 1808 627 1838 lerrae
638 1831 647 1844 ‚
670 1811 709 1838 ut
728 1818 787 1852 ¹97
802 1830 811 1847 ,
823 1809 970 1847 proster—

295 1867 372 1889 nere
387 1857 482 1889 burm·
491 1866 503 1897 ‚·
522 1855 595 1889 Vll
606 1880 615 1898 ,
636 1856 698 1899 578
711 1881 720 1898 ‚
738 1860 829 1889 terroe
835 1856 968 1899 jacens.

342 1907 414 1940 123.
434 1908 584 1940 Demere.
605 1905 677 1941 Cic.
694 1904 970 1941 dixit'com’ellere

293 1962 461 2004 repagula.
478 1978 522 1985 ·—
538 1961 692 1999 Robora,
725 1958 888 2005 repagula
902 1971 969 1993 ro·-

293 2012 411 2047 borea.
430 2031 475 2038 —
493 2014 616 2059 Cinyps
628 2039 636 2053 ‚
659 2026 736 2058 pars
753 2013 870 2059 Libyae
888 2025 969 2047 cum

294 2064 441 2099 flumine
461 2065 670 2111 cognomini.
687 2084 732 2091 —
755 2067 969 2100 Marmaridoe

293 2116 388 2158 inter
410 2117 603 2164 AEgyptum
619 2124 654 2152 et
673 2117 841 2165 Cyrenen
862 2117 968 2152 inco-

293 2167 422 2203 lebant.
430 2168 520 2203 Plin.
532 2169 578 2211 V,
589 2169 619 2203 6.
630 2171 767 2203 —Fisca
775 2174 835 2203 est.
848 2169 969 2204 Simile

295 2219 377 2265 quid
391 2245 400 2263 ,
419 2220 513 2263 XII,
543 2220 708 2265 331-387.
733 2239 777 2247 --
796 2222 940 2255 Haurit-e
953 2248 961 2261 ‚

295 2272 484 2307 confodere
503 2285 563 2307 seu
580 2273 768 2318 transigere
781 2275 870 2306 lalus
886 2273 969 2307 dixit

295 2325 368 2371 jam
379 2324 515 2360 Lucret.
527 2324 574 2368 V,
590 2326 671 2359 1323
683 2351 692 2368 ,
707 2339 747 2359 ex
759 2326 965 2369 Homerico,

296 2378 450 2424 ἀφύσσων.
481 2376 699 2412 Schirachius
725 2377 967 2422 metaphoram

294 2428 377 2462 inde
400 2427 539 2463 ductam
560 2435 681 2474 putat,
715 2428 807 2473 quod
831 2428 967 2463 exhau-

295 2480 404 2514 riatur
430 2480 577 2525 sanguis.
602 2480 730 2515 Melius
752 2480 845 2514 haud
863 2480 966 2515 dubie

296 2533 458 2579 Heynius
474 2532 516 2567 ad
535 2533 631 2577 virg.
654 2533 794 2567 AEneid.
810 2533 864 2575 II,
879 2532 964 2576 500,

296 2585 375 2628 quia
391 2583 585 2618 hauriendo
597 2592 801 2629 penetretur
813 2597 890 2618 vase
904 2584 966 2618 im-

295 2635 399 2669 misso
415 2643 450 2670 et
463 2635 666 2671 diffindatur
685 2650 782 2681 aqua.
800 2636 966 2682 Exempla

295 2687 404 2720 multa
428 2687 531 2732 hujus
555 2688 737 2722 locutionis
761 2701 780 2722 e
807 2688 915 2733 poetis
930 2694 966 2722 et

294 2737 462 2773 historicis
484 2739 619 2784 collegit
641 2739 817 2774 Drakenb.
836 2738 880 2775 ad
901 2738 965 2774 Si-

1034 1498 1120 1532 lium
1134 1524 1143 1542 ,
1159 1499 1207 1542 V,
1225 1500 1299 1542 524.
1316 1517 1360 1526 —-
1374 1500 1551 1534 Betinente
1563 1512 1706 1535 manum.

1038 1549 1183 1585 Codices
1194 1543 1316 1591 nostri,
1329 1554 1489 1585 retinente
1499 1564 1600 1586 manu
1605 1562 1618 1593 ,·
1631 1563 1708 1596 quae

1033 1601 1135 1636 lectio
1151 1614 1224 1635 non
1241 1602 1329 1635 mala
1346 1602 1484 1637 videtur
1496 1617 1512 1644 ;.
1528 1615 1612 1637 nam
1631 1615 1707 1637 ma·
1749 1627 1751 1629 ·

1033 1665 1098 1687 nus
1115 1665 1252 1697 quoque
1266 1678 1275 1695 ,
1286 1655 1367 1698 fixa
1389 1655 1525 1697 cuspide
1549 1655 1704 1695 Coruthi,

1033 1716 1115 1738 eum
1132 1704 1286 1738 retinuit.
1313 1706 1378 1739 Ed.

1081 1769 1093 1789 1
1101 1756 1151 1789 28.
1165 1756 1287 1790 Castra
1295 1760 1460 1799 sequutus,
1475 1769 1634 1801 pugnans
1642 1769 1705 1802 pro

1033 1808 1173 1842 Perseo.
1189 1806 1260 1841 XII
1271 1832 1280 1849 ,
1306 1807 1370 1842 285
1386 1819 1394 1841 :
1407 1807 1567 1852 sitfhrlts
1578 1813 1707 1843 castro-

1032 1873 1102 1894 rum
1127 1862 1223 1893 Iurba
1245 1863 1382 1894 luorum.
1402 1877 1446 1885 —
1470 1861 1678 1895 Nasamones
1694 1889 1703 1902 ,

1036 1910 1203 1957 Cyrenen
1213 1909 1420 1944 incolebant.
1439 1909 1572 1945 Plinius
1582 1936 1592 1954 ,
1605 1911 1653 1954 V,
1665 1912 1684 1945 5
1693 1937 1703 1953 ,

1032 1963 1091 1996 ubi
1108 1970 1142 1997 et
1159 1961 1201 1996 de
1218 1962 1393 1997 fertilitate
1416 1962 1489 2008 agri
1510 1961 1704 2010 Cyrenaici.

1034 2015 1081 2049 Et
1090 2015 1236 2049 omnino
1248 2015 1366 2049 Africa
1374 2018 1541 2065 πυροφόρος.
1553 2016 1595 2050 In
1605 2026 1706 2049 num·

1034 2067 1099 2102 mis
1113 2079 1194 2101 cum
1210 2066 1309 2111 spicis
1323 2073 1358 2101 et
1373 2079 1484 2102 cornu
1498 2065 1618 2113 Copiae
1629 2080 1707 2103 cer-

1033 2120 1139 2154 nitur.
1172 2118 1224 2153 Ibi
1246 2118 1399 2153 Romani
1414 2119 1600 2154 immensas
1618 2132 1705 2165 pos-

1033 2171 1197 2206 sessiones
1227 2169 1410 2205 habebant.
1440 2189 1484 2196 —
1506 2172 1705 2206 Dintminus

1031 2223 1226 2267 agrietiam
1244 2221 1384 2256 AEneid.
1404 2222 1455 2265 X,
1475 2222 1549 2256 563.
1563 2241 1608 2250 -·
1628 2223 1705 2257 ba-

1032 2280 1099 2310 tius
1110 2303 1118 2317 ,
1133 2275 1269 2310 latiores
1285 2287 1446 2319 agros.—-
1466 2276 1626 2309 Tollebat.
1640 2275 1704 2309 Ja-

1033 2327 1138 2361 cobus
1146 2326 1364 2370 Gronovius,
1380 2328 1535 2370 cogebas&
1550 2325 1610 2360 sed
1625 2325 1703 2360 vide

1031 2378 1288 2413 Burmannum.
1324 2378 1417 2411 Tolli
1434 2377 1611 2423 eleganter
1638 2376 1699 2411 di-

1033 2437 1160 2464 cuntur
1174 2441 1250 2474 quae
1267 2441 1307 2462 ex
1323 2428 1410 2473 agris
1423 2427 1573 2463 redeunt
1588 2436 1624 2464 et
1638 2429 1703 2464 col-

1033 2480 1197 2526 liguntur.
1214 2479 1271 2514 Sic
1288 2487 1323 2514 et
1342 2480 1431 2515 Fast.
1450 2480 1515 2523 IV,
1534 2480 1608 2514 560.

1080 2532 1150 2574 134.
1165 2532 1366 2574 Singullare,
1378 2543 1460 2566 cum
1475 2530 1628 2577 singultu
1641 2543 1701 2565 seu

1031 2584 1182 2618 motibus
1201 2583 1404 2619 convulsivis
1429 2584 1594 2619 exhalare.
1618 2583 1701 2617 AEn.

1032 2635 1084 2670 IX
1096 2661 1105 2678 ,
1129 2635 1192 2670 333
1205 2661 1213 2677 ‚
1239 2641 1372 2670 truncus
1391 2639 1554 2680 sanguine
1565 2637 1701 2679 singul-

1030 2691 1131 2730 tans5
1156 2690 1219 2731 415
1230 2715 1238 2729 ‚
1273 2691 1382 2732 longis
1411 2688 1610 2730 singultibus
1639 2688 1702 2720 ilia

1024 2741 1150 2783 pulsat.
1503 2747 1508 2751 '
