<?xml version="1.0" encoding="UTF-8"?>
<!DOCTYPE html PUBLIC "-//W3C//DTD XHTML 1.0 Transitional//EN"
    "http://www.w3.org/TR/xhtml1/DTD/xhtml1-transitional.dtd">
<html xmlns="http://www.w3.org/1999/xhtml" xml:lang="en" lang="en">
 <head>
  <title>
</title>
<meta http-equiv="Content-Type" content="text/html;charset=utf-8" />
  <meta name='ocr-system' content='tesseract 3.04.00' />
  <meta name='ocr-capabilities' content='ocr_page ocr_carea ocr_par ocr_line ocrx_word'/>
</head>
<body>
  <div class='ocr_page' id='page_1' title='image "./quaeextantomniao03oviduoft_0036.png"; bbox 0 0 1832 3100; ppageno 0'>
   <div class='ocr_carea' id='block_1_1' title="bbox 278 261 1160 322">
    <p class='ocr_par' dir='ltr' id='par_1_1' title="bbox 278 261 1160 322">
     <span class='ocr_line' id='line_1_1' title="bbox 278 261 1160 322; baseline 0.006 -16"><span class='ocrx_word' id='word_1_1' title='bbox 278 267 307 322; x_wconf 74' lang='lat'><em>4</em></span> <span class='ocrx_word' id='word_1_2' title='bbox 669 271 672 274; x_wconf 49' lang='lat'>*</span> <span class='ocrx_word' id='word_1_3' title='bbox 790 261 1160 311; x_wconf 83' lang='lat' dir='ltr'><strong>PRAEFATIO</strong></span> 
     </span>
    </p>
   </div>
   <div class='ocr_carea' id='block_1_2' title="bbox 259 357 1679 1482">
    <p class='ocr_par' dir='ltr' id='par_1_2' title="bbox 259 357 1679 1482">
     <span class='ocr_line' id='line_1_2' title="bbox 275 357 1678 428; baseline 0.002 -20"><span class='ocrx_word' id='word_1_4' title='bbox 275 358 382 408; x_wconf 84' lang='lat' dir='ltr'>libri</span> <span class='ocrx_word' id='word_1_5' title='bbox 401 357 607 425; x_wconf 86' lang='lat' dir='ltr'><strong>mythici,</strong></span> <span class='ocrx_word' id='word_1_6' title='bbox 634 363 706 406; x_wconf 82' lang='lat' dir='ltr'><strong>tot&#39;</strong></span> <span class='ocrx_word' id='word_1_7' title='bbox 723 358 852 406; x_wconf 88' lang='lat' dir='ltr'><strong>etiam</strong></span> <span class='ocrx_word' id='word_1_8' title='bbox 872 359 1032 407; x_wconf 89' lang='lat' dir='ltr'><strong>artium</strong></span> <span class='ocrx_word' id='word_1_9' title='bbox 1054 370 1336 407; x_wconf 87' lang='lat' dir='ltr'><strong>monumenta</strong></span> <span class='ocrx_word' id='word_1_10' title='bbox 1356 371 1370 417; x_wconf 72' lang='lat'><strong>‚“</strong></span> <span class='ocrx_word' id='word_1_11' title='bbox 1405 377 1500 427; x_wconf 87' lang='lat' dir='ltr'><strong>quae</strong></span> <span class='ocrx_word' id='word_1_12' title='bbox 1517 361 1678 428; x_wconf 88' lang='lat' dir='ltr'><strong>passim</strong></span> 
     </span>
     <span class='ocr_line' id='line_1_3' title="bbox 275 445 1679 515; baseline 0.001 -20"><span class='ocrx_word' id='word_1_13' title='bbox 275 448 330 496; x_wconf 89' lang='lat' dir='ltr'><strong>ab</strong></span> <span class='ocrx_word' id='word_1_14' title='bbox 354 466 406 495; x_wconf 92' lang='lat' dir='ltr'><strong>eo</strong></span> <span class='ocrx_word' id='word_1_15' title='bbox 430 464 632 513; x_wconf 87' lang='lat' dir='ltr'><strong>expressa</strong></span> <span class='ocrx_word' id='word_1_16' title='bbox 655 445 879 503; x_wconf 85' lang='lat' dir='ltr'><strong>videntur,</strong></span> <span class='ocrx_word' id='word_1_17' title='bbox 904 446 1139 512; x_wconf 83' lang='lat' dir='ltr'><strong>perierint,</strong></span> <span class='ocrx_word' id='word_1_18' title='bbox 1164 458 1282 494; x_wconf 88' lang='lat' dir='ltr'><strong>certo</strong></span> <span class='ocrx_word' id='word_1_19' title='bbox 1306 446 1447 495; x_wconf 85' lang='lat' dir='ltr'><strong>dicere</strong></span> <span class='ocrx_word' id='word_1_20' title='bbox 1462 466 1553 496; x_wconf 90' lang='lat' dir='ltr'><strong>non</strong></span> <span class='ocrx_word' id='word_1_21' title='bbox 1573 465 1679 515; x_wconf 87' lang='lat' dir='ltr'><strong>pos·</strong></span> 
     </span>
     <span class='ocr_line' id='line_1_4' title="bbox 273 533 1676 600; baseline 0.002 -18"><span class='ocrx_word' id='word_1_22' title='bbox 273 553 436 583; x_wconf 89' lang='lat' dir='ltr'><strong>sumus.</strong></span> <span class='ocrx_word' id='word_1_23' title='bbox 476 536 628 600; x_wconf 88' lang='lat' dir='ltr'><strong>Itaque</strong></span> <span class='ocrx_word' id='word_1_24' title='bbox 650 552 729 581; x_wconf 91' lang='lat' dir='ltr'><strong>nec</strong></span> <span class='ocrx_word' id='word_1_25' title='bbox 752 544 945 590; x_wconf 89' lang='lat' dir='ltr'><strong>constat,</strong></span> <span class='ocrx_word' id='word_1_26' title='bbox 969 544 1119 581; x_wconf 91' lang='lat' dir='ltr'><strong>utrum</strong></span> <span class='ocrx_word' id='word_1_27' title='bbox 1141 534 1235 600; x_wconf 87' lang='lat' dir='ltr'><strong>ipse</strong></span> <span class='ocrx_word' id='word_1_28' title='bbox 1258 533 1423 600; x_wconf 89' lang='lat' dir='ltr'><strong>aliquid</strong></span> <span class='ocrx_word' id='word_1_29' title='bbox 1445 535 1494 582; x_wconf 92' lang='lat' dir='ltr'><strong>in</strong></span> <span class='ocrx_word' id='word_1_30' title='bbox 1515 535 1676 584; x_wconf 88' lang='lat' dir='ltr'><strong>fabulis</strong></span> 
     </span>
     <span class='ocr_line' id='line_1_5' title="bbox 270 622 1676 690; baseline 0.001 -19"><span class='ocrx_word' id='word_1_31' title='bbox 270 623 493 671; x_wconf 83' lang='lat' dir='ltr'>novaverit</span> <span class='ocrx_word' id='word_1_32' title='bbox 506 622 820 688; x_wconf 86' lang='lat' dir='ltr'><strong>addideritque,</strong></span> <span class='ocrx_word' id='word_1_33' title='bbox 835 641 890 669; x_wconf 90' lang='lat' dir='ltr'><strong>an</strong></span> <span class='ocrx_word' id='word_1_34' title='bbox 907 622 1159 670; x_wconf 84' lang='lat' dir='ltr'><strong>Graecorum</strong></span> <span class='ocrx_word' id='word_1_35' title='bbox 1173 634 1342 670; x_wconf 89' lang='lat' dir='ltr'><strong>tantum</strong></span> <span class='ocrx_word' id='word_1_36' title='bbox 1359 623 1540 686; x_wconf 85' lang='lat' dir='ltr'><strong>vestigia</strong></span> <span class='ocrx_word' id='word_1_37' title='bbox 1554 642 1676 690; x_wconf 82' lang='lat' dir='ltr'><strong>pres-</strong></span> 
     </span>
     <span class='ocr_line' id='line_1_6' title="bbox 268 709 1672 778; baseline 0.001 -19"><span class='ocrx_word' id='word_1_38' title='bbox 268 710 385 759; x_wconf 88' lang='lat' dir='ltr'><strong>serit.</strong></span> <span class='ocrx_word' id='word_1_39' title='bbox 402 710 661 775; x_wconf 86' lang='lat' dir='ltr'><strong>Conjiciunt</strong></span> <span class='ocrx_word' id='word_1_40' title='bbox 675 709 905 767; x_wconf 88' lang='lat' dir='ltr'><strong>nonnulli,</strong></span> <span class='ocrx_word' id='word_1_41' title='bbox 931 709 1125 758; x_wconf 88' lang='lat' dir='ltr'><strong>fabulam</strong></span> <span class='ocrx_word' id='word_1_42' title='bbox 1141 710 1193 758; x_wconf 90' lang='lat' dir='ltr'><strong>de</strong></span> <span class='ocrx_word' id='word_1_43' title='bbox 1209 711 1395 778; x_wconf 81' lang='lat' dir='ltr'><strong>Pyramo</strong></span> <span class='ocrx_word' id='word_1_44' title='bbox 1419 723 1464 760; x_wconf 88' lang='lat' dir='ltr'><strong>et</strong></span> <span class='ocrx_word' id='word_1_45' title='bbox 1481 712 1672 770; x_wconf 81' lang='lat' dir='ltr'><strong>Thisbe,</strong></span> 
     </span>
     <span class='ocr_line' id='line_1_7' title="bbox 266 798 1673 868; baseline 0.004 -22"><span class='ocrx_word' id='word_1_46' title='bbox 266 809 361 846; x_wconf 90' lang='lat' dir='ltr'><strong>tum</strong></span> <span class='ocrx_word' id='word_1_47' title='bbox 399 798 575 846; x_wconf 89' lang='lat' dir='ltr'><strong>alteram</strong></span> <span class='ocrx_word' id='word_1_48' title='bbox 610 798 663 846; x_wconf 91' lang='lat' dir='ltr'><strong>de</strong></span> <span class='ocrx_word' id='word_1_49' title='bbox 698 798 956 847; x_wconf 85' lang='lat' dir='ltr'><strong>Philemone</strong></span> <span class='ocrx_word' id='word_1_50' title='bbox 987 811 1031 848; x_wconf 89' lang='lat' dir='ltr'><strong>et</strong></span> <span class='ocrx_word' id='word_1_51' title='bbox 1052 799 1265 858; x_wconf 68' lang='lat' dir='ltr'><strong>Baucide3</strong></span> <span class='ocrx_word' id='word_1_52' title='bbox 1290 812 1529 868; x_wconf 28' lang='lat' dir='ltr'><strong>utramque*</strong></span> <span class='ocrx_word' id='word_1_53' title='bbox 1541 801 1673 865; x_wconf 85' lang='lat' dir='ltr'><strong>longe</strong></span> 
     </span>
     <span class='ocr_line' id='line_1_8' title="bbox 266 885 1674 956; baseline 0.003 -23"><span class='ocrx_word' id='word_1_54' title='bbox 266 886 564 934; x_wconf 85' lang='lat' dir='ltr'><strong>suavissimam</strong></span> <span class='ocrx_word' id='word_1_55' title='bbox 579 923 590 943; x_wconf 89' lang='lat'><strong><em>,</em></strong></span> <span class='ocrx_word' id='word_1_56' title='bbox 613 897 744 952; x_wconf 88' lang='lat' dir='ltr'><strong>atque</strong></span> <span class='ocrx_word' id='word_1_57' title='bbox 768 886 897 934; x_wconf 87' lang='lat' dir='ltr'><strong>etiam</strong></span> <span class='ocrx_word' id='word_1_58' title='bbox 922 885 975 934; x_wconf 88' lang='lat' dir='ltr'><strong>de</strong></span> <span class='ocrx_word' id='word_1_59' title='bbox 999 886 1195 934; x_wconf 91' lang='lat' dir='ltr'><strong>Sidoniis</strong></span> <span class='ocrx_word' id='word_1_60' title='bbox 1219 888 1326 935; x_wconf 91' lang='lat' dir='ltr'><strong>Inus</strong></span> <span class='ocrx_word' id='word_1_61' title='bbox 1345 888 1583 937; x_wconf 84' lang='lat' dir='ltr'><strong>comitibus</strong></span> <span class='ocrx_word' id='word_1_62' title='bbox 1596 908 1674 956; x_wconf 87' lang='lat' dir='ltr'><strong>ap—</strong></span> 
     </span>
     <span class='ocr_line' id='line_1_9' title="bbox 263 973 1673 1041; baseline 0.001 -18"><span class='ocrx_word' id='word_1_63' title='bbox 263 974 541 1040; x_wconf 87' lang='lat' dir='ltr'><strong>pendiculam</strong></span> <span class='ocrx_word' id='word_1_64' title='bbox 566 974 620 1022; x_wconf 91' lang='lat' dir='ltr'><strong>ab</strong></span> <span class='ocrx_word' id='word_1_65' title='bbox 648 974 747 1040; x_wconf 90' lang='lat' dir='ltr'><strong>ipso</strong></span> <span class='ocrx_word' id='word_1_66' title='bbox 768 993 861 1022; x_wconf 83' lang='lat' dir='ltr'><strong>esse</strong></span> <span class='ocrx_word' id='word_1_67' title='bbox 882 973 1047 1031; x_wconf 79' lang='lat' dir='ltr'><strong>fictam3</strong></span> <span class='ocrx_word' id='word_1_68' title='bbox 1069 974 1144 1022; x_wconf 89' lang='lat' dir='ltr'><strong>sed</strong></span> <span class='ocrx_word' id='word_1_69' title='bbox 1162 973 1282 1022; x_wconf 89' lang='lat' dir='ltr'><strong>nulla</strong></span> <span class='ocrx_word' id='word_1_70' title='bbox 1301 975 1394 1040; x_wconf 85' lang='lat' dir='ltr'><strong>ejus</strong></span> <span class='ocrx_word' id='word_1_71' title='bbox 1417 976 1673 1041; x_wconf 66' lang='lat' dir='ltr'><strong>conjectura!</strong></span> 
     </span>
     <span class='ocr_line' id='line_1_10' title="bbox 263 1061 1673 1129; baseline 0 -19"><span class='ocrx_word' id='word_1_72' title='bbox 263 1081 392 1111; x_wconf 88' lang='lat' dir='ltr'><strong>causa</strong></span> <span class='ocrx_word' id='word_1_73' title='bbox 410 1062 535 1111; x_wconf 86' lang='lat' dir='ltr'><strong>reddi</strong></span> <span class='ocrx_word' id='word_1_74' title='bbox 558 1062 707 1129; x_wconf 84' lang='lat' dir='ltr'><strong>potest</strong></span> <span class='ocrx_word' id='word_1_75' title='bbox 728 1061 988 1128; x_wconf 86' lang='lat' dir='ltr'><strong>probabilis.</strong></span> <span class='ocrx_word' id='word_1_76' title='bbox 1022 1062 1122 1109; x_wconf 90' lang='lat' dir='ltr'><strong>Hoc</strong></span> <span class='ocrx_word' id='word_1_77' title='bbox 1146 1073 1290 1110; x_wconf 85' lang='lat' dir='ltr'><strong>autem</strong></span> <span class='ocrx_word' id='word_1_78' title='bbox 1313 1062 1535 1121; x_wconf 87' lang='lat' dir='ltr'><strong>videmus,</strong></span> <span class='ocrx_word' id='word_1_79' title='bbox 1559 1063 1673 1111; x_wconf 90' lang='lat' dir='ltr'><strong>nihil</strong></span> 
     </span>
     <span class='ocr_line' id='line_1_11' title="bbox 260 1149 1672 1215; baseline -0.002 -15"><span class='ocrx_word' id='word_1_80' title='bbox 260 1153 309 1201; x_wconf 90' lang='lat' dir='ltr'><strong>in</strong></span> <span class='ocrx_word' id='word_1_81' title='bbox 331 1153 417 1200; x_wconf 89' lang='lat' dir='ltr'><strong>hoc</strong></span> <span class='ocrx_word' id='word_1_82' title='bbox 443 1170 597 1215; x_wconf 86' lang='lat' dir='ltr'><strong>genere</strong></span> <span class='ocrx_word' id='word_1_83' title='bbox 616 1149 901 1199; x_wconf 86' lang='lat' dir='ltr'><strong>memorabile</strong></span> <span class='ocrx_word' id='word_1_84' title='bbox 923 1150 978 1197; x_wconf 87' lang='lat' dir='ltr'><strong>ab</strong></span> <span class='ocrx_word' id='word_1_85' title='bbox 1002 1168 1053 1198; x_wconf 93' lang='lat' dir='ltr'><strong>eo</strong></span> <span class='ocrx_word' id='word_1_86' title='bbox 1080 1168 1170 1198; x_wconf 90' lang='lat' dir='ltr'><strong>esse</strong></span> <span class='ocrx_word' id='word_1_87' title='bbox 1188 1150 1547 1215; x_wconf 67' lang='lat' dir='ltr'><strong>praetermissum,</strong></span> <span class='ocrx_word' id='word_1_88' title='bbox 1567 1151 1672 1199; x_wconf 89' lang='lat' dir='ltr'><strong>etin</strong></span> 
     </span>
     <span class='ocr_line' id='line_1_12' title="bbox 260 1222 1671 1306; baseline -0.001 -16"><span class='ocrx_word' id='word_1_89' title='bbox 260 1253 381 1290; x_wconf 86' lang='lat' dir='ltr'><strong>tanta</strong></span> <span class='ocrx_word' id='word_1_90' title='bbox 404 1242 628 1299; x_wconf 86' lang='lat' dir='ltr'><strong>varietate,</strong></span> <span class='ocrx_word' id='word_1_91' title='bbox 653 1260 740 1306; x_wconf 91' lang='lat' dir='ltr'><strong>qua</strong></span> <span class='ocrx_word' id='word_1_92' title='bbox 762 1239 903 1306; x_wconf 87' lang='lat' dir='ltr'><strong>mythi</strong></span> <span class='ocrx_word' id='word_1_93' title='bbox 926 1251 1049 1287; x_wconf 89' lang='lat' dir='ltr'><strong>erant</strong></span> <span class='ocrx_word' id='word_1_94' title='bbox 1069 1222 1242 1296; x_wconf 83' lang='lat' dir='ltr'><strong>traditi,</strong></span> <span class='ocrx_word' id='word_1_95' title='bbox 1267 1239 1482 1286; x_wconf 88' lang='lat' dir='ltr'><strong>rationem</strong></span> <span class='ocrx_word' id='word_1_96' title='bbox 1503 1239 1671 1305; x_wconf 85' lang='lat' dir='ltr'><strong>ubique</strong></span> 
     </span>
     <span class='ocr_line' id='line_1_13' title="bbox 260 1325 1673 1393; baseline -0.001 -16"><span class='ocrx_word' id='word_1_97' title='bbox 260 1329 347 1378; x_wconf 85' lang='lat' dir='ltr'><strong>fere</strong></span> <span class='ocrx_word' id='word_1_98' title='bbox 370 1349 464 1377; x_wconf 89' lang='lat' dir='ltr'><strong>eam</strong></span> <span class='ocrx_word' id='word_1_99' title='bbox 486 1347 578 1378; x_wconf 88' lang='lat' dir='ltr'><strong>esse</strong></span> <span class='ocrx_word' id='word_1_100' title='bbox 601 1327 828 1385; x_wconf 88' lang='lat' dir='ltr'><strong>delectam,</strong></span> <span class='ocrx_word' id='word_1_101' title='bbox 856 1346 952 1393; x_wconf 86' lang='lat' dir='ltr'><strong>quae</strong></span> <span class='ocrx_word' id='word_1_102' title='bbox 974 1325 1042 1374; x_wconf 89' lang='lat' dir='ltr'><strong>vel</strong></span> <span class='ocrx_word' id='word_1_103' title='bbox 1059 1325 1300 1393; x_wconf 90' lang='lat' dir='ltr'><strong>plurimum</strong></span> <span class='ocrx_word' id='word_1_104' title='bbox 1322 1339 1502 1375; x_wconf 89' lang='lat' dir='ltr'><strong>ornatus</strong></span> <span class='ocrx_word' id='word_1_105' title='bbox 1521 1326 1673 1376; x_wconf 85' lang='lat' dir='ltr'><strong>admit-</strong></span> 
     </span>
     <span class='ocr_line' id='line_1_14' title="bbox 259 1413 1670 1482; baseline -0.002 -17"><span class='ocrx_word' id='word_1_106' title='bbox 259 1428 391 1474; x_wconf 85' lang='lat' dir='ltr'><strong>teret,</strong></span> <span class='ocrx_word' id='word_1_107' title='bbox 419 1428 472 1464; x_wconf 90' lang='lat' dir='ltr'><strong>ut</strong></span> <span class='ocrx_word' id='word_1_108' title='bbox 499 1416 691 1482; x_wconf 86' lang='lat' dir='ltr'><strong>impetus</strong></span> <span class='ocrx_word' id='word_1_109' title='bbox 712 1414 894 1463; x_wconf 82' lang='lat' dir='ltr'><strong>Althaeae</strong></span> <span class='ocrx_word' id='word_1_110' title='bbox 916 1414 963 1462; x_wconf 89' lang='lat' dir='ltr'><strong>in</strong></span> <span class='ocrx_word' id='word_1_111' title='bbox 985 1413 1123 1462; x_wconf 90' lang='lat' dir='ltr'><strong>filium</strong></span> <span class='ocrx_word' id='word_1_112' title='bbox 1139 1452 1150 1471; x_wconf 89' lang='lat'>‚</span> <span class='ocrx_word' id='word_1_113' title='bbox 1176 1414 1244 1462; x_wconf 84' lang='lat' dir='ltr'><strong>vel</strong></span> <span class='ocrx_word' id='word_1_114' title='bbox 1267 1414 1424 1461; x_wconf 88' lang='lat' dir='ltr'><strong>decoro</strong></span> <span class='ocrx_word' id='word_1_115' title='bbox 1447 1433 1670 1463; x_wconf 90' lang='lat' dir='ltr'><strong>commen-</strong></span> 
     </span>
    </p>
   </div>
   <div class='ocr_carea' id='block_1_3' title="bbox 251 1500 1737 2712">
    <p class='ocr_par' dir='ltr' id='par_1_3' title="bbox 256 1500 1668 1817">
     <span class='ocr_line' id='line_1_15' title="bbox 260 1500 1666 1569; baseline -0.001 -17"><span class='ocrx_word' id='word_1_116' title='bbox 260 1505 458 1561; x_wconf 83' lang='lat' dir='ltr'><strong>daretur,</strong></span> <span class='ocrx_word' id='word_1_117' title='bbox 484 1522 574 1569; x_wconf 90' lang='lat' dir='ltr'><strong>quo</strong></span> <span class='ocrx_word' id='word_1_118' title='bbox 597 1502 790 1568; x_wconf 80' lang='lat' dir='ltr'><strong>pertinet</strong></span> <span class='ocrx_word' id='word_1_119' title='bbox 811 1501 996 1551; x_wconf 88' lang='lat' dir='ltr'><strong>mutatio</strong></span> <span class='ocrx_word' id='word_1_120' title='bbox 1018 1502 1143 1564; x_wconf 88' lang='lat' dir='ltr'><strong>pueri</strong></span> <span class='ocrx_word' id='word_1_121' title='bbox 1163 1500 1477 1548; x_wconf 78' lang='lat' dir='ltr'><strong>in&#39;stellionem</strong></span> <span class='ocrx_word' id='word_1_122' title='bbox 1493 1537 1505 1558; x_wconf 95' lang='lat'>‚</span> <span class='ocrx_word' id='word_1_123' title='bbox 1535 1513 1666 1567; x_wconf 90' lang='lat' dir='ltr'><strong>atque</strong></span> 
     </span>
     <span class='ocr_line' id='line_1_16' title="bbox 258 1586 1666 1659; baseline -0.004 -17"><span class='ocrx_word' id='word_1_124' title='bbox 258 1591 442 1659; x_wconf 87' lang='lat' dir='ltr'><strong>Cephali</strong></span> <span class='ocrx_word' id='word_1_125' title='bbox 466 1602 509 1639; x_wconf 91' lang='lat' dir='ltr'><strong>et</strong></span> <span class='ocrx_word' id='word_1_126' title='bbox 531 1588 755 1638; x_wconf 86' lang='lat' dir='ltr'><strong>Procridis</strong></span> <span class='ocrx_word' id='word_1_127' title='bbox 778 1587 887 1644; x_wconf 86' lang='lat' dir='ltr'><strong>fata,</strong></span> <span class='ocrx_word' id='word_1_128' title='bbox 907 1586 1071 1652; x_wconf 85' lang='lat' dir='ltr'><strong>quibus</strong></span> <span class='ocrx_word' id='word_1_129' title='bbox 1095 1587 1243 1652; x_wconf 87' lang='lat' dir='ltr'><strong>turpia</strong></span> <span class='ocrx_word' id='word_1_130' title='bbox 1258 1586 1475 1635; x_wconf 85' lang='lat' dir='ltr'><strong>nonnulla</strong></span> <span class='ocrx_word' id='word_1_131' title='bbox 1496 1588 1551 1636; x_wconf 87' lang='lat' dir='ltr'><strong>ab</strong></span> <span class='ocrx_word' id='word_1_132' title='bbox 1570 1588 1666 1637; x_wconf 87' lang='lat' dir='ltr'><strong>aliis</strong></span> 
     </span>
     <span class='ocr_line' id='line_1_17' title="bbox 257 1673 1668 1739; baseline -0.004 -10"><span class='ocrx_word' id='word_1_133' title='bbox 257 1691 380 1729; x_wconf 89' lang='lat' dir='ltr'><strong>erant</strong></span> <span class='ocrx_word' id='word_1_134' title='bbox 401 1678 602 1727; x_wconf 85' lang='lat' dir='ltr'><strong>admixta.</strong></span> <span class='ocrx_word' id='word_1_135' title='bbox 631 1676 777 1739; x_wconf 77' lang='lat' dir='ltr'><strong>Quam</strong></span> <span class='ocrx_word' id='word_1_136' title='bbox 803 1693 883 1736; x_wconf 84' lang='lat' dir='ltr'><strong>ego</strong></span> <span class='ocrx_word' id='word_1_137' title='bbox 903 1673 1078 1723; x_wconf 89' lang='lat' dir='ltr'><strong>laudem</strong></span> <span class='ocrx_word' id='word_1_138' title='bbox 1093 1692 1187 1721; x_wconf 92' lang='lat' dir='ltr'><strong>non</strong></span> <span class='ocrx_word' id='word_1_139' title='bbox 1210 1673 1575 1724; x_wconf 87' lang='lat' dir='ltr'><strong>contemnendam</strong></span> <span class='ocrx_word' id='word_1_140' title='bbox 1599 1695 1668 1724; x_wconf 89' lang='lat' dir='ltr'><strong>ar-</strong></span> 
     </span>
     <span class='ocr_line' id='line_1_18' title="bbox 256 1769 413 1817; baseline -0.019 0"><span class='ocrx_word' id='word_1_141' title='bbox 256 1769 413 1817; x_wconf 83' lang='lat' dir='ltr'><strong>bitror.</strong></span> 
     </span>
    </p>

    <p class='ocr_par' dir='ltr' id='par_1_4' title="bbox 251 1853 1737 2712">
     <span class='ocr_line' id='line_1_19' title="bbox 319 1853 1737 1921; baseline -0.002 -16"><span class='ocrx_word' id='word_1_142' title='bbox 319 1859 436 1905; x_wconf 87' lang='lat' dir='ltr'><strong>Tum</strong></span> <span class='ocrx_word' id='word_1_143' title='bbox 456 1867 591 1904; x_wconf 86' lang='lat' dir='ltr'><strong>artem</strong></span> <span class='ocrx_word' id='word_1_144' title='bbox 613 1854 815 1903; x_wconf 87' lang='lat' dir='ltr'><strong>admirari</strong></span> <span class='ocrx_word' id='word_1_145' title='bbox 838 1853 962 1912; x_wconf 88' lang='lat' dir='ltr'><strong>licet,</strong></span> <span class='ocrx_word' id='word_1_146' title='bbox 988 1875 1075 1920; x_wconf 89' lang='lat' dir='ltr'><strong>qua</strong></span> <span class='ocrx_word' id='word_1_147' title='bbox 1100 1855 1354 1903; x_wconf 87' lang='lat' dir='ltr'><strong>foecundum</strong></span> <span class='ocrx_word' id='word_1_148' title='bbox 1376 1867 1518 1921; x_wconf 88' lang='lat' dir='ltr'><strong>poetae</strong></span> <span class='ocrx_word' id='word_1_149' title='bbox 1538 1856 1666 1916; x_wconf 83' lang='lat' dir='ltr'><strong>inge-</strong></span> <span class='ocrx_word' id='word_1_150' title='bbox 1734 1893 1737 1897; x_wconf 91' lang='lat'>.</span> 
     </span>
     <span class='ocr_line' id='line_1_20' title="bbox 256 1942 1666 2008; baseline -0.002 -16"><span class='ocrx_word' id='word_1_151' title='bbox 256 1945 377 1992; x_wconf 91' lang='lat' dir='ltr'><strong>nium</strong></span> <span class='ocrx_word' id='word_1_152' title='bbox 402 1956 470 1991; x_wconf 90' lang='lat' dir='ltr'><strong>tot</strong></span> <span class='ocrx_word' id='word_1_153' title='bbox 491 1942 663 1991; x_wconf 87' lang='lat' dir='ltr'><strong>fabulas</strong></span> <span class='ocrx_word' id='word_1_154' title='bbox 685 1942 732 1989; x_wconf 89' lang='lat' dir='ltr'><strong>in</strong></span> <span class='ocrx_word' id='word_1_155' title='bbox 752 1942 884 1989; x_wconf 91' lang='lat' dir='ltr'><strong>unius</strong></span> <span class='ocrx_word' id='word_1_156' title='bbox 909 1942 1107 2008; x_wconf 84' lang='lat' dir='ltr'><strong>corporis</strong></span> <span class='ocrx_word' id='word_1_157' title='bbox 1132 1942 1321 2008; x_wconf 90' lang='lat' dir='ltr'><strong>speciem</strong></span> <span class='ocrx_word' id='word_1_158' title='bbox 1344 1942 1595 2007; x_wconf 87' lang='lat' dir='ltr'><strong>conjunxit,</strong></span> <span class='ocrx_word' id='word_1_159' title='bbox 1614 1954 1666 1990; x_wconf 84' lang='lat' dir='ltr'><strong>ut</strong></span> 
     </span>
     <span class='ocr_line' id='line_1_21' title="bbox 254 2028 1662 2097; baseline -0.003 -18"><span class='ocrx_word' id='word_1_160' title='bbox 254 2051 352 2080; x_wconf 91' lang='lat' dir='ltr'><strong>vere</strong></span> <span class='ocrx_word' id='word_1_161' title='bbox 378 2041 614 2097; x_wconf 74' lang='lat' dir='ltr'><strong>perpetuum</strong></span> <span class='ocrx_word' id='word_1_162' title='bbox 637 2048 809 2078; x_wconf 90' lang='lat' dir='ltr'><strong>carmen</strong></span> <span class='ocrx_word' id='word_1_163' title='bbox 832 2029 978 2077; x_wconf 85' lang='lat' dir='ltr'><strong>vocari</strong></span> <span class='ocrx_word' id='word_1_164' title='bbox 1005 2040 1169 2095; x_wconf 90' lang='lat' dir='ltr'><strong>posset.</strong></span> <span class='ocrx_word' id='word_1_165' title='bbox 1195 2029 1237 2077; x_wconf 91' lang='lat' dir='ltr'><strong>A</strong></span> <span class='ocrx_word' id='word_1_166' title='bbox 1259 2029 1477 2077; x_wconf 88' lang='lat' dir='ltr'><strong>creatione</strong></span> <span class='ocrx_word' id='word_1_167' title='bbox 1508 2028 1662 2076; x_wconf 91' lang='lat' dir='ltr'><strong>mundi</strong></span> 
     </span>
     <span class='ocr_line' id='line_1_22' title="bbox 253 2116 1660 2183; baseline -0.003 -15"><span class='ocrx_word' id='word_1_168' title='bbox 253 2138 434 2168; x_wconf 86' lang='lat' dir='ltr'><strong>exorsus</strong></span> <span class='ocrx_word' id='word_1_169' title='bbox 451 2117 661 2166; x_wconf 85' lang='lat' dir='ltr'><strong>lectorem</strong></span> <span class='ocrx_word' id='word_1_170' title='bbox 682 2116 843 2165; x_wconf 91' lang='lat' dir='ltr'><strong>sensim</strong></span> <span class='ocrx_word' id='word_1_171' title='bbox 859 2154 870 2174; x_wconf 88' lang='lat'>‚</span> <span class='ocrx_word' id='word_1_172' title='bbox 897 2129 941 2165; x_wconf 92' lang='lat' dir='ltr'><strong>et</strong></span> <span class='ocrx_word' id='word_1_173' title='bbox 962 2136 1059 2165; x_wconf 91' lang='lat' dir='ltr'><strong>cum</strong></span> <span class='ocrx_word' id='word_1_174' title='bbox 1083 2117 1270 2165; x_wconf 85' lang='lat' dir='ltr'><strong>maxima</strong></span> <span class='ocrx_word' id='word_1_175' title='bbox 1294 2117 1387 2182; x_wconf 85' lang='lat' dir='ltr'><strong>ejus</strong></span> <span class='ocrx_word' id='word_1_176' title='bbox 1409 2116 1660 2183; x_wconf 83' lang='lat' dir='ltr'><strong>voluptate,</strong></span> 
     </span>
     <span class='ocr_line' id='line_1_23' title="bbox 255 2203 1659 2272; baseline -0.002 -17"><span class='ocrx_word' id='word_1_177' title='bbox 255 2207 432 2256; x_wconf 87' lang='lat' dir='ltr'><strong>deducit</strong></span> <span class='ocrx_word' id='word_1_178' title='bbox 463 2224 544 2272; x_wconf 89' lang='lat' dir='ltr'><strong>per</strong></span> <span class='ocrx_word' id='word_1_179' title='bbox 566 2205 763 2253; x_wconf 89' lang='lat' dir='ltr'><strong>omnium</strong></span> <span class='ocrx_word' id='word_1_180' title='bbox 798 2203 1044 2252; x_wconf 90' lang='lat' dir='ltr'><strong>seculorum</strong></span> <span class='ocrx_word' id='word_1_181' title='bbox 1077 2204 1231 2252; x_wconf 88' lang='lat' dir='ltr'><strong>seriem</strong></span> <span class='ocrx_word' id='word_1_182' title='bbox 1255 2203 1310 2251; x_wconf 89' lang='lat' dir='ltr'><strong>ad</strong></span> <span class='ocrx_word' id='word_1_183' title='bbox 1333 2223 1411 2252; x_wconf 89' lang='lat' dir='ltr'><strong>sua</strong></span> <span class='ocrx_word' id='word_1_184' title='bbox 1435 2215 1631 2270; x_wconf 83' lang='lat' dir='ltr'><strong>tempora</strong></span> <span class='ocrx_word' id='word_1_185' title='bbox 1647 2241 1659 2262; x_wconf 89' lang='lat'>‚</span> 
     </span>
     <span class='ocr_line' id='line_1_24' title="bbox 252 2292 1659 2361; baseline -0.004 -16"><span class='ocrx_word' id='word_1_186' title='bbox 252 2308 419 2346; x_wconf 79' lang='lat' dir='ltr'><strong>servata</strong></span> <span class='ocrx_word' id='word_1_187' title='bbox 441 2307 680 2361; x_wconf 87' lang='lat' dir='ltr'><strong>utcumque</strong></span> <span class='ocrx_word' id='word_1_188' title='bbox 705 2293 916 2359; x_wconf 90' lang='lat' dir='ltr'><strong>temporis</strong></span> <span class='ocrx_word' id='word_1_189' title='bbox 950 2293 1132 2340; x_wconf 86' lang='lat' dir='ltr'><strong>ratione.</strong></span> <span class='ocrx_word' id='word_1_190' title='bbox 1173 2292 1300 2341; x_wconf 86' lang='lat' dir='ltr'><strong>Mille</strong></span> <span class='ocrx_word' id='word_1_191' title='bbox 1332 2294 1469 2355; x_wconf 85' lang='lat' dir='ltr'><strong>igitur</strong></span> <span class='ocrx_word' id='word_1_192' title='bbox 1503 2292 1659 2341; x_wconf 86' lang='lat' dir='ltr'><strong>modos</strong></span> 
     </span>
     <span class='ocr_line' id='line_1_25' title="bbox 251 2380 1660 2449; baseline -0.001 -18"><span class='ocrx_word' id='word_1_193' title='bbox 251 2385 443 2442; x_wconf 84' lang='lat' dir='ltr'><strong>invenit,</strong></span> <span class='ocrx_word' id='word_1_194' title='bbox 469 2383 631 2449; x_wconf 86' lang='lat' dir='ltr'><strong>quibus</strong></span> <span class='ocrx_word' id='word_1_195' title='bbox 655 2382 709 2431; x_wconf 89' lang='lat' dir='ltr'><strong>ab</strong></span> <span class='ocrx_word' id='word_1_196' title='bbox 729 2381 812 2429; x_wconf 85' lang='lat' dir='ltr'><strong>alia</strong></span> <span class='ocrx_word' id='word_1_197' title='bbox 834 2380 983 2428; x_wconf 86' lang='lat' dir='ltr'><strong>fabula</strong></span> <span class='ocrx_word' id='word_1_198' title='bbox 1006 2381 1212 2429; x_wconf 89' lang='lat' dir='ltr'><strong>transiret</strong></span> <span class='ocrx_word' id='word_1_199' title='bbox 1230 2381 1284 2429; x_wconf 86' lang='lat' dir='ltr'><strong>ad</strong></span> <span class='ocrx_word' id='word_1_200' title='bbox 1308 2380 1447 2429; x_wconf 88' lang='lat' dir='ltr'><strong>aliam.</strong></span> <span class='ocrx_word' id='word_1_201' title='bbox 1486 2381 1590 2429; x_wconf 88' lang='lat' dir='ltr'><strong>Haec</strong></span> <span class='ocrx_word' id='word_1_202' title='bbox 1614 2400 1660 2429; x_wconf 86' lang='lat' dir='ltr'><strong>se</strong></span> 
     </span>
     <span class='ocr_line' id='line_1_26' title="bbox 254 2469 1659 2536; baseline -0.001 -18"><span class='ocrx_word' id='word_1_203' title='bbox 254 2471 407 2529; x_wconf 82' lang='lat' dir='ltr'><strong>offert,</strong></span> <span class='ocrx_word' id='word_1_204' title='bbox 435 2471 545 2536; x_wconf 35' lang='lat' dir='ltr'><strong>quia*</strong></span> <span class='ocrx_word' id='word_1_205' title='bbox 571 2469 813 2518; x_wconf 88' lang='lat' dir='ltr'><strong>similitudo</strong></span> <span class='ocrx_word' id='word_1_206' title='bbox 844 2469 884 2516; x_wconf 88' lang='lat' dir='ltr'><strong>ei</strong></span> <span class='ocrx_word' id='word_1_207' title='bbox 919 2469 1116 2534; x_wconf 81' lang='lat' dir='ltr'><strong>quaedam</strong></span> <span class='ocrx_word' id='word_1_208' title='bbox 1145 2488 1243 2516; x_wconf 92' lang='lat' dir='ltr'><strong>cum</strong></span> <span class='ocrx_word' id='word_1_209' title='bbox 1277 2469 1500 2534; x_wconf 89' lang='lat' dir='ltr'><strong>superiore</strong></span> <span class='ocrx_word' id='word_1_210' title='bbox 1525 2469 1659 2516; x_wconf 88' lang='lat' dir='ltr'><strong>inter-</strong></span> 
     </span>
     <span class='ocr_line' id='line_1_27' title="bbox 252 2555 1656 2624; baseline -0.004 -18"><span class='ocrx_word' id='word_1_211' title='bbox 252 2558 388 2615; x_wconf 85' lang='lat' dir='ltr'><strong>cedit;</strong></span> <span class='ocrx_word' id='word_1_212' title='bbox 412 2558 508 2612; x_wconf 86' lang='lat' dir='ltr'><strong>illa,</strong></span> <span class='ocrx_word' id='word_1_213' title='bbox 537 2558 638 2624; x_wconf 88' lang='lat' dir='ltr'><strong>quia</strong></span> <span class='ocrx_word' id='word_1_214' title='bbox 658 2557 713 2605; x_wconf 88' lang='lat' dir='ltr'><strong>ad</strong></span> <span class='ocrx_word' id='word_1_215' title='bbox 742 2555 941 2604; x_wconf 88' lang='lat' dir='ltr'><strong>eumdem</strong></span> <span class='ocrx_word' id='word_1_216' title='bbox 972 2555 1193 2603; x_wconf 87' lang='lat' dir='ltr'><strong>hominem</strong></span> <span class='ocrx_word' id='word_1_217' title='bbox 1219 2556 1416 2603; x_wconf 87' lang='lat' dir='ltr'><strong>Deumve</strong></span> <span class='ocrx_word' id='word_1_218' title='bbox 1449 2555 1656 2621; x_wconf 76' lang='lat' dir='ltr'><strong>pertinet,</strong></span> 
     </span>
     <span class='ocr_line' id='line_1_28' title="bbox 251 2641 1657 2712; baseline -0.004 -18"><span class='ocrx_word' id='word_1_219' title='bbox 251 2658 327 2694; x_wconf 85' lang='lat' dir='ltr'><strong>aut</strong></span> <span class='ocrx_word' id='word_1_220' title='bbox 345 2646 447 2712; x_wconf 85' lang='lat' dir='ltr'><strong>quia</strong></span> <span class='ocrx_word' id='word_1_221' title='bbox 464 2663 532 2693; x_wconf 90' lang='lat' dir='ltr'><strong>res</strong></span> <span class='ocrx_word' id='word_1_222' title='bbox 554 2645 599 2691; x_wconf 93' lang='lat' dir='ltr'><strong>in</strong></span> <span class='ocrx_word' id='word_1_223' title='bbox 618 2644 765 2693; x_wconf 88' lang='lat' dir='ltr'><strong>eadem</strong></span> <span class='ocrx_word' id='word_1_224' title='bbox 783 2656 896 2692; x_wconf 84' lang='lat' dir='ltr'><strong>terra</strong></span> <span class='ocrx_word' id='word_1_225' title='bbox 913 2654 1033 2706; x_wconf 86' lang='lat' dir='ltr'><strong>gesta</strong></span> <span class='ocrx_word' id='word_1_226' title='bbox 1047 2654 1125 2690; x_wconf 88' lang='lat' dir='ltr'><strong>est.</strong></span> <span class='ocrx_word' id='word_1_227' title='bbox 1147 2643 1256 2690; x_wconf 82' lang='lat' dir='ltr'><strong>Mox</strong></span> <span class='ocrx_word' id='word_1_228' title='bbox 1272 2641 1423 2708; x_wconf 83' lang='lat' dir='ltr'><strong>hymni</strong></span> <span class='ocrx_word' id='word_1_229' title='bbox 1441 2653 1657 2689; x_wconf 82' lang='lat' dir='ltr'><strong>canuntur</strong></span> 
     </span>
    </p>
   </div>
   <div class='ocr_carea' id='block_1_4' title="bbox 244 2729 1653 2799">
    <p class='ocr_par' dir='ltr' id='par_1_5' title="bbox 244 2729 1653 2799">
     <span class='ocr_line' id='line_1_29' title="bbox 244 2729 1653 2799; baseline -0.005 -16"><span class='ocrx_word' id='word_1_230' title='bbox 244 2732 657 2799; x_wconf 87' lang='lat' dir='ltr'><strong>metamorphoseon</strong></span> <span class='ocrx_word' id='word_1_231' title='bbox 692 2731 832 2797; x_wconf 83' lang='lat' dir='ltr'><strong>pleni,</strong></span> <span class='ocrx_word' id='word_1_232' title='bbox 857 2750 959 2779; x_wconf 87' lang='lat' dir='ltr'><strong>mox</strong></span> <span class='ocrx_word' id='word_1_233' title='bbox 982 2729 1185 2778; x_wconf 86' lang='lat' dir='ltr'><strong>mulieres</strong></span> <span class='ocrx_word' id='word_1_234' title='bbox 1213 2740 1370 2778; x_wconf 87' lang='lat' dir='ltr'><strong>texunt</strong></span> <span class='ocrx_word' id='word_1_235' title='bbox 1400 2739 1653 2790; x_wconf 83' lang='lat' dir='ltr'><strong>argumenta</strong></span> 
     </span>
    </p>
   </div>
  </div>
 </body>
</html>
