1832 3100
305 236 1004 283 METAMORPHOSEON
1044 241 1173 285 LIB.
1213 242 1305 287 VI.

1437 241 1523 304 427

90 333 144 381 In
163 331 300 382 latere
320 329 454 392 exiles
477 328 608 393 digiti
629 349 714 396 pro
737 330 943 378 cruribus
967 330 1136 379 haerent
1155 352 1164 379 :

91 410 247 458 Cetera
267 418 420 457 venter
440 405 605 464 habet3
627 405 681 455 de
705 426 796 474 quo
823 419 970 457 tamen
989 408 1067 457 illa
1088 410 1276 458 remittit

92 485 270 535 Stamen
285 494 301 544 ‚'
323 495 368 534 et
391 484 597 552 antiquas
620 497 793 534 exercet
815 504 972 534 aranea
994 484 1116 534 telas.

1395 503 1404 515 ⁸
1464 502 1525 548 145

128 582 129 585 ¹
153 563 213 611 Π.
239 561 380 629 Lydia
404 573 497 611 tota
519 562 695 621 fremit;
721 563 1013 631 Phrygiaeque
1035 583 1117 631 per
1140 563 1309 631 oppida
1332 564 1436 612 facti

92 642 265 690 Rumor
286 641 324 689 it
338 679 351 699 ,
377 653 423 691 et
444 660 655 704 magnum
677 641 959 711 sermonibus
986 653 1177 708 occupat
1200 642 1370 691 orbem.

88 718 207 767 Ante
231 737 340 767 suos
363 719 510 767 Niobe
536 718 754 768 thalamos
777 733 1047 783 cognoverat
1068 719 1212 779 illam,

88 796 205 846 Tum
228 815 367 864 quum
391 797 630 846 Maeoniam
653 798 780 862 virgo
804 798 1098 866 Sipylumque
1118 798 1292 848 colebat
1311 819 1322 849 ε

87 942 239 966 mannus
259 930 356 966 dedit
373 944 414 966 ex
430 931 541 966 tribus
553 931 663 966 MSS.
677 945 685 974 ;
700 932 774 966 vul-

87 995 131 1028 go
150 987 221 1018 toto
235 996 362 1029 quoque
377 996 521 1028 corpore.
535 983 634 1019 Licet
646 983 776 1020 habeat

86 1042 202 1070 totum
228 1043 264 1071 et
288 1036 469 1082 integrum
498 1049 625 1082 corpus
638 1063 647 1081 ,
668 1050 774 1083 parva

86 1094 205 1123 tamen
225 1096 300 1134 est,
328 1095 364 1123 et
383 1089 504 1123 omnia
520 1089 597 1134 ejus
612 1090 775 1124 membra

85 1147 170 1175 sunt
196 1141 305 1176 exilia.
337 1141 424 1176 Mox
452 1141 621 1177 Heinsius
657 1142 776 1177 mallet

86 1199 203 1230 venter
229 1197 320 1236 obit,
346 1194 409 1230 sed
433 1195 535 1230 male.
560 1195 752 1242 Eleganter
763 1221 773 1238 ‚

89 1248 209 1282 Cetera
237 1251 354 1282 venter
378 1249 482 1282 habet
490 1275 498 1289 ,
529 1255 613 1283 sunt
639 1255 775 1283 venter.

89 1299 146 1335 ΙΙΙ
158 1325 170 1343 ,
200 1299 308 1336 Trist.
340 1300 408 1344 IV,
435 1301 478 1345 46
499 1327 509 1345 ,
534 1303 639 1336 babel
664 1306 777 1336 celera

82 1357 219 1398 pontus.
239 1354 342 1389 Obire
363 1353 481 1400 potius
509 1353 554 1389 de
579 1362 681 1398 actu,
705 1367 776 1400 quo

88 1413 249 1442 mutatur
263 1406 405 1452 aliquid.
422 1407 438 1442 1
451 1433 462 1451 ‚
481 1408 778 1442 552.—Exerccl.

88 1459 252 1496 Debebat
271 1461 372 1506 sequi
389 1468 503 1496 artem
515 1487 526 1506 ‚
549 1461 612 1497 sed
627 1461 711 1496 dixit
726 1467 778 1496 le-

86 1514 143 1546 las
154 1540 162 1554 ,
181 1519 217 1548 et
231 1512 376 1559 quidem
391 1517 570 1560 antiquas,
604 1514 777 1560 pristinas.

91 1565 184 1601 Nam
199 1578 352 1602 exercere
363 1566 514 1602 omnino
526 1573 580 1602 est
595 1574 754 1602 tractare.

134 1617 299 1663 146—312.
330 1619 439 1654 Niobe
455 1645 464 1659 ,
500 1618 643 1653 Tantali
674 1618 746 1653 filia
764 1645 774 1662 ,

86 1669 299 1716 Amphionis
311 1695 322 1714 ,
343 1670 433 1716 regis
448 1669 611 1705 Thebani
625 1696 635 1714 ‚
664 1683 751 1705 uxor
765 1696 776 1714 ,

83 1721 222 1768 copiosa
236 1721 335 1768 prole
351 1721 557 1768 superbiens
577 1729 614 1757 et
630 1721 776 1757 Latonae

83 1787 120 1810 se
134 1775 343 1821 praeserens,
360 1774 518 1822 primum
534 1776 680 1811 orbatur
695 1776 775 1812 filiis

84 1827 293 1875 filiabusque
306 1829 473 1864 omnibus
482 1855 491 1873 ‚
509 1842 592 1864 mox
607 1830 680 1875 ipsa
692 1842 777 1864 mu-

85 1886 181 1915 tatur
211 1881 250 1916 in
275 1894 407 1916 saxum.
441 1881 575 1916 Fabula
610 1894 630 1916 a
655 1881 775 1916 multis

84 1934 311 1980 scriptoribus
322 1960 332 1976 ,
350 1933 470 1969 multis
485 1933 676 1980 deperditis
691 1941 773 1969 tra-

87 1985 207 2032 goediis
219 2012 229 2030 ,
254 1986 373 2022 multis
396 1987 640 2021 monumentis
652 2012 662 2030 ,
681 1987 778 2021 mul-

88 2038 132 2073 tis
147 2037 301 2084 denique
317 2038 500 2085 epitaphiis
516 2039 699 2074 celebrata.
719 2038 775 2075 Cs.

88 2089 199 2126 Hom.
213 2090 252 2126 ΙΙ.
265 2097 300 2126 Ω.
309 2117 319 2135 ,
331 2091 396 2127 602
408 2104 483 2138 sqq.
496 2106 505 2134 ς
524 2090 727 2127 Callimach.
740 2091 776 2126 h.

89 2141 206 2188 Apoll.
216 2157 279 2186 2²3
298 2144 447 2179 Pausan.
460 2143 626 2180 Corinth.
639 2157 670 2190 p.
688 2144 750 2179 160
765 2159 774 2187 ;

89 2193 253 2240 Apollod.
275 2195 352 2240 111,
373 2208 409 2240 v,
428 2196 470 2240 6,
489 2196 598 2242 quiin
615 2196 775 2242 plurimis

87 2248 264 2284 consentit
278 2261 360 2284 cum
373 2249 504 2285 Nostro
516 2264 525 2292 ;
539 2256 574 2284 et
585 2249 691 2283 Diod.
706 2249 775 2284 Sic.

86 2297 156 2343 IV,
171 2303 213 2347 74
224 2315 234 2344 ς
245 2301 494 2347 5ὠοΙ.Ειιι·ἱρ.
505 2301 548 2336 ad
559 2301 684 2337 Phoen.
700 2302 774 2346 162,

86 2365 105 2387 e
120 2351 320 2390 Cod.Voss.
335 2370 343 2398 ;
358 2355 491 2402 Hygin.
509 2354 628 2402 sab.9,
647 2367 706 2398 10,
724 2368 775 2388 11.

87 2403 342 2442 Tractaverant
353 2407 428 2443 haec
438 2414 473 2442 et
485 2406 630 2442 Hesiod.
645 2406 775 2442 Phere-

85 2457 190 2506 cydes
201 2485 211 2503 ,
224 2460 429 2496 Hellanicus
445 2468 482 2496 et
493 2460 636 2506 plurimi
650 2467 774 2506 poetae.

86 2511 238 2558 Signum
245 2520 423 2548 vetustum
430 2513 562 2548 Niobes
569 2527 652 2549 cum
661 2513 776 2549 liberis

86 2564 416 2600 excellentissimum
433 2566 623 2603 Florentiae
646 2580 773 2603 serva-

88 2613 147 2652 tur
157 2643 167 2661 ‚
180 2616 223 2652 de
237 2629 308 2662 quo
318 2618 527 2653 Winkelm.
538 2619 575 2653 in
590 2620 682 2656 Hist.
696 2621 774 2656 Art.

87 2683 122 2715 p.
139 2682 201 2715 17⁰
212 2695 222 2714 ,
241 2671 305 2704 205
318 2696 328 2714 ,
347 2670 433 2714 2263
455 2678 491 2705 et
507 2671 543 2706 in
556 2672 658 2706 Mon.
674 2673 775 2707 Ined.

89 2733 125 2755 n.
142 2722 195 2770 89.
218 2723 409 2768 Palaephat.
422 2735 495 2769 cap.
510 2737 549 2771 9,
562 2723 719 2759 fabulam
728 2724 778 2759 sic

91 2774 235 2820 explicat
244 2801 255 2820 ‚
266 2776 407 2812 Nioben
418 2776 537 2813 secisse
549 2777 614 2812 sibi
624 2783 777 2813 statuam

838 932 1012 979 lapideam
1025 933 1061 967 in
1072 933 1210 968 tumulo
1228 933 1434 968 liberorum.
1446 932 1528 969 Phi-

839 985 960 1021 lemon
969 986 1038 1021 sab.
1047 985 1130 1021 inde
1141 993 1262 1021 natam
1276 986 1525 1028 arbitrabatur,

841 1038 935 1085 quod
961 1039 1074 1075 Niobe
1100 1051 1172 1085 prae
1190 1039 1320 1074 doloris
1342 1040 1528 1085 magnitu-

843 1091 925 1126 dine
954 1091 1040 1126 nihil
1066 1091 1229 1137 proloqui
1258 1091 1423 1137 potuerit.
1454 1092 1530 1127 Nec

841 1144 941 1179 aliter
959 1143 1033 1179 Cic.
1045 1144 1148 1179 Tuse.
1163 1144 1218 1179 ΙΙΙ
1234 1170 1243 1187 ,
1257 1144 1321 1179 26:
1338 1146 1529 1189 Niobefin—

838 1200 931 1241 gilm-
942 1199 1080 1241 lapidea
1090 1224 1098 1237 ‚
1116 1201 1253 1241 propter
1264 1201 1420 1231 eternum
1433 1223 1442 1238 ‚
1460 1209 1530 1230 cre-

841 1251 886 1283 do
898 1276 906 1290 ‚
943 1252 979 1283 in
1016 1251 1108 1283 luctu
1141 1251 1322 1283 silenlium.
1356 1247 1454 1283 Hinc
1485 1248 1528 1282 ab

843 1300 1000 1335 AEschilo
1024 1300 1167 1336 inducta
1190 1301 1305 1335 suerat
1332 1300 1449 1334 velato
1471 1311 1531 1334 ca·-

842 1354 926 1400 pite.
941 1357 1142 1389 —Fremere
1152 1354 1209 1390 hic
1221 1367 1296 1389 non
1309 1354 1352 1388 de
1364 1353 1531 1399 indigna—

839 1407 936 1441 tione
955 1414 990 1442 et
1011 1406 1131 1442 dolore
1149 1407 1373 1453 popularium
1391 1405 1530 1441 Arach-

839 1472 903 1494 nes
918 1459 1150 1505 capiendum‚
1175 1459 1237 1495 sed
1250 1486 1260 1503 ,
1285 1466 1325 1493 ut
1342 1457 1523 1494 Schirach.

839 1518 934 1547 recte
952 1512 1112 1546 observat
1123 1537 1132 1555 ,
1151 1511 1194 1546 de
1211 1513 1304 1546 sama
1316 1516 1530 1556 pervagante

840 1563 990 1611 Lydiam
1009 1590 1019 1607 ,
1059 1564 1140 1609 quia
1171 1564 1246 1598 haec
1273 1563 1413 1609 dignior
1437 1564 1530 1597 sacto

840 1617 1015 1652 Minervae
1028 1643 1038 1660 ,
1067 1630 1174 1662 quam
1199 1616 1407 1663 indignatio.
1425 1616 1531 1651 Phae-

840 1667 924 1704 drus
937 1695 946 1712 ,
971 1670 988 1705 I
1003 1695 1013 1713 ‚
1033 1669 1148 1704 sabula
1170 1681 1216 1712 v,
1237 1682 1280 1703 20
1305 1682 1314 1704 ε
1335 1670 1466 1703 Rumor
1488 1670 1530 1702 de

839 1724 979 1757 lt'bicine
988 1722 1111 1766 fremit
1128 1725 1164 1756 ia
1182 1724 1323 1756 theatro.
1341 1721 1398 1755 De
1418 1721 1530 1755 Fama

829 1774 978 1819 fremere
997 1781 1049 1809 est
1062 1800 1071 1817 ,
1093 1774 1167 1809 XII
1179 1800 1189 1817 ‚
1212 1774 1285 1818 748.
1302 1773 1399 1808 Male
1414 1771 1505 1807 Rod.
1521 1798 1531 1815 ,

841 1827 972 1873 lydien
995 1828 1081 1860 bebt.
1096 1843 1142 1851 ·-·
1166 1827 1202 1859 lt
1220 1838 1285 1870 per
1308 1827 1432 1869 oppida
1449 1851 1458 1865 ‚
1491 1831 1532 1858 ut

841 1879 935 1925 apud
953 1879 1144 1924 Virgilium
1156 1904 1166 1922 ,
1182 1878 1287 1922 sama
1302 1881 1332 1912 il
1343 1891 1408 1923 pet
1423 1879 1534 1912 urbes.

840 1951 884 1959 -
898 1933 994 1968 Male
1024 1933 1194 1968 Heinsius
1217 1931 1342 1967 suadet
1368 1943 1528 1975 magnam

840 1989 968 2030 urbem,
991 1985 1027 2020 id
1045 1992 1116 2030 est,
1136 1984 1274 2021 Sardes.
1299 1986 1418 2021 Immo
1439 1984 1532 2018 sama

839 2038 949 2084 serpit
973 2038 1131 2084 primum
1157 2049 1221 2083 per
1251 2037 1420 2085 Lydiam,
1447 2048 1531 2070 mox

840 2102 905 2135 per
919 2089 1072 2124 vicinam
1085 2089 1277 2138 Phrygiam
1287 2115 1297 2133 ,
1308 2088 1454 2124 tandem
1465 2100 1530 2134 per

841 2148 958 2177 totum
975 2149 1152 2177 terrarum
1169 2143 1292 2177 orbem
1306 2168 1316 2186 ,
1339 2147 1529 2187 penetrat-

842 2208 910 2241 que
924 2195 1012 2231 adeo
1029 2203 1066 2231 et
1079 2196 1220 2231 Thebas
1235 2195 1278 2231 ad
1294 2196 1445 2231 Nioben.

889 2251 960 2297 149.
976 2251 1158 2284 Maeoniam
1169 2277 1178 2290 ‚
1205 2250 1449 2296 imprimisque
1467 2250 1530 2283 Si—

833 2304 952 2349 pylum
969 2303 1116 2337 colebat.
1129 2303 1223 2338 Nam
1234 2304 1371 2350 Sipylus
1380 2309 1416 2336 et
1427 2313 1531 2336 mons

841 2360 877 2388 et
894 2354 976 2389 urbs
994 2354 1126 2402 Lydiae.
1142 2355 1235 2390 Plin.
1252 2356 1289 2390 II
1301 2381 1311 2399 ,
1328 2358 1380 2402 59.
1398 2353 1529 2388 Anacr.

842 2405 914 2441 Od.
949 2419 1013 2450 20,
1043 2414 1258 2442 annumerat
1282 2407 1426 2454 quidem
1450 2417 1530 2440 eam

843 2459 1007 2507 Phrygiae
1020 2475 1028 2503 ;
1047 2460 1108 2496 sed
1123 2460 1232 2508 Lydia
1244 2460 1353 2494 relata
1363 2459 1449 2493 olim
1463 2458 1531 2493 suit

841 2525 861 2546 a
888 2512 1007 2547 multis
1037 2512 1081 2547 ad
1111 2512 1304 2559 Phrygiam
1343 2511 1526 2557 Magnam.

842 2565 924 2600 Vid.
941 2565 1069 2601 Strabo
1083 2591 1093 2609 ‚
1112 2567 1168 2609 ΙΙ,
1189 2579 1221 2611 p.
1240 2567 1292 2613 39.
1310 2565 1429 2600 Etiam
1447 2578 1530 2600 mox

841 2631 944 2653 versu
964 2632 1022 2665 177
1037 2645 1046 2662 ,
1063 2624 1179 2663 gentes
1194 2620 1357 2666 Phrygia.
1372 2618 1403 2653 E
1414 2619 1531 2654 Maeo-

842 2672 900 2706 nia
927 2685 1007 2706 eam
1031 2685 1114 2708 cum
1138 2671 1269 2718 Pelope
1291 2673 1328 2707 in
1348 2672 1530 2718 Pelopon-

841 2736 970 2759 nesum
988 2724 1146 2769 venisse,
1170 2732 1270 2771 putat
1296 2725 1460 2773 Heynius
1485 2724 1530 2758 ad

844 2778 1006 2825 Apollod.
1024 2779 1058 2814 d.
1075 2780 1096 2815 l.
1113 2806 1122 2825 ,
1142 2780 1207 2816 nisi
1228 2780 1344 2826 potius
1361 2781 1398 2815 in
1418 2779 1529 2827 Lydia
