1832 3100
380 230 1083 278 χΜΕΤΑΜΟΒΡΗΟΞΕΟΝ
1115 236 1247 280 LIB.
1283 238 1342 282 V.

1497 239 1582 301 387

161 349 186 372 »ι
207 326 496 396 ·8Ρεωίωιιι·;
518 343 568 373 ac
586 342 760 373 mecum
782 323 896 373 vires
921 336 1162 375 tenuantur
1180 328 1373 378 Amoris.

166 427 191 449 »
217 402 396 454 Pallada
416 420 566 451 nonne
587 401 710 451 vides
725 438 737 460 ‚
760 401 1146 470 iaculatricemque
1159 406 1359 455 -Dianam

1523 425 1589 471 375

157 506 188 527 ω
214 481 497 532 Abscessisse
517 480 665 529 mihi?
692 480 864 530 Cereris
887 500 1065 548 quoque
1086 481 1177 531 filia
1198 483 1323 548 virgo
1341 523 1352 544 ,

163 584 189 606 ι»
214 561 263 610 Si
283 561 531 629 patiamur,
556 559 667 618 erit;
691 578 794 608 nam
817 577 920 627 spes
942 556 1131 609 adfectat
1155 562 1342 612 easdem.

164 661 188 683 »
212 639 276 688 At
298 649 372 696 tu,
395 657 479 705 pro
503 637 626 686 socio
650 637 688 686 si
713 657 800 704 qua
823 649 892 686 est
914 656 1010 686 mea
1034 638 1174 701 gratia
1197 658 1335 703 regno
1351 678 1363 699 ‚

165 738 189 759 »ι
214 716 363 779 Junge
387 715 528 763 Deam
547 725 724 781 patruo·
748 736 772 757 »
798 714 924 763 Dixit
946 716 1100 764 Venus
1120 735 1130 764 t
1155 715 1230 765 ille
1253 718 1503 784 pharetram

163 791 332 851 Solvit3
356 804 424 851 et,
451 791 638 841 arbitrio
663 791 842 850 matris,
869 790 922 839 de
946 790 1067 840 mille
1095 791 1266 855 sagittis

1528 813 1594 846 380

166 872 315 918 Unam
339 869 540 937 seposuit
554 907 566 927 ‚
589 869 667 918 sed
692 888 778 936 qua
799 888 880 917 nec
904 870 1072 918 acutior
1094 869 1184 918 ulla
1200 908 1211 929 ,

160 949 252 998 Nec
275 947 422 997 minus
443 947 611 996 incerta
632 958 724 1006 est,
752 966 834 996 nec
857 959 954 1014 quae
977 948 1117 1011 magis
1141 947 1291 997 audiat
1314 969 1488 1009 arcum;

163 1025 482 1093 Oppositoque
506 1044 620 1088 genu
645 1025 842 1073 curvavit
864 1025 1006 1078 flexile
1031 1045 1198 1085 cornu;

161 1103 306 1170 Inque
329 1121 407 1151 cor
426 1102 602 1150 hamata
622 1101 842 1168 percussit
865 1102 1078 1151 arundine
1101 1103 1264 1152 Ditem.

164 1236 305 1272 tionem>
323 1235 546 1272 concinnavit
562 1242 597 1270 et
616 1234 852 1271 vcommenda-

165 1288 216 1324 vit
228 1314 238 1331 ,
255 1293 292 1323 et
307 1293 420 1323 tamen
443 1291 481 1322 in
503 1290 585 1323 caelo
606 1301 733 1333 quoque
753 1292 852 1322 lanta

160 1344 330 1386 pallentia
343 1346 456 1376 nostro
473 1341 651 1384 Spernitur.
670 1359 716 1368 —
730 1340 850 1376 Lectio

168 1395 364 1431 Heinsiana
373 1394 505 1430 inutilis
513 1401 564 1429 est
571 1406 580 1428 ε
587 1395 692 1429 verba
700 1408 771 1440 quae
772 1395 851 1439 jam

161 1451 332 1492 pallentia
354 1452 472 1482 nostra
492 1451 547 1482 est
567 1448 649 1482 satis
677 1460 851 1493 superque.

167 1500 424 1546 intelliguntur,
433 1506 468 1534 et
477 1499 766 1535 emendationem
776 1512 851 1535 non

167 1551 378 1589 desiderant.
395 1553 462 1588 Ed.
474 1569 520 1579 ·—-
531 1553 614 1586 Jam
630 1552 775 1587 inservit
787 1552 851 1587 in·-

167 1603 383 1650 dignationi,
402 1609 550 1639 notante
566 1603 789 1638 Bur-manno.
805 1621 850 1630 -—

165 1649 355 1697 Patientia»,
366 1654 483 1692 animi
493 1654 617 1690 lenitas
625 1680 636 1698 ‚
652 1667 763 1700 quum
772 1655 850 1701 quis

162 1705 298 1752 ,patitur
313 1712 350 1742 et
362 1718 405 1740 ea
421 1715 500 1751 quae
516 1704 596 1740 fieri
609 1717 683 1740 non
697 1705 828 1741 debent
838 1732 848 1750 ,

168 1757 326 1804 adeoque
341 1770 432 1804 sepe
443 1757 488 1794 in.
497 1757 582 1793 vitio
598 1758 753 1803 ponitur.
767 1758 851 1793 Ele-

171 1818 296 1858 ganter
307 1813 368 1856 qui
380 1810 568 1847 adhibetur
583 1810 622 1845 in
632 1810 852 1856 interjectio-

168 1865 271 1901 nibus
282 1891 293 1909 ,
310 1871 371 1901 aut
387 1876 453 1909 pro
467 1875 565 1908 quum
578 1868 704 1898 taulus.
718 1882 765 1890 -—·
785 1865 853 1898 Te-

166 1924 330 1960 nuantm,
359 1917 572 1953 minuuntur
586 1938 600 1960 ,‹
629 1915 725 1960 quod
740 1923 792 1950 est
814 1916 851 1950 in

170 1970 273 2006 variis
281 1968 510 2010 lectionibus3
526 1981 560 2001 v.
570 1981 600 2013 g.
610 1967 648 2002 in
663 1967 852 2003 codicibus

173 2023 292 2069 Regiis
309 2020 476 2056 Editoris.

217 2074 292 2120 375.
313 2074 464 2108 Pallada
475 2084 584 2108 nonne
599 2073 705 2106 vides.
721 2070 754 2105 A
771 2070 852 2116 qui-

171 2127 237 2163 bus
266 2125 486 2172 potissimum
512 2130 699 2170 spernatur
726 2125 853 2160 Venus

174 2180 334 2227 exponit3
353 2179 465 2215 Pallas
475 2179 571 2214 enim
589 2191 628 2213 ac
640 2178 756 2213 Diana
768 2190 854 2223 per-

173 2238 318 2277 petuam
338 2237 508 2266 voverant
522 2230 772 2276 virginitatem.
787 2231 854 2265 Ed.

171 2302 216 2310 --
231 2284 431 2319 Abscedunt
444 2282 570 2325 alteri,
602 2282 660 2326 qui
687 2281 855 2316 deserunt

171 2336 247 2381 eius
268 2341 392 2381 partes.
417 2334 489 2370 Sed
511 2347 609 2368 nunc
632 2340 684 2368 est
699 2360 709 2377 ‚
732 2334 854 2379 sugere

174 2388 315 2424 alterius
324 2385 754 2433 impedum.--Adſsectat,
770 2397 856 2421 con-

172 2441 274 2486 cepit.
289 2459 335 2468 —
350 2442 391 2475 Si
399 2453 468 2486 qua
474 2444 531 2477 ,est
538 2443 652 2484 gralia
661 2466 670 2481 ‚
690 2439 854 2475 solemnis

172 2491 325 2526 formula
334 2492 371 2527 in
383 2491 553 2537 precibus.
562 2492 629 2536 lv,
644 2491 708 2526 535
721 2506 730 2533 ;
742 2491 832 2528 infra
841 2517 851 2535 ,

174 2546 212 2580 51
219 2547 239 2579 5
251 2570 263 2587 ‚
278 2547 314 2579 si
325 2547 421 2579 nulla
434 2548 487 2578 est
493 2547 607 2588 gratia
618 2548 746 2578 matris.

219 2595 427 2636 380.Sotm·t,
441 2595 552 2640 aperit
562 2621 571 2639 ,
587 2595 743 2630 detracto
751 2607 856 2640 oper-

174 2649 274 2692 culo,
291 2661 363 2693 quo
380 2647 451 2693 tegi
466 2647 631 2692 pharetra
650 2647 790 2686 solebat.
811 2665 856 2672 -

176 2702 333 2744 Seposuit
348 2699 548 2745 exquisitius
561 2725 570 2743 ,
587 2712 694 2744 quam
706 2725 717 2743 ‚
741 2699 855 2744 elegit.

181 2753 273 2789 Vide
290 2753 334 2789 ad
350 2753 505 2789 Plinium
520 2779 530 2798 ,
559 2754 645 2789 Pan.
659 2764 786 2789 xxxvn
797 2779 807 2798 ,
826 2754 855 2797 4.

914 1253 958 1260 -
974 1236 1046 1270 Nec
1067 1248 1137 1280 quae
1161 1239 1273 1280 magis
1297 1243 1362 1271 etc.
1385 1237 1474 1273 Haec
1495 1238 1601 1274 verba

915 1286 1023 1332 capit,
1041 1300 1123 1322 cum
1140 1287 1213 1322 aliis
1225 1314 1234 1331 ,
1247 1288 1354 1322 etiam
1371 1289 1598 1325 Burmannus

915 1337 959 1373 de
986 1345 1081 1373 certa
1110 1339 1242 1384 sagitta.
1269 1340 1365 1374 Male
1379 1354 1387 1383 ;
1408 1340 1476 1376 hoc
1502 1343 1601 1376 enim

913 1391 986 1435 jam
1001 1391 1134 1427 dixerat
1151 1399 1275 1437 poeta;
1293 1392 1400 1438 igitur
1410 1395 1474 1429 alia
1490 1395 1601 1431 virtus

913 1444 1059 1490 intelligi
1083 1445 1198 1480 debet.
1224 1446 1341 1481 Facile
1366 1449 1467 1481 audit
1486 1460 1600 1483 arcum

912 1497 1034 1542 sagitta
1053 1509 1114 1540 ea,
1129 1509 1206 1542 quae
1223 1497 1345 1532 habilis
1362 1505 1433 1542 est,
1454 1507 1490 1534 et
1501 1500 1600 1535 facile

912 1549 1010 1595 regi,
1028 1549 1122 1584 mitti
1139 1556 1267 1595 potest.
1281 1551 1405 1597 Virgil.
1419 1552 1547 1599 Georg.
1560 1555 1577 1589 I
1590 1581 1600 1598 ,

914 1603 1001 1645 514,
1026 1614 1130 1647 neque
1157 1605 1258 1637 audit
1278 1617 1395 1638 currus
1420 1607 1572 1640 habenas
1590 1634 1599 1651 ‚

912 1653 1067 1699 reginon
1080 1661 1204 1700 potest.
1215 1655 1274 1690 Sic
1283 1656 1374 1702 cepit
1384 1657 1492 1691 etiam
1500 1658 1601 1693 schi-

913 1705 1007 1740 rach.
1026 1720 1044 1736 «
1062 1706 1192 1742 Notata
1203 1733 1213 1751 ,
1233 1708 1367 1753 inquit,
1383 1710 1506 1755 sagitta
1518 1711 1603 1745 sub-

913 1757 991 1813 tilis.
1023 1758 1195 1793 Praeclara
1224 1772 1310 1794 vero
1333 1768 1386 1796 est
1411 1761 1598 1808 descriptio

916 1809 1060 1844 Amoris
1070 1810 1231 1855 sagittam
1239 1812 1413 1848 mittentis
1424 1827 1432 1856 ;
1450 1814 1545 1860 eligit
1555 1816 1599 1850 de

916 1860 1013 1895 mille
1034 1873 1144 1895 unam
1162 1888 1172 1905 ,
1199 1869 1235 1897 et
1261 1864 1406 1908 quidem
1439 1867 1602 1902 acutissi—

917 1923 1012 1946 mam
1025 1938 1034 1955 ‚
1052 1913 1280 1948 certissimam
1293 1940 1303 1958 ,
1334 1916 1431 1951 facile
1447 1930 1602 1962 sequen-

916 1971 1007 1999 tem:
1017 1964 1112 2009 atqui
1119 1978 1204 2000 vero
1214 1973 1310 2002 tanta
1322 1981 1405 2003 cura
1415 1981 1503 2015 opus
1511 1979 1600 2013 erat;

916 2016 1051 2050 etenim
1073 2020 1186 2061 agitur
1203 2031 1290 2062 pars
1314 2023 1416 2055 tertia
1433 2025 1556 2057 mundi.
1585 2038 1602 2053 »

916 2088 960 2097 --
969 2071 1041 2104 Nec
1055 2083 1126 2115 quae
1143 2075 1254 2116 magar
1266 2074 1390 2108 audiat
1399 2089 1525 2111 arcum.
1543 2077 1601 2112 Sic

917 2121 1046 2168 legitur
1061 2123 1099 2158 in
1119 2121 1251 2159 Codice
1270 2124 1302 2159 B
1319 2138 1327 2166 3
1347 2133 1382 2160 at
1400 2125 1521 2163 Codex
1542 2130 1574 2164 A
1589 2157 1599 2174 ‚

916 2187 978 2209 nec
995 2188 1095 2219 quam
1109 2178 1218 2220 magis
1234 2178 1357 2212 audiat
1370 2191 1479 2214 arcus.
1503 2181 1602 2215 Inter

918 2227 979 2264 has
997 2228 1164 2264 lectiones
1178 2242 1252 2264 non
1278 2230 1418 2267 difficile
1440 2240 1492 2268 est
1514 2234 1602 2269 seli-

918 2293 998 2327 gere
1012 2295 1021 2324 ;
1039 2282 1198 2327 quamvis
1209 2283 1305 2317 euim
1320 2285 1468 2319 verbum
1485 2289 1603 2320 audire

918 2333 1004 2368 duas
1024 2332 1150 2369 habeat
1175 2334 1446 2380 significationes
1461 2364 1470 2381 ,
1499 2345 1534 2373 et
1561 2338 1599 2372 in

915 2386 1066 2422 lectione
1081 2386 1222 2423 Codicis
1231 2389 1277 2431 A,
1289 2402 1390 2424 arcus
1399 2393 1522 2425 audiat
1531 2404 1600 2425 ma-

916 2441 971 2482 gis
987 2465 997 2479 ‚
1031 2438 1301 2485 intelligendum
1331 2440 1373 2475 sit
1392 2467 1401 2484 ,
1429 2446 1601 2486 acceptam

917 2494 1026 2535 magis
1041 2493 1167 2524 babeat
1177 2495 1358 2535 sagmam,
1381 2497 1417 2526 et
1435 2495 1602 2528 laba-num

919 2545 1113 2577 mittendam
1125 2570 1133 2583 ‚
1169 2550 1288 2577 tamen
1311 2543 1406 2589 prior
1434 2545 1538 2580 lectio
1567 2553 1602 2582 et

919 2607 1039 2630 sensus
1054 2595 1170 2640 potior
1189 2602 1249 2630 est.
1268 2597 1334 2631 Ed.

963 2648 1037 2689 384.
1049 2650 1154 2691 laque
1162 2660 1229 2682 cor.
1241 2647 1385 2694 Regius,
1396 2652 1504 2685 corde.
1513 2650 1602 2685 Bur-

921 2711 1093 2743 mannus,
1118 2711 1184 2734 nec
1203 2703 1239 2735 in
1260 2713 1336 2743 cor,
1366 2715 1432 2736 nec
1454 2705 1490 2737 in
1505 2705 1603 2737 corde

916 2756 1086 2797 percussit
1099 2753 1179 2789 satis
1197 2753 1376 2799 eleganter
1393 2754 1524 2791 dictum
1539 2768 1605 2809 pu-
