1832 3100
349 185 1038 236 METAMORPHOSEON
1079 189 1214 232 LIB.
1249 190 1325 232 II.

119 287 262 337 Ardet
278 286 327 334 in
346 284 611 334 immensum
635 280 870 350 geminatis
893 280 1075 344 ignibus
1092 280 1228 330 AEtne
1242 318 1254 339 ,

1471 188 1554 249 159

1485 305 1552 330 220

119 359 427 436 Parnasusque
447 366 625 434 biceps,
647 377 692 414 et
715 367 858 432 Eryx,
882 376 927 414 et
950 363 1177 431 Cynthus,
1205 375 1250 412 et
1273 363 1465 431 Othrys,

117 454 180 502 Et
201 451 378 501 tandem
400 449 627 516 Rhodope
648 447 828 496 nivibus
856 447 1065 505 caritura,
1086 445 1340 513 Mimasque
1355 483 1367 503 ‚

119 533 454 601 Dindymaque,
481 542 527 580 et
549 529 749 598 Mycale,
773 541 994 596 natusque
1018 528 1073 577 ad
1095 547 1217 577 sacra
1241 528 1484 577 Cithaeron.

117 618 211 667 Nec
232 627 423 685 prosunt
446 615 638 682 Scythiae
659 633 737 662 sua
759 613 930 677 frigora
953 633 964 660 :
991 613 1215 661 Caucasus
1239 611 1387 670 ardet,

122 702 326 768 Ossaque
345 719 448 749 cum
468 698 640 758 Pindo,
665 697 894 764 majorque
921 696 1142 745 ambobus
1166 694 1412 762 Olympus;
1488 710 1553 743 225

121 832 192 869 Od.
207 844 264 868 xu
276 859 286 878 ,
302 832 326 868 6
340 845 414 879 sqq.
431 832 486 868 Ita
498 831 574 875 v1,
594 832 678 876 415:
693 832 805 878 Caly—

119 888 186 922 don
193 888 337 921 nondum
346 889 458 921 iumtm
468 887 606 926 Diuum·
621 897 708 919 vers.
718 885 758 928 41
764 885 784 920 8
792 910 802 928 ‚

117 951 222 984 neque
237 939 351 973 adhuc
366 938 518 972 Pittheia
538 937 685 971 Troezen.

162 1002 239 1026 220.
264 992 412 1035 Ignibus.
435 989 541 1026 Unus
558 988 698 1024 Thuan.
713 989 805 1022 viri—

122 1044 185 1078 bus
195 1069 206 1085 ‚
231 1042 328 1089 quod
342 1042 485 1077 librario
501 1054 576 1076 non
594 1041 714 1076 deberi
730 1053 806 1075 mo-

119 1102 183 1131 net
214 1095 341 1131 Burm-
367 1108 476 1141 quem
500 1094 590 1130 vide.
616 1112 660 1121 —-
685 1093 804 1129 Nostri

121 1146 237 1183 Codd.
252 1155 381 1194 preter
397 1147 539 1183 Thuan.
549 1173 559 1190 ‚
576 1146 636 1192 qui
654 1153 705 1182 est
721 1158 805 1191 quo-

120 1212 189 1245 que
209 1200 304 1235 inter
327 1206 488 1243 nostros,
502 1199 642 1241 ‘habent
661 1201 804 1243 ignibus.

120 1253 295 1288 Pratam
304 1259 425 1288 tamen
432 1252 537 1288 lectio
543 1254 680 1295 viribus,
697 1264 805 1297 quam

119 1304 284 1340 libentius
293 1305 518 1341 admitterem
529 1305 557 1340 si
567 1303 804 1351 plurimorum

121 1355 328 1391 auctoritate
343 1355 458 1391 Codd.
472 1355 665 1391 fulciretur.
682 1357 748 1390 Ed.
761 1373 806 1381 —

123 1410 316 1445 Geminatis
321 1411 465 1454 chm‘bus.
483 1409 537 1443 Ex
551 1411 661 1444 AElnae
674 1409 804 1444 vertice

120 1462 195 1507 iam
210 1463 459 1509 antiquissimis
473 1462 692 1508 temporibus
706 1461 805 1507 ignes

120 1516 364 1563 erumpebant.
387 1514 469 1550 Vid.
491 1513 658 1549 Kircheri
682 1514 805 1549 Mun-

120 1566 208 1603 'dum
226 1568 376 1604 subten.
393 1574 480 1602 tom.
498 1567 515 1602 1
529 1593 539 1611 ,
556 1580 590 1613 p.
609 1578 684 1601 202.
699 1567 805 1603 Nunc

120 1618 307 1655 accedebat
332 1618 541 1655 incendium
565 1617 646 1654 solis
659 1644 670 1662 ‚
699 1625 736 1653 et
756 1618 805 1654 sic

115 1674 296 1716 ‘emamus
309 1678 377 1707 etc.

164 1736 205 1758 22
210 1736 225 1759 ι
231 1750 239 1757 .
247 1725 432 1759 Parnasus.
437 1723 495 1759 De
502 1725 668 1764 Parnaso,
683 1721 752 1758 vid.
760 1721 804 1757 ad

119 1773 158 1818 1,
173 1774 302 1820 317·····
313 1777 424 1823 Eryx,
443 1775 549 1810 hodie
562 1776 630 1810 San
640 1775 784 1809 Jultaao
794 1801 804 1816 ,

119 1838 224 1862 mons
241 1827 366 1864 Siciliae
379 1854 390 1873 ‚
413 1827 451 1863 in
468 1840 539 1873 quo
560 1828 684 1863 Venus
702 1833 804 1862 tem-—

119 1879 219 1926 plum
247 1881 399 1916 habebat
433 1880 535 1916 donis
569 1880 779 1926 opulentum
793 1906 803 1924 ‚

120 1931 216 1967 unde
224 1932 298 1979 ipsa
305 1934 458 1980 Erycina
469 1946 479 1967 .·
489 1931 559 1967 vid.
570 1932 743 1975 AElianus,
756 1933 804 1975 V,

122 1984 171 2019 H.
185 1985 203 2020 l
217 2011 229 2029 ,
250 1988 303 2020 ι5.
317 2012 327 2030 ,
343 1993 380 2021 et
397 1985 561 2034 Heynius
578 1985 660 2021 Exc.
676 1985 737 2028 11,
761 1984 806 2019 ad

122 2037 247 2083 virgil.
263 2037 407 2073 AEneid.
425 2039 470 2072 V.
480 2055 526 2063 —-
537 2038 702 2084 Cynthus,
725 2036 808 2072 Deli

121 2102 226 2125 mom
238 2115 249 2133 ,
274 2090 447 2136 Apollinis
462 2091 635 2125 natalibus
650 2090 807 2126 celebra-

122 2149 191 2186 tus,
205 2142 265 2188 qui
274 2142 357 2178 inde
374 2145 559 2190 Cynthius:
570 2143 680 2177 Hom.
695 2144 806 2191 Hym.

122 2194 154 2238 Ι,
166 2194 280 2241 Apoll.
292 2195 346 2230 26.
356 2214 402 2222 -
411 2198 545 2243 Othrys,
562 2208 665 2230 mons
675 2196 763 2231 altus
771 2203 808 2231 et

120 2248 263 2284 nivosus
279 2248 467 2284 Thessaliae
481 2276 491 2294 ,
517 2249 616 2285 sedes
632 2249 805 2296 Lapitha—

121 2313 225 2336 rum:
241 2301 364 2348 Virgil.
376 2302 519 2337 AEneid.
536 2302 622 2346 Vll,
635 2303 700 2347 675
713 2317 723 2345 ς
738 2302 807 2338 Se-

123 2365 199 2388 nec.
216 2354 324 2389 Herc.
341 2354 416 2389 OEt.
429 2380 439 2398 ,
456 2367 544 2389 vers.
559 2356 634 2401 494.
664 2364 666 2366 “

168 2420 242 2443 222.
260 2410 431 2453 Rhodope.
455 2409 603 2444 Tractus
628 2409 806 2444 montium

123 2457 312 2494 Thraciam
327 2473 446 2495 versus
459 2461 728 2506 septemtriones
742 2461 807 2496 dis·

123 2512 318 2547 terminans
328 2539 339 2557 ,
357 2514 462 2548 sacris
476 2514 604 2549 Bacchi
621 2522 656 2549 et
668 2514 807 2560 Orphei

122 2565 282 2600 cantibus
297 2565 501 2600 celebratus.
523 2566 623 2612 Virg.
640 2567 712 2602 Ecl.
732 2567 803 2610 VI,

123 2617 168 2651 30
181 2643 192 2661 ‚
209 2621 342 2652 taudem
354 2621 486 2652 niuibus
494 2621 641 2652 caritura
651 2646 659 2660 ‚
683 2619 808 2664 quibus

122 2682 262 2716 semper
272 2672 559 2712 tecta.—·M'mas,
569 2684 672 2707 mous
684 2673 806 2716 Ioniae,

123 2734 270 2758 summae
283 2723 476 2758 altitudinis
489 2751 498 2765 ,
513 2723 608 2758 uude
624 2727 808 2775 ὑψίκρημνος

871 831 1022 866 Homer.
1051 829 1231 876 Epigram.
1249 855 1260 874 ,
1280 842 1357 876 pag.
1378 842 1451 875 ¹¹7·
1469 829 1558 866 Ern.

915 883 992 917 223.
1015 883 1200 929 Dindyma.
1219 881 1341 927 plural.
1364 887 1399 916 et
1419 883 1557 929 Dindy-

869 948 958 970 mum
970 963 978 975 ‚
997 947 1101 970 mons
1119 934 1301 982 Phrygiae,
1320 946 1457 979 magnae
1474 934 1558 968 Ma-

870 989 915 1023 tri
934 989 1055 1023 Deum
1074 1001 1171 1023 sacer
1183 1014 1193 1032 ,
1213 987 1309 1022 unde
1326 987 1400 1034 ipsa
1417 989 1558 1035 Dindy-

869 1055 963 1076 mene
976 1055 985 1076 .·
996 1041 1120 1087 Virgil.
1138 1041 1223 1076 AEn.
1240 1041 1313 1084 IX,
1331 1041 1407 1087 617.
1424 1059 1469 1066 -—
1482 1043 1558 1089 My-

869 1097 963 1135 cale,
992 1106 1094 1128 mons
1118 1094 1228 1129 Ioniae
1242 1119 1251 1137 ‚
1271 1093 1379 1127 Samo
1398 1093 1531 1128 vicinus
1549 1107 1558 1130 ε

870 1147 1021 1182 Pausan.
1033 1146 1120 1190 VII,
1134 1159 1166 1191 p.
1178 1147 1241 1190 402
1251 1159 1260 1187 ;
1272 1145 1419 1189 Strabo,
1432 1158 1464 1191 p.
1479 1145 1556 1181 636.

869 1200 1094 1239 —Cithoerom
1106 1211 1210 1232 mons
1220 1197 1378 1241 Boeotiae,
1389 1210 1462 1231 non
1473 1211 1559 1243 pro-

870 1251 927 1286 cul
944 1264 963 1285 a
979 1251 1111 1286 Thebis
1127 1277 1137 1296 ‚
1160 1251 1198 1285 in
1216 1263 1287 1296 quo
1302 1262 1404 1285 sacra
1426 1250 1556 1285 Bacchi

870 1303 1046 1338 trieterica
1073 1302 1339 1338 celebrabantur
1357 1314 1366 1336 t
1382 1300 1451 1337 vid.
1475 1302 1554 1345 111,

873 1369 947 1403 70²·

916 1411 990 1453 224.
1021 1412 1172 1454 Frigora.
1204 1407 1342 1443 Glacies
1369 1415 1405 1442 et
1431 1408 1530 1444 nives
1545 1436 1553 1452 ,

871 1462 996 1509 quibus
1007 1463 1163 1510 Scythia.
1176 1462 1198 1497 i.
1210 1475 1240 1497 e.
1253 1461 1369 1496 omnis
1379 1469 1472 1497 terra
1481 1476 1556 1509 sep-

871 1514 1108 1559 tentrionalis,
1126 1514 1257 1550 Graecis
1272 1521 1308 1549 et
1324 1514 1495 1550 Romanis
1504 1515 1557 1550 in-

870 1567 1022 1613 cognita,
1039 1575 1212 1613 perpetuo
1227 1567 1408 1613 torpebat:
1423 1568 1554 1605 Justin.

870 1620 908 1654 ῙῙ
920 1645 929 1662 ,
953 1633 979 1655 1.
1003 1619 1092 1655 Inde
1108 1621 1245 1656 Σκυθικὶν
1261 1622 1346 1669 κρύος
1357 1619 1394 1654 ill
1409 1632 1559 1665 prover-

869 1670 968 1706 bium
985 1672 1069 1707 abiit
1085 1684 1093 1706 t
1111 1672 1128 1707 I
1154 1672 1258 1707 Pont.
1276 1697 1286 1715 ‚
1314 1683 1359 1706 111
1372 1697 1382 1715 ,
1401 1685 1453 1717 27.
1483 1670 1557 1706 Sed

870 1723 1143 1768 pulcherrimam
1155 1723 1309 1771 Scythici
1319 1723 1475 1758 horroris
1485 1723 1556 1757 de—

869 1777 1099 1823 scriptionem
1110 1776 1217 1812 habet
1227 1777 1324 1822 Virg.
1337 1776 1467 1821 Georg.
1479 1777 1534 1811 111
1545 1803 1555 1820 ,

871 1829 946 1877 349.
954 1846 998 1855 ·—-
1011 1831 1187 1865 Caucasus
1198 1842 1364 1875 magnam
1379 1828 1470 1863 Asiae
1480 1841 1556 1874 par-

871 1886 944 1915 tem
957 1880 1099 1925 dividit,
1114 1888 1242 1915 etcum
1260 1882 1370 1914 Tauro
1384 1880 1557 1915 commit-

870 1931 970 1976 titur,
989 1930 1090 1966 Curt.
1106 1933 1198 1975 vll,
1215 1942 1261 1965 111
1273 1958 1282 1975 ,
1303 1944 1344 1979 ¹9
1357 1945 1366 1973 ;
1380 1931 1463 1966 hinc
1477 1945 1557 1977 pas-

871 1982 938 2018 sim
950 1996 1033 2018 cum
1042 1983 1163 2018 Tauro
1174 1983 1405 2018 confunditur
1416 1996 1435 2018 a
1445 1984 1556 2030 scrip-

871 2037 1005 2072 toribus
1017 2037 1179 2083 antiquis.
1195 2038 1342 2074 Insamis
1357 2045 1477 2073 autem
1488 2039 1557 2074 suit

872 2102 891 2124 a
909 2089 1095 2135 frigoribus
1110 2097 1146 2125 et
1161 2090 1339 2125 vastitate:
1356 2091 1452 2136 Virg.
1470 2090 1555 2126 AEn.

873 2143 938 2185 IV,
961 2144 1045 2190 3673
1064 2144 1188 2180 Horat.
1207 2145 1243 2188 I,
1263 2144 1333 2180 Od.
1351 2155 1430 2180 xxn
1444 2170 1454 2188 ,
1480 2159 1507 2191 7.

916 2198 991 2231 225.
1013 2198 1095 2231 Cum
1111 2198 1231 2232 Pmdo.
1253 2196 1309 2231 De
1322 2198 1455 2238 Pindo,
1474 2196 1554 2232 vide

871 2247 915 2281 ad
931 2249 948 2283 Ι
960 2274 969 2291 ,
999 2250 1070 2292 154.
1096 2248 1194 2283 Dixit
1220 2250 1311 2282 Ossa
1327 2261 1402 2282 cum
1418 2250 1528 2282 Pindo
1540 2275 1548 2289 ,

871 2301 951 2346 quia
963 2301 1099 2336 Pindus
1111 2315 1152 2336 ex
1167 2301 1313 2337 adverso
1332 2302 1441 2337 Ossae.
1455 2303 1555 2336 Inter

874 2355 1050 2401 Olympum
1067 2362 1184 2389 autem
1202 2362 1239 2390 et
1259 2356 1383 2389 Ossam
1399 2354 1556 2388 celeber-

870 2407 960 2443 rima
974 2407 1110 2453 Tempe
1121 2434 1130 2451 ,
1149 2408 1191 2443 de
1205 2409 1329 2453 quibus
1340 2420 1453 2452 supra.
1467 2409 1554 2442 Am-

871 2464 932 2496 bos
947 2461 1076 2496 AElian.
1091 2463 1136 2497 V.
1150 2463 1196 2496 H.
1210 2463 1266 2497 111
1277 2489 1285 2501 ‚
1306 2473 1339 2504 1,
1358 2461 1433 2495 init.
1452 2468 1553 2498 vocat

872 2518 923 2564 ὅρη
943 2512 1139 2559 &mamm
1163 2513 1224 2548 sed
1243 2514 1418 2561 Olympus
1442 2515 1555 2555 major

871 2569 1032 2601 ambobus
1049 2580 1058 2601 :
1077 2574 1172 2601 tanta
1191 2568 1288 2601 enim
1314 2567 1390 2611 ejus
1406 2566 1554 2601 altitudo

872 2619 1080 2654 describitur
1104 2633 1123 2654 a
1151 2620 1338 2654 Veteribus
1354 2647 1363 2661 ‚
1404 2626 1444 2653 ut
1474 2633 1553 2654 aves

873 2684 1041 2707 cacumen
1063 2672 1140 2717 ejus
1158 2673 1292 2718 assequi
1313 2685 1387 2706 non
1410 2672 1552 2718 possint.

873 2723 945 2759 Sed
963 2724 1091 2760 AElian.
1111 2723 1153 2761 V.
1176 2726 1222 2761 H.
1242 2726 1333 2760 vul
1348 2751 1358 2768 ,
1382 2736 1422 2760 xl
1435 2751 1444 2768 ,
1470 2736 1555 2758 nar-
