1832 3100
313 253 399 297 382

691 255 742 299 Ρ.
782 255 1018 302 ov1D1-1
1051 242 1349 304 NASON‘IS

313 367 337 390 »
364 349 493 396 Nunc
510 366 687 416 quoque
700 349 914 398 formatus
931 351 1069 417 Libys
1087 364 1154 401 est
1170 372 1270 402 cum
1286 354 1498 404 cornibus
1513 355 1726 417 Ammon;

313 446 336 468 »
364 425 519 474 Delius
543 426 590 474 in
613 445 770 483 corvo;
797 426 946 493 proles
970 428 1183 478 Semeleia
1207 450 1365 497 capro;

313 523 336 545 »
364 500 465 551 Fele
486 522 612 551 soror
634 503 818 562 Phoebi;
840 503 966 552 nivea
987 504 1194 554 Saturnia
1217 526 1370 566 vacca3

1661 525 1728 580 330

310 601 334 623 »
362 580 487 629 Pisce
511 582 663 629 Venus
686 580 844 638 latuit;
874 580 1100 647 Cyllenius
1124 582 1259 632 ibidis
1283 584 1376 633 alis.
1403 607 1425 627 »

376 685 398 706 ‹<
424 665 652 712 Hactenus
677 664 732 712 ad
756 664 966 712 citharam
987 664 1152 714 vocalia
1173 679 1368 716 moverat
1392 687 1479 717 ora.

308 744 540 792 Poscimur
560 744 759 792 Aonides
780 764 790 792 ε
810 744 888 792 sed
908 745 1094 794 forsitan
1119 747 1209 796 otia
1231 767 1322 796 non
1348 761 1476 808 sunt,

304 827 396 874 Nec
418 827 585 874 nostris
610 827 804 892 praebere
826 839 950 876 vacat
973 828 1056 876 tibi
1080 831 1283 879 cantibus
1308 851 1468 880 aurem.
1493 854 1518 875 »

309 930 331 949 «
358 909 425 955 Ne
445 907 624 966 dubita,
647 920 931 976 vestrumque
945 910 1056 959 mihi
1073 911 1186 960 refer
1202 912 1356 962 ordine
1379 933 1551 963 carmen
1566 952 1578 973 ‚
1602 936 1626 957 »
1659 930 1723 964 335

302 987 446 1036 Pallas
469 988 556 1046 ait;
580 989 863 1056 nemorisque
885 989 970 1039 levi
998 992 1196 1040 consedit
1217 994 1265 1040 in
1286 995 1457 1044 umbra.

301 1070 435 1119 Musa
456 1070 590 1119 refert
613 1090 624 1119 :
646 1090 669 1115 «
695 1071 912 1122 Dedimus
932 1092 1147 1123 summam
1171 1077 1418 1125 certaminis
1439 1078 1532 1126 uni.

298 1206 336 1240 in
354 1205 502 1240 arietem
518 1205 747 1241 commutavit
764 1220 772 1248 ;
801 1207 901 1252 cujus
927 1208 979 1242 rei

298 1264 546 1303 argumentum
557 1264 609 1292 est
618 1284 627 1302 ,
640 1257 735 1303 quod
742 1258 883 1304 Jupiter
894 1259 978 1293 Am-

297 1323 382 1344 mon
398 1310 437 1346 in
453 1309 562 1357 Lybia
577 1310 640 1344 sub
657 1309 769 1356 figura
788 1310 903 1346 arietis
919 1324 977 1346 co-

294 1363 387 1398 litur.
400 1361 535 1396 Confer
544 1374 685 1396 versum
699 1376 711 1396 1
720 1376 747 1408 7.
762 1363 829 1397 Ed.
838 1381 884 1389 —
895 1364 976 1398 Cum

295 1416 460 1449 comibus.
479 1413 583 1448 Unus
600 1412 818 1459 Argentinus
834 1421 869 1448 et
885 1426 976 1449 unus

295 1466 434 1501 Heinsii
446 1492 455 1510 ,
484 1468 519 1499 in
545 1468 701 1499 comibus
717 1492 726 1507 ,
753 1464 846 1510 quod
874 1466 974 1500 Bur—

293 1530 426 1552 manno
454 1516 588 1552 doctius
613 1516 753 1551 videtur
764 1543 773 1561 ,
807 1530 913 1562 quam
936 1525 975 1552 ut

292 1584 311 1604 a
327 1569 468 1605 librario
482 1569 625 1604 indocto
645 1571 842 1614 profectum
858 1571 974 1605 fuerit.

291 1639 335 1648 --
347 1622 447 1655 Bene
458 1633 532 1654 cum
543 1623 698 1654 comibus
708 1647 717 1661 ‚
737 1620 839 1666 Regii
851 1621 972 1655 nostri.

291 1676 410 1710 Ed.—
421 1676 545 1709 Corvus
558 1680 704 1719 propter
716 1672 897 1707 divinandi
907 1672 973 1707 do-

290 1732 363 1760 tem
381 1724 537 1771 Apollini
551 1737 657 1759 sacer.
679 1724 858 1759 Nicandro
881 1737 970 1758 auc-

288 1785 364 1811 tore
379 1802 389 1820 ,
412 1777 451 1810 in
468 1776 668 1821 accipitrem
685 1776 820 1811 transiit
835 1803 845 1820 ,
872 1777 970 1820 cujus

287 1837 391 1877 caput
407 1829 498 1875 apud
516 1829 699 1876 AEgyptios
717 1829 791 1864 Soli
813 1829 969 1864 dabatur.

288 1902 332 1911 -·
344 1886 451 1928 Capri
459 1883 612 1917 sormam
627 1882 776 1917 habebat
792 1882 944 1917 Mendes
956 1909 965 1926 ,

287 1950 350 1971 seu
360 1963 370 1981 ,
381 1937 458 1971 Pan
469 1935 831 1983 AEgyptiorum.·-—Ab
845 1934 968 1969 iisdem

287 1989 389 2023 Luna
400 1986 463 2022 sub
470 1987 559 2032 felir
574 1986 726 2032 imagine
737 1985 969 2021 colebatur.—

293 2042 413 2075 Vaccae
429 2051 562 2074 cornua
577 2038 726 2073 habebat
742 2038 804 2073 Isis
815 2063 824 2081 ,
844 2045 879 2072 et
901 2040 968 2072 ibis

286 2091 486 2138 symbolum
502 2097 577 2124 erat
594 2089 785 2124 Hermetis.
803 2088 894 2123 Vide
907 2089 968 2123 Ja-

284 2142 433 2176 blonskii
451 2141 668 2187 Panth..AEg.
683 2141 730 2185 V,
744 2155 773 2175 2.
788 2141 828 2175 In
838 2144 966 2185 piscem

287 2196 412 2229 Venus
426 2194 532 2228 etiam
553 2193 644 2239 apud
668 2193 776 2240 Syros
795 2193 861 2227 alio
878 2200 965 2227 tem-

285 2260 370 2294 pore
390 2247 535 2282 transiit.
560 2247 744 2292 Hyginus,
773 2247 813 2280 P.
831 2246 874 2280 A.
896 2247 962 2288 3o;

285 2302 436 2345 Noster,
453 2300 545 2334 Fast.
561 2299 597 2333 11
609 2324 619 2342 ,
637 2298 697 2342 461
718 2310 790 2342 sqq.
812 2297 859 2331 Et
877 2310 964 2332 om—

284 2353 371 2387 nino
394 2351 468 2386 haec
488 2350 532 2386 de
549 2349 720 2397 Typhoeo
738 2349 850 2383 sabula
872 2349 963 2394 apud

284 2405 391 2451 Syros
407 2410 489 2438 nata
504 2402 643 2437 videtur
654 2428 663 2444 ,
674 2407 843 2435 monente
861 2401 964 2448 Hey—

263 2474 272 2483 -
284 2458 344 2491 nio
355 2455 398 2490 ad
413 2454 572 2500 Apollod.
585 2453 617 2488 d.
630 2453 766 2487 l.-Ibis
775 2480 783 2493 ,
797 2452 867 2487 avis
878 2453 963 2488 cico-

284 2511 352 2545 niae
363 2509 482 2545 similis
492 2535 502 2553 ,
515 2507 659 2554 AEgypti
672 2506 851 2552 peculiaris
862 2531 871 2549 ,
886 2506 961 2540 im-

284 2561 430 2605 munda,
443 2567 482 2595 ut
494 2573 572 2605 quae
583 2566 696 2594 rostro
706 2571 814 2593 anum
826 2565 961 2604 purget.

326 2615 401 2649 332.
418 2616 454 2649 V
447 2616 560 2648 ocalia
568 2618 713 2648 moverat
721 2619 781 2647 στα
790 2640 798 2653 ,
815 2612 962 2657 descrip-

282 2665 332 2699 tio
341 2672 474 2707 cantus;
484 2665 655 2700 accinerat
662 2677 744 2699 voce
753 2663 960 2699 citharae.De

282 2717 390 2751 verbo
402 2721 506 2760 posci
518 2717 595 2751 vid'e
616 2716 659 2750 ad
677 2717 743 2759 IV,
758 2717 830 2762 274.
852 2715 910 2750 Sic
926 2723 961 2750 et

283 2781 405 2812 graece,
420 2773 632 2804 vetreto-§uzae-
641 2769 791 2803 Aonides
802 2768 843 2802 ab
855 2767 960 2801 Aoni-

1044 1209 1120 1254 bus,
1133 1210 1250 1256 priscis
1262 1210 1407 1246 Boeotiae
1416 1211 1546 1247 incolis.
1558 1212 1721 1248 Modeste

1044 1262 1147 1296 Musa
1163 1262 1371 1309 abrumpere
1391 1263 1465 1298 vult
1476 1263 1671 1300 orationem
1686 1272 1722 1300 et

1043 1327 1123 1348 suos
1141 1314 1286 1349 reticere
1307 1323 1437 1351 cantus.

1085 1366 1160 1401 335.
1182 1367 1307 1401 Ordine
1321 1367 1441 1411 nferre
1458 1367 1641 1414 dicuntur,
1660 1370 1720 1415 qui

1040 1429 1118 1451 rem
1135 1424 1246 1453 totam
1263 1418 1345 1453 inde
1367 1419 1409 1453 ab
1434 1419 1534 1454 initio
1549 1421 1719 1455 referunt.

1040 1469 1195 1516 Longius
1206 1471 1313 1517 igitur
1321 1484 1464 1507 carmen
1474 1472 1635 1508 auditura
1643 1474 1720 1509 Pal-

1038 1520 1086 1556 las
1111 1525 1272 1558 consedit.
1286 1542 1330 1550 —
1348 1525 1450 1559 Leuis
1472 1527 1590 1559 umbra
1612 1526 1718 1560 etiam

1039 1573 1154 1608 Tibul.
1173 1576 1209 1609 ΙΙ
1223 1601 1231 1618 ,
1250 1586 1275 1608 v
1287 1602 1296 1619 ,
1315 1576 1359 1622 96
1372 1602 1382 1620 ,
1401 1576 1461 1611 ubi
1477 1577 1640 1624 Heynius
1651 1577 1717 1612 hoc

1036 1625 1217 1670 epitheton
1227 1627 1309 1661 inde
1325 1628 1485 1673 explicat,
1496 1626 1589 1673 'quia
1601 1655 1610 1673 ,
1627 1629 1717 1664 soliis

1034 1685 1070 1712 et
1083 1679 1207 1713 fronde
1220 1679 1344 1714 leviter
1353 1681 1394 1715 ab
1407 1693 1490 1714 aura
1507 1682 1611 1716 motis
1623 1708 1632 1725 ,
1644 1682 1716 1727 ipsa

1033 1730 1159 1764 umbra
1175 1731 1279 1765 micat
1292 1757 1302 1774 ,
1321 1738 1356 1766 et
1370 1732 1615 1767 contremiscit.
1629 1734 1717 1768 Pos-

1031 1781 1076 1816 sis
1090 1789 1125 1816 et
1142 1781 1257 1817 dicere
1269 1809 1278 1826 ,
1297 1783 1377 1827 quia
1394 1783 1520 1818 umbra
1539 1783 1639 1818 nullo
1660 1792 1712 1819 est

1032 1833 1199 1878 pondere.
1210 1835 1371 1879 Propert.
1384 1835 1440 1869 111
1453 1862 1462 1878 ,
1479 1846 1510 1869 11
1522 1861 1531 1879 ,
1553 1849 1565 1869 1
1578 1861 1587 1879 ,
1603 1839 1716 1871 mollis

1031 1888 1147 1919 umbra
1176 1887 1362 1921 Hem-onis.
1387 1886 1608 1922 schirachius
1633 1887 1668 1922 h.
1692 1888 1713 1922 l.

1031 1937 1283 1983 interpretatur
1298 1945 1430 1984 gratam
1440 1964 1450 1983 ,
1467 1939 1626 1983 dulcem,
1638 1952 1712 1974 ver-

1031 1990 1141 2036 titque
1158 1993 1222 2025 den
1237 1991 1373 2035 sanflen
1386 1992 1556 2027 Sebattcn.
1567 2010 1612 2018 —-
1621 1993 1712 2027 Sum-

1030 2056 1118 2077 mam
1134 2046 1326 2078 certaminis
1338 2070 1346 2083 ,
1369 2044 1574 2078 universum
1599 2051 1713 2080 certa-

1030 2107 1114 2129 men
1129 2121 1138 2138 ,
1155 2094 1244 2129 sicut
1263 2094 1355 2140 apud
1381 2093 1454 2130 Cic.
1475 2096 1554 2130 Fin.
1572 2095 1627 2140 11,
1645 2110 1685 2143 ²7
1698 2122 1708 2139 ,

1029 2147 1164 2180 Summa
1169 2148 1388 2191 philosophia
1399 2153 1450 2182 est
1460 2147 1621 2182 universa
1631 2146 1710 2193 phi-

1028 2196 1193 2242 losophia.
1205 2215 1250 2223 ——·
1268 2200 1418 2242 Calliope
1430 2198 1568 2244 eligitur
1577 2224 1587 2241 ,
1605 2198 1707 2233 Musa

1029 2249 1308 2295 praestantissima
1317 2276 1326 2294 ,
1345 2262 1423 2295 quae
1432 2263 1487 2285 res
1498 2257 1606 2296 gestas
1615 2250 1708 2285 Deo-

1028 2315 1109 2336 rum
1128 2309 1231 2347 atque
1257 2302 1407 2337 heroum
1423 2310 1530 2337 cantu
1545 2303 1706 2337 celebra—

1026 2354 1094 2388 bat.
1114 2355 1235 2398 Itaque
1251 2353 1432 2388 interdum
1448 2366 1512 2399 pro
1526 2360 1602 2388 toto
1618 2354 1705 2388 Mu-

1025 2418 1143 2440 sarum
1161 2405 1269 2439 choro
1285 2406 1439 2450 ponitur.
1462 2405 1605 2439 AEneid.
1626 2406 1679 2440 IX
1693 2431 1702 2449 ,

1027 2459 1099 2493 535.
1122 2459 1217 2492 Infra
1233 2470 1335 2491 versu
1351 2458 1415 2491 662
1431 2484 1440 2502 ,
1467 2461 1617 2492 maxima
1634 2470 1703 2492 vo·—

1024 2517 1132 2544 catur.
1145 2509 1201 2543 Ad
1219 2509 1407 2544 dicendum
1419 2510 1593 2555 prodituri
1607 2510 1702 2545 vesti·

1024 2569 1100 2596 tum
1115 2575 1328 2610 componere
1352 2563 1519 2598 solebant.
1545 2563 1677 2598 Plinius
1691 2589 1700 2605 ‚

1025 2614 1081 2658 II,
1100 2615 1208 2659 Epist.
1227 2625 1292 2658 111,
1314 2629 1331 2648 2
1347 2641 1356 2657 ,
1380 2619 1505 2659 surgit,
1536 2617 1700 2649 amicitur.

1025 2666 1193 2701 Similiter
1214 2674 1249 2701 et
1264 2680 1361 2702 nunc
1388 2667 1543 2712 Calliope
1568 2667 1701 2701 decoris

1022 2730 1142 2761 causa,
1156 2721 1300 2762 capillos
1312 2721 1418 2763 (quos
1430 2718 1593 2752 mulieres
1604 2716 1699 2751 domi

1022 2768 1182 2803 sedentes
1207 2771 1375 2803 immissos
1399 2768 1436 2802 in
1458 2767 1581 2802 faciem
1602 2793 1612 2811 ‚
1640 2774 1699 2801 aut
