<?xml version="1.0" encoding="UTF-8"?>
<!DOCTYPE html PUBLIC "-//W3C//DTD XHTML 1.0 Transitional//EN"
    "http://www.w3.org/TR/xhtml1/DTD/xhtml1-transitional.dtd">
<html xmlns="http://www.w3.org/1999/xhtml" xml:lang="en" lang="en">
 <head>
  <title>
</title>
<meta http-equiv="Content-Type" content="text/html;charset=utf-8" />
  <meta name='ocr-system' content='tesseract 3.04.00' />
  <meta name='ocr-capabilities' content='ocr_page ocr_carea ocr_par ocr_line ocrx_word'/>
</head>
<body>
  <div class='ocr_page' id='page_1' title='image "./quaeextantomniao03oviduoft_0468.png"; bbox 0 0 1832 3100; ppageno 0'>
   <div class='ocr_carea' id='block_1_1' title="bbox 326 250 414 306">
    <p class='ocr_par' dir='ltr' id='par_1_1' title="bbox 326 250 414 306">
     <span class='ocr_line' id='line_1_1' title="bbox 326 250 414 306; baseline 0.011 -13"><span class='ocrx_word' id='word_1_1' title='bbox 326 250 414 306; x_wconf 70' lang='lat'>436</span> 
     </span>
    </p>
   </div>
   <div class='ocr_carea' id='block_1_2' title="bbox 704 223 1422 299">
    <p class='ocr_par' dir='ltr' id='par_1_2' title="bbox 704 223 1422 299">
     <span class='ocr_line' id='line_1_2' title="bbox 704 223 1422 299; baseline 0.004 -3"><span class='ocrx_word' id='word_1_2' title='bbox 704 254 757 296; x_wconf 84' lang='lat' dir='ltr'>P.</span> <span class='ocrx_word' id='word_1_3' title='bbox 798 248 1033 299; x_wconf 83' lang='lat' dir='ltr'>ov1D11</span> <span class='ocrx_word' id='word_1_4' title='bbox 1071 253 1371 299; x_wconf 74' lang='lat' dir='ltr'>NAsoNis</span> <span class='ocrx_word' id='word_1_5' title='bbox 1419 223 1422 227; x_wconf 63' lang='grc'><strong>’</strong></span> 
     </span>
    </p>
   </div>
   <div class='ocr_carea' id='block_1_3' title="bbox 324 345 1639 566">
    <p class='ocr_par' dir='ltr' id='par_1_3' title="bbox 324 345 1639 566">
     <span class='ocr_line' id='line_1_3' title="bbox 328 345 1639 416; baseline 0.005 -24"><span class='ocrx_word' id='word_1_6' title='bbox 328 367 350 387; x_wconf 90' lang='grc'>«</span> <span class='ocrx_word' id='word_1_7' title='bbox 374 345 461 393; x_wconf 86' lang='lat' dir='ltr'>Hei</span> <span class='ocrx_word' id='word_1_8' title='bbox 483 345 617 394; x_wconf 83' lang='lat' dir='ltr'>mihi!</span> <span class='ocrx_word' id='word_1_9' title='bbox 644 367 666 390; x_wconf 90' lang='lat'>»</span> <span class='ocrx_word' id='word_1_10' title='bbox 690 346 956 406; x_wconf 85' lang='lat' dir='ltr'>conclamat3</span> <span class='ocrx_word' id='word_1_11' title='bbox 980 348 1213 414; x_wconf 89' lang='lat' dir='ltr'>medioque</span> <span class='ocrx_word' id='word_1_12' title='bbox 1236 350 1284 396; x_wconf 93' lang='lat' dir='ltr'>in</span> <span class='ocrx_word' id='word_1_13' title='bbox 1307 361 1484 416; x_wconf 86' lang='lat' dir='ltr'><strong>pectore</strong></span> <span class='ocrx_word' id='word_1_14' title='bbox 1503 348 1614 398; x_wconf 86' lang='lat' dir='ltr'>fixus</span> <span class='ocrx_word' id='word_1_15' title='bbox 1637 386 1639 388; x_wconf 92' lang='lat'>-</span> 
     </span>
     <span class='ocr_line' id='line_1_4' title="bbox 324 421 1437 490; baseline 0.004 -21"><span class='ocrx_word' id='word_1_16' title='bbox 324 421 432 470; x_wconf 91' lang='lat' dir='ltr'>Tela</span> <span class='ocrx_word' id='word_1_17' title='bbox 457 422 589 485; x_wconf 85' lang='lat' dir='ltr'>gerit,</span> <span class='ocrx_word' id='word_1_18' title='bbox 612 422 834 490; x_wconf 85' lang='lat' dir='ltr'>frenisque</span> <span class='ocrx_word' id='word_1_19' title='bbox 855 441 986 472; x_wconf 87' lang='lat' dir='ltr'>manu</span> <span class='ocrx_word' id='word_1_20' title='bbox 1009 424 1224 473; x_wconf 89' lang='lat' dir='ltr'>moriente</span> <span class='ocrx_word' id='word_1_21' title='bbox 1243 426 1437 475; x_wconf 86' lang='lat' dir='ltr'>remissis</span> 
     </span>
     <span class='ocr_line' id='line_1_5' title="bbox 324 498 1299 566; baseline 0.004 -20"><span class='ocrx_word' id='word_1_22' title='bbox 324 500 378 546; x_wconf 91' lang='lat' dir='ltr'>In</span> <span class='ocrx_word' id='word_1_23' title='bbox 398 498 513 547; x_wconf 89' lang='lat' dir='ltr'>latus</span> <span class='ocrx_word' id='word_1_24' title='bbox 536 519 560 548; x_wconf 89' lang='lat' dir='ltr'>a</span> <span class='ocrx_word' id='word_1_25' title='bbox 582 499 734 547; x_wconf 84' lang='lat' dir='ltr'>dextro</span> <span class='ocrx_word' id='word_1_26' title='bbox 748 499 967 566; x_wconf 76' lang='lat' dir='ltr'>&#39;paulatim</span> <span class='ocrx_word' id='word_1_27' title='bbox 991 500 1142 548; x_wconf 89' lang='lat' dir='ltr'>defluit</span> <span class='ocrx_word' id='word_1_28' title='bbox 1165 520 1299 550; x_wconf 76' lang='lat' dir='ltr'>armo·</span> 
     </span>
    </p>
   </div>
   <div class='ocr_carea' id='block_1_4' title="bbox 323 576 1445 644">
    <p class='ocr_par' dir='ltr' id='par_1_4' title="bbox 323 576 1445 644">
     <span class='ocr_line' id='line_1_6' title="bbox 323 576 1445 644; baseline 0.004 -20"><span class='ocrx_word' id='word_1_29' title='bbox 323 576 558 625; x_wconf 80' lang='lat' dir='ltr'>Proximus</span> <span class='ocrx_word' id='word_1_30' title='bbox 572 614 583 634; x_wconf 89' lang='lat'>‚</span> <span class='ocrx_word' id='word_1_31' title='bbox 605 577 756 626; x_wconf 88' lang='lat' dir='ltr'>audito</span> <span class='ocrx_word' id='word_1_32' title='bbox 776 577 927 624; x_wconf 91' lang='lat' dir='ltr'>sonitu</span> <span class='ocrx_word' id='word_1_33' title='bbox 949 597 1030 643; x_wconf 89' lang='lat' dir='ltr'>per</span> <span class='ocrx_word' id='word_1_34' title='bbox 1054 577 1183 626; x_wconf 90' lang='lat' dir='ltr'>inane</span> <span class='ocrx_word' id='word_1_35' title='bbox 1202 578 1416 644; x_wconf 70' lang='lat' dir='ltr'>pharetra!</span> <span class='ocrx_word' id='word_1_36' title='bbox 1433 617 1445 638; x_wconf 90' lang='lat'><strong><em>,</em></strong></span> 
     </span>
    </p>
   </div>
   <div class='ocr_carea' id='block_1_5' title="bbox 1668 594 1733 628">
    <p class='ocr_par' dir='ltr' id='par_1_5' title="bbox 1668 594 1733 628">
     <span class='ocr_line' id='line_1_7' title="bbox 1668 594 1733 628; baseline -0.046 0"><span class='ocrx_word' id='word_1_37' title='bbox 1668 594 1733 628; x_wconf 75' lang='lat'>230</span> 
     </span>
    </p>
   </div>
   <div class='ocr_carea' id='block_1_6' title="bbox 318 653 1571 935">
    <p class='ocr_par' dir='ltr' id='par_1_6' title="bbox 320 653 1571 874">
     <span class='ocr_line' id='line_1_8' title="bbox 320 653 1571 721; baseline 0.003 -20"><span class='ocrx_word' id='word_1_38' title='bbox 320 654 462 702; x_wconf 85' lang='lat' dir='ltr'>Frena</span> <span class='ocrx_word' id='word_1_39' title='bbox 486 653 619 702; x_wconf 90' lang='lat' dir='ltr'>dabat</span> <span class='ocrx_word' id='word_1_40' title='bbox 643 654 822 721; x_wconf 86' lang='lat' dir='ltr'>Sipylus</span> <span class='ocrx_word' id='word_1_41' title='bbox 844 674 854 702; x_wconf 91' lang='lat'>:</span> <span class='ocrx_word' id='word_1_42' title='bbox 873 653 1008 702; x_wconf 88' lang='lat' dir='ltr'>veluti</span> <span class='ocrx_word' id='word_1_43' title='bbox 1033 674 1170 721; x_wconf 91' lang='lat' dir='ltr'>quum</span> <span class='ocrx_word' id='word_1_44' title='bbox 1192 657 1398 721; x_wconf 87' lang='lat' dir='ltr'>praescius</span> <span class='ocrx_word' id='word_1_45' title='bbox 1418 657 1571 706; x_wconf 87' lang='lat' dir='ltr'>imbris</span> 
     </span>
     <span class='ocr_line' id='line_1_9' title="bbox 321 731 1457 799; baseline 0.002 -20"><span class='ocrx_word' id='word_1_46' title='bbox 321 731 452 780; x_wconf 86' lang='lat' dir='ltr'>Nube</span> <span class='ocrx_word' id='word_1_47' title='bbox 474 731 590 794; x_wconf 85' lang='lat' dir='ltr'>fugit</span> <span class='ocrx_word' id='word_1_48' title='bbox 607 731 720 789; x_wconf 86' lang='lat' dir='ltr'>visa,</span> <span class='ocrx_word' id='word_1_49' title='bbox 744 731 1068 797; x_wconf 86' lang='lat' dir='ltr'>pendentiaque</span> <span class='ocrx_word' id='word_1_50' title='bbox 1092 732 1289 799; x_wconf 89' lang='lat' dir='ltr'>undique</span> <span class='ocrx_word' id='word_1_51' title='bbox 1311 745 1457 781; x_wconf 88' lang='lat' dir='ltr'>rector</span> 
     </span>
     <span class='ocr_line' id='line_1_10' title="bbox 323 808 1379 874; baseline 0 -16"><span class='ocrx_word' id='word_1_52' title='bbox 323 809 716 858; x_wconf 81' lang='lat' dir='ltr'>Carbasadeducit</span> <span class='ocrx_word' id='word_1_53' title='bbox 729 846 740 865; x_wconf 93' lang='lat'>‚</span> <span class='ocrx_word' id='word_1_54' title='bbox 765 828 819 857; x_wconf 91' lang='lat' dir='ltr'>ne</span> <span class='ocrx_word' id='word_1_55' title='bbox 846 827 932 874; x_wconf 86' lang='lat' dir='ltr'>qua</span> <span class='ocrx_word' id='word_1_56' title='bbox 954 808 1062 857; x_wconf 86' lang='lat' dir='ltr'>levis</span> <span class='ocrx_word' id='word_1_57' title='bbox 1081 809 1229 858; x_wconf 86' lang='lat' dir='ltr'>effluat</span> <span class='ocrx_word' id='word_1_58' title='bbox 1249 830 1351 858; x_wconf 90' lang='lat' dir='ltr'>aura</span> <span class='ocrx_word' id='word_1_59' title='bbox 1367 849 1379 867; x_wconf 92' lang='lat'>‚</span> 
     </span>
    </p>

    <p class='ocr_par' dir='ltr' id='par_1_7' title="bbox 318 884 1343 935">
     <span class='ocr_line' id='line_1_11' title="bbox 318 884 1343 935; baseline 0 -1"><span class='ocrx_word' id='word_1_60' title='bbox 318 887 459 934; x_wconf 87' lang='lat' dir='ltr'>Frena</span> <span class='ocrx_word' id='word_1_61' title='bbox 478 885 610 933; x_wconf 88' lang='lat' dir='ltr'>dabat</span> <span class='ocrx_word' id='word_1_62' title='bbox 630 904 640 932; x_wconf 72' lang='grc' dir='ltr'><strong><em>ι</em></strong></span> <span class='ocrx_word' id='word_1_63' title='bbox 664 884 839 932; x_wconf 87' lang='lat' dir='ltr'>dantem</span> <span class='ocrx_word' id='word_1_64' title='bbox 863 904 954 932; x_wconf 90' lang='lat' dir='ltr'>non</span> <span class='ocrx_word' id='word_1_65' title='bbox 978 885 1180 934; x_wconf 85' lang='lat' dir='ltr'>evitabile</span> <span class='ocrx_word' id='word_1_66' title='bbox 1207 886 1343 935; x_wconf 88' lang='lat' dir='ltr'>telum</span> 
     </span>
    </p>
   </div>
   <div class='ocr_carea' id='block_1_7' title="bbox 324 962 1554 1028">
    <p class='ocr_par' dir='ltr' id='par_1_8' title="bbox 324 962 1554 1028">
     <span class='ocr_line' id='line_1_12' title="bbox 324 962 1554 1028; baseline 0.002 -18"><span class='ocrx_word' id='word_1_67' title='bbox 324 962 652 1028; x_wconf 88' lang='lat' dir='ltr'>Consequitur;</span> <span class='ocrx_word' id='word_1_68' title='bbox 678 980 934 1028; x_wconf 89' lang='lat' dir='ltr'>summaque</span> <span class='ocrx_word' id='word_1_69' title='bbox 957 974 1147 1019; x_wconf 81' lang='lat' dir='ltr'>tremens</span> <span class='ocrx_word' id='word_1_70' title='bbox 1174 964 1336 1012; x_wconf 89' lang='lat' dir='ltr'>cervice</span> <span class='ocrx_word' id='word_1_71' title='bbox 1361 964 1518 1028; x_wconf 87' lang='lat' dir='ltr'>sagitta</span> <span class='ocrx_word' id='word_1_72' title='bbox 1551 1014 1554 1019; x_wconf 32' lang='lat' dir='ltr'><em>s</em></span> 
     </span>
    </p>
   </div>
   <div class='ocr_carea' id='block_1_8' title="bbox 1646 968 1734 1013">
    <p class='ocr_par' dir='ltr' id='par_1_9' title="bbox 1646 968 1734 1013">
     <span class='ocr_line' id='line_1_13' title="bbox 1646 968 1734 1013; baseline -0.011 -1"><span class='ocrx_word' id='word_1_73' title='bbox 1646 976 1648 978; x_wconf 62' lang='grc'><strong><em>’</em></strong></span> <span class='ocrx_word' id='word_1_74' title='bbox 1671 968 1734 1013; x_wconf 77' lang='lat'>235</span> 
     </span>
    </p>
   </div>
   <div class='ocr_carea' id='block_1_9' title="bbox 317 1038 1514 1327">
    <p class='ocr_par' dir='ltr' id='par_1_10' title="bbox 317 1038 1514 1327">
     <span class='ocr_line' id='line_1_14' title="bbox 322 1038 1450 1102; baseline 0.001 -16"><span class='ocrx_word' id='word_1_75' title='bbox 322 1039 482 1096; x_wconf 80' lang='lat' dir='ltr'>Haesit,</span> <span class='ocrx_word' id='word_1_76' title='bbox 508 1049 553 1086; x_wconf 91' lang='lat' dir='ltr'>et</span> <span class='ocrx_word' id='word_1_77' title='bbox 575 1038 776 1087; x_wconf 83' lang='lat' dir='ltr'>exstabat</span> <span class='ocrx_word' id='word_1_78' title='bbox 798 1038 972 1086; x_wconf 87' lang='lat' dir='ltr'>nudum</span> <span class='ocrx_word' id='word_1_79' title='bbox 996 1039 1049 1087; x_wconf 91' lang='lat' dir='ltr'>de</span> <span class='ocrx_word' id='word_1_80' title='bbox 1075 1051 1253 1102; x_wconf 88' lang='lat' dir='ltr'>gutture</span> <span class='ocrx_word' id='word_1_81' title='bbox 1274 1040 1450 1089; x_wconf 90' lang='lat' dir='ltr'>ferrum.</span> 
     </span>
     <span class='ocr_line' id='line_1_15' title="bbox 319 1115 1514 1185; baseline 0.003 -22"><span class='ocrx_word' id='word_1_82' title='bbox 319 1115 422 1173; x_wconf 86' lang='lat' dir='ltr'>Ille,</span> <span class='ocrx_word' id='word_1_83' title='bbox 448 1127 499 1163; x_wconf 92' lang='lat' dir='ltr'>ut</span> <span class='ocrx_word' id='word_1_84' title='bbox 523 1127 613 1163; x_wconf 87' lang='lat' dir='ltr'>erat</span> <span class='ocrx_word' id='word_1_85' title='bbox 634 1134 830 1182; x_wconf 85' lang='lat' dir='ltr'>pronus,</span> <span class='ocrx_word' id='word_1_86' title='bbox 854 1135 935 1182; x_wconf 91' lang='lat' dir='ltr'>per</span> <span class='ocrx_word' id='word_1_87' title='bbox 958 1116 1070 1164; x_wconf 90' lang='lat' dir='ltr'>colla</span> <span class='ocrx_word' id='word_1_88' title='bbox 1094 1116 1282 1166; x_wconf 87' lang='lat' dir='ltr'>admissa</span> <span class='ocrx_word' id='word_1_89' title='bbox 1297 1118 1514 1185; x_wconf 88' lang='lat' dir='ltr'>jubasque</span> 
     </span>
     <span class='ocr_line' id='line_1_16' title="bbox 317 1192 1413 1256; baseline 0.004 -17"><span class='ocrx_word' id='word_1_90' title='bbox 317 1192 546 1250; x_wconf 85' lang='lat' dir='ltr'>Volvitur;</span> <span class='ocrx_word' id='word_1_91' title='bbox 574 1205 617 1241; x_wconf 87' lang='lat' dir='ltr'>et</span> <span class='ocrx_word' id='word_1_92' title='bbox 640 1193 782 1242; x_wconf 87' lang='lat' dir='ltr'>calido</span> <span class='ocrx_word' id='word_1_93' title='bbox 809 1192 1010 1241; x_wconf 90' lang='lat' dir='ltr'>tellurem</span> <span class='ocrx_word' id='word_1_94' title='bbox 1034 1195 1247 1256; x_wconf 84' lang='lat' dir='ltr'>sanguine</span> <span class='ocrx_word' id='word_1_95' title='bbox 1265 1195 1413 1244; x_wconf 86' lang='lat' dir='ltr'>foedat.</span> 
     </span>
     <span class='ocr_line' id='line_1_17' title="bbox 320 1269 1340 1327; baseline 0.002 -9"><span class='ocrx_word' id='word_1_96' title='bbox 320 1270 571 1319; x_wconf 88' lang='lat' dir='ltr'>Phaedimus</span> <span class='ocrx_word' id='word_1_97' title='bbox 593 1269 769 1327; x_wconf 80' lang='lat' dir='ltr'>infelix,</span> <span class='ocrx_word' id='word_1_98' title='bbox 801 1281 845 1318; x_wconf 91' lang='lat' dir='ltr'>et</span> <span class='ocrx_word' id='word_1_99' title='bbox 868 1270 973 1318; x_wconf 87' lang='lat' dir='ltr'>aviti</span> <span class='ocrx_word' id='word_1_100' title='bbox 996 1271 1188 1320; x_wconf 89' lang='lat' dir='ltr'>nominis</span> <span class='ocrx_word' id='word_1_101' title='bbox 1212 1272 1340 1321; x_wconf 92' lang='lat' dir='ltr'>heres</span> 
     </span>
    </p>
   </div>
   <div class='ocr_carea' id='block_1_10' title="bbox 319 1347 1411 1415">
    <p class='ocr_par' dir='ltr' id='par_1_11' title="bbox 319 1347 1411 1415">
     <span class='ocr_line' id='line_1_18' title="bbox 319 1347 1411 1415; baseline 0.001 -18"><span class='ocrx_word' id='word_1_102' title='bbox 319 1348 533 1406; x_wconf 85' lang='lat' dir='ltr'>Tantalus</span> <span class='ocrx_word' id='word_1_103' title='bbox 549 1386 560 1407; x_wconf 91' lang='lat'><strong>‚</strong></span> <span class='ocrx_word' id='word_1_104' title='bbox 585 1360 637 1396; x_wconf 92' lang='lat' dir='ltr'>ut</span> <span class='ocrx_word' id='word_1_105' title='bbox 660 1347 795 1396; x_wconf 86' lang='lat' dir='ltr'>solito</span> <span class='ocrx_word' id='word_1_106' title='bbox 818 1347 950 1396; x_wconf 89' lang='lat' dir='ltr'>finem</span> <span class='ocrx_word' id='word_1_107' title='bbox 973 1349 1222 1415; x_wconf 88' lang='lat' dir='ltr'>imposuere</span> <span class='ocrx_word' id='word_1_108' title='bbox 1246 1349 1411 1408; x_wconf 91' lang='lat' dir='ltr'>labori,</span> 
     </span>
    </p>
   </div>
   <div class='ocr_carea' id='block_1_11' title="bbox 1671 1365 1735 1409">
    <p class='ocr_par' dir='ltr' id='par_1_12' title="bbox 1671 1365 1735 1409">
     <span class='ocr_line' id='line_1_19' title="bbox 1671 1365 1735 1409; baseline -0.016 -11"><span class='ocrx_word' id='word_1_109' title='bbox 1671 1365 1735 1409; x_wconf 70' lang='lat'>240</span> 
     </span>
    </p>
   </div>
   <div class='ocr_carea' id='block_1_12' title="bbox 318 1426 1460 1493">
    <p class='ocr_par' dir='ltr' id='par_1_13' title="bbox 318 1426 1460 1493">
     <span class='ocr_line' id='line_1_20' title="bbox 318 1426 1460 1493; baseline -0.001 -17"><span class='ocrx_word' id='word_1_110' title='bbox 318 1427 601 1488; x_wconf 84' lang='lat' dir='ltr'>Transierant</span> <span class='ocrx_word' id='word_1_111' title='bbox 623 1426 679 1475; x_wconf 87' lang='lat' dir='ltr'>ad</span> <span class='ocrx_word' id='word_1_112' title='bbox 702 1445 815 1493; x_wconf 92' lang='lat' dir='ltr'>opus</span> <span class='ocrx_word' id='word_1_113' title='bbox 835 1426 986 1475; x_wconf 84' lang='lat' dir='ltr'>nitidae</span> <span class='ocrx_word' id='word_1_114' title='bbox 1006 1426 1196 1492; x_wconf 83' lang='lat' dir='ltr'>juvenile</span> <span class='ocrx_word' id='word_1_115' title='bbox 1219 1426 1429 1493; x_wconf 87' lang='lat' dir='ltr'>palaestrae</span> <span class='ocrx_word' id='word_1_116' title='bbox 1450 1446 1460 1485; x_wconf 82' lang='lat'><em>3</em></span> 
     </span>
    </p>
   </div>
   <div class='ocr_carea' id='block_1_13' title="bbox 291 1559 1004 2794">
    <p class='ocr_par' dir='ltr' id='par_1_14' title="bbox 317 1559 1000 1862">
     <span class='ocr_line' id='line_1_21' title="bbox 317 1559 993 1603; baseline -0.006 -7"><span class='ocrx_word' id='word_1_117' title='bbox 317 1574 356 1596; x_wconf 88' lang='lat' dir='ltr'>ca</span> <span class='ocrx_word' id='word_1_118' title='bbox 372 1559 531 1602; x_wconf 88' lang='lat' dir='ltr'>audacia,</span> <span class='ocrx_word' id='word_1_119' title='bbox 539 1572 601 1602; x_wconf 83' lang='lat' dir='ltr'>pro</span> <span class='ocrx_word' id='word_1_120' title='bbox 612 1570 753 1593; x_wconf 89' lang='lat' dir='ltr'>cursum</span> <span class='ocrx_word' id='word_1_121' title='bbox 765 1559 865 1603; x_wconf 88' lang='lat' dir='ltr'>equi,</span> <span class='ocrx_word' id='word_1_122' title='bbox 878 1559 993 1603; x_wconf 89' lang='lat' dir='ltr'>ipsum</span> 
     </span>
     <span class='ocr_line' id='line_1_22' title="bbox 319 1610 995 1657; baseline -0.006 -10"><span class='ocrx_word' id='word_1_123' title='bbox 319 1624 460 1657; x_wconf 88' lang='lat' dir='ltr'>equum.</span> <span class='ocrx_word' id='word_1_124' title='bbox 476 1627 519 1636; x_wconf 90' lang='lat'>--</span> <span class='ocrx_word' id='word_1_125' title='bbox 537 1612 666 1645; x_wconf 80' lang='lat' dir='ltr'>Certum</span> <span class='ocrx_word' id='word_1_126' title='bbox 678 1614 715 1644; x_wconf 77' lang='lat' dir='ltr'>in</span> <span class='ocrx_word' id='word_1_127' title='bbox 729 1612 837 1644; x_wconf 83' lang='lat' dir='ltr'>orbem</span> <span class='ocrx_word' id='word_1_128' title='bbox 848 1636 855 1649; x_wconf 92' lang='lat'><strong>‚</strong></span> <span class='ocrx_word' id='word_1_129' title='bbox 878 1610 914 1643; x_wconf 90' lang='lat' dir='ltr'>in</span> <span class='ocrx_word' id='word_1_130' title='bbox 932 1622 995 1654; x_wconf 91' lang='lat' dir='ltr'>pa·-</span> 
     </span>
     <span class='ocr_line' id='line_1_23' title="bbox 321 1660 998 1708; baseline -0.006 -10"><span class='ocrx_word' id='word_1_131' title='bbox 321 1664 433 1698; x_wconf 85' lang='lat' dir='ltr'>laestra</span> <span class='ocrx_word' id='word_1_132' title='bbox 463 1662 614 1708; x_wconf 86' lang='lat' dir='ltr'>equestri</span> <span class='ocrx_word' id='word_1_133' title='bbox 641 1662 816 1696; x_wconf 87' lang='lat' dir='ltr'>usitatum.</span> <span class='ocrx_word' id='word_1_134' title='bbox 842 1660 933 1694; x_wconf 88' lang='lat' dir='ltr'>Vide</span> <span class='ocrx_word' id='word_1_135' title='bbox 953 1660 998 1694; x_wconf 88' lang='lat' dir='ltr'>ad</span> 
     </span>
     <span class='ocr_line' id='line_1_24' title="bbox 323 1712 997 1758; baseline -0.007 -8"><span class='ocrx_word' id='word_1_136' title='bbox 323 1716 395 1750; x_wconf 90' lang='lat' dir='ltr'>XII</span> <span class='ocrx_word' id='word_1_137' title='bbox 408 1741 417 1758; x_wconf 88' lang='lat'>,</span> <span class='ocrx_word' id='word_1_138' title='bbox 430 1714 516 1758; x_wconf 72' lang='lat'>4683</span> <span class='ocrx_word' id='word_1_139' title='bbox 535 1713 658 1758; x_wconf 86' lang='lat' dir='ltr'>Virgil.</span> <span class='ocrx_word' id='word_1_140' title='bbox 673 1712 799 1757; x_wconf 82' lang='lat' dir='ltr'>Georg.</span> <span class='ocrx_word' id='word_1_141' title='bbox 817 1712 872 1747; x_wconf 83' lang='lat' dir='ltr'>III</span> <span class='ocrx_word' id='word_1_142' title='bbox 886 1738 895 1755; x_wconf 87' lang='lat'>,</span> <span class='ocrx_word' id='word_1_143' title='bbox 917 1725 974 1758; x_wconf 83' lang='lat'>¹9¹</span> <span class='ocrx_word' id='word_1_144' title='bbox 989 1725 997 1746; x_wconf 89' lang='lat'><strong>:</strong></span> 
     </span>
     <span class='ocr_line' id='line_1_25' title="bbox 324 1765 1000 1811; baseline -0.006 -10"><span class='ocrx_word' id='word_1_145' title='bbox 324 1769 463 1811; x_wconf 79' lang='lat' dir='ltr'>Carpere</span> <span class='ocrx_word' id='word_1_146' title='bbox 477 1777 554 1799; x_wconf 70' lang='lat' dir='ltr'>mox</span> <span class='ocrx_word' id='word_1_147' title='bbox 567 1777 682 1810; x_wconf 75' lang='lat' dir='ltr'>gyrum</span> <span class='ocrx_word' id='word_1_148' title='bbox 704 1767 864 1808; x_wconf 70' lang='lat' dir='ltr'>Incipiat,</span> <span class='ocrx_word' id='word_1_149' title='bbox 882 1765 1000 1808; x_wconf 76' lang='lat' dir='ltr'>gradi-</span> 
     </span>
     <span class='ocr_line' id='line_1_26' title="bbox 323 1817 805 1862; baseline -0.006 -10"><span class='ocrx_word' id='word_1_150' title='bbox 323 1821 444 1862; x_wconf 82' lang='lat' dir='ltr'>busque</span> <span class='ocrx_word' id='word_1_151' title='bbox 458 1829 578 1851; x_wconf 80' lang='lat' dir='ltr'>souare</span> <span class='ocrx_word' id='word_1_152' title='bbox 597 1817 805 1859; x_wconf 73' lang='lat' dir='ltr'>Composmzr.</span> 
     </span>
    </p>

    <p class='ocr_par' dir='ltr' id='par_1_15' title="bbox 324 1866 1001 2121">
     <span class='ocr_line' id='line_1_27' title="bbox 368 1866 1000 1916; baseline -0.008 -12"><span class='ocrx_word' id='word_1_153' title='bbox 368 1883 442 1916; x_wconf 77' lang='lat'>229.</span> <span class='ocrx_word' id='word_1_154' title='bbox 459 1870 620 1912; x_wconf 73' lang='lat' dir='ltr'>Defluunt</span> <span class='ocrx_word' id='word_1_155' title='bbox 632 1867 692 1912; x_wconf 87' lang='lat' dir='ltr'>qui</span> <span class='ocrx_word' id='word_1_156' title='bbox 713 1866 898 1909; x_wconf 85' lang='lat' dir='ltr'>debilitati,</span> <span class='ocrx_word' id='word_1_157' title='bbox 916 1866 1000 1900; x_wconf 85' lang='lat' dir='ltr'>ani-</span> 
     </span>
     <span class='ocr_line' id='line_1_28' title="bbox 326 1918 1000 1966; baseline -0.006 -11"><span class='ocrx_word' id='word_1_158' title='bbox 326 1934 385 1955; x_wconf 91' lang='lat' dir='ltr'>mo</span> <span class='ocrx_word' id='word_1_159' title='bbox 417 1920 660 1966; x_wconf 86' lang='lat' dir='ltr'>delinquentes</span> <span class='ocrx_word' id='word_1_160' title='bbox 673 1945 683 1963; x_wconf 89' lang='lat'>,</span> <span class='ocrx_word' id='word_1_161' title='bbox 714 1925 773 1953; x_wconf 91' lang='lat' dir='ltr'>aut</span> <span class='ocrx_word' id='word_1_162' title='bbox 810 1918 1000 1952; x_wconf 82' lang='lat' dir='ltr'>morientes</span> 
     </span>
     <span class='ocr_line' id='line_1_29' title="bbox 325 1969 1001 2016; baseline -0.007 -9"><span class='ocrx_word' id='word_1_163' title='bbox 325 1972 503 2008; x_wconf 86' lang='lat' dir='ltr'>decidunt.</span> <span class='ocrx_word' id='word_1_164' title='bbox 530 1973 683 2016; x_wconf 62' lang='lat' dir='ltr'>Defluere</span> <span class='ocrx_word' id='word_1_165' title='bbox 704 1973 748 2004; x_wconf 87' lang='lat' dir='ltr'>ab</span> <span class='ocrx_word' id='word_1_166' title='bbox 776 1973 870 2014; x_wconf 83' lang='lat' dir='ltr'>equis</span> <span class='ocrx_word' id='word_1_167' title='bbox 895 1969 1001 2003; x_wconf 84' lang='lat' dir='ltr'>etiam</span> 
     </span>
     <span class='ocr_line' id='line_1_30' title="bbox 324 2021 993 2068; baseline -0.007 -8"><span class='ocrx_word' id='word_1_168' title='bbox 324 2026 441 2060; x_wconf 90' lang='lat' dir='ltr'>Livius</span> <span class='ocrx_word' id='word_1_169' title='bbox 453 2050 462 2068; x_wconf 88' lang='lat'>,</span> <span class='ocrx_word' id='word_1_170' title='bbox 480 2024 516 2059; x_wconf 89' lang='lat' dir='ltr'>II</span> <span class='ocrx_word' id='word_1_171' title='bbox 530 2049 539 2068; x_wconf 88' lang='lat'>,</span> <span class='ocrx_word' id='word_1_172' title='bbox 556 2036 609 2057; x_wconf 82' lang='lat'>20.</span> <span class='ocrx_word' id='word_1_173' title='bbox 621 2022 679 2057; x_wconf 87' lang='lat' dir='ltr'>Sic</span> <span class='ocrx_word' id='word_1_174' title='bbox 690 2029 724 2057; x_wconf 88' lang='lat' dir='ltr'>et</span> <span class='ocrx_word' id='word_1_175' title='bbox 733 2021 993 2067; x_wconf 77' lang='lat' dir='ltr'>defluuntsolia,</span> 
     </span>
     <span class='ocr_line' id='line_1_31' title="bbox 326 2079 456 2121; baseline -0.023 -10"><span class='ocrx_word' id='word_1_176' title='bbox 326 2079 456 2121; x_wconf 81' lang='lat' dir='ltr'>capilli.</span> 
     </span>
    </p>

    <p class='ocr_par' dir='ltr' id='par_1_16' title="bbox 326 2125 1004 2577">
     <span class='ocr_line' id='line_1_32' title="bbox 341 2125 1001 2172; baseline -0.006 -11"><span class='ocrx_word' id='word_1_177' title='bbox 341 2145 347 2148; x_wconf 89' lang='lat'>·</span> <span class='ocrx_word' id='word_1_178' title='bbox 370 2129 445 2161; x_wconf 85' lang='lat'>231.</span> <span class='ocrx_word' id='word_1_179' title='bbox 468 2128 600 2172; x_wconf 71' lang='lat' dir='ltr'>Sipylus</span> <span class='ocrx_word' id='word_1_180' title='bbox 624 2138 643 2159; x_wconf 91' lang='lat' dir='ltr'>a</span> <span class='ocrx_word' id='word_1_181' title='bbox 666 2132 787 2159; x_wconf 90' lang='lat' dir='ltr'>monte</span> <span class='ocrx_word' id='word_1_182' title='bbox 811 2125 942 2172; x_wconf 85' lang='lat' dir='ltr'>Sipylo.</span> <span class='ocrx_word' id='word_1_183' title='bbox 958 2142 1001 2151; x_wconf 86' lang='lat'>—-</span> 
     </span>
     <span class='ocr_line' id='line_1_33' title="bbox 326 2178 1001 2222; baseline -0.006 -7"><span class='ocrx_word' id='word_1_184' title='bbox 326 2181 510 2215; x_wconf 72' lang='lat' dir='ltr'>pendentia</span> <span class='ocrx_word' id='word_1_185' title='bbox 523 2205 532 2219; x_wconf 88' lang='lat'><strong>,</strong></span> <span class='ocrx_word' id='word_1_186' title='bbox 569 2191 609 2213; x_wconf 82' lang='lat' dir='ltr'>ex</span> <span class='ocrx_word' id='word_1_187' title='bbox 640 2178 802 2212; x_wconf 82' lang='lat' dir='ltr'>antennis</span> <span class='ocrx_word' id='word_1_188' title='bbox 827 2190 1001 2222; x_wconf 88' lang='lat' dir='ltr'>suspensa.</span> 
     </span>
     <span class='ocr_line' id='line_1_34' title="bbox 327 2228 1003 2273; baseline -0.003 -9"><span class='ocrx_word' id='word_1_189' title='bbox 327 2230 418 2265; x_wconf 86' lang='lat' dir='ltr'>Vide</span> <span class='ocrx_word' id='word_1_190' title='bbox 432 2230 474 2264; x_wconf 88' lang='lat' dir='ltr'>ad</span> <span class='ocrx_word' id='word_1_191' title='bbox 487 2230 542 2265; x_wconf 85' lang='lat' dir='ltr'>III</span> <span class='ocrx_word' id='word_1_192' title='bbox 553 2256 562 2273; x_wconf 87' lang='lat'><em>,</em></span> <span class='ocrx_word' id='word_1_193' title='bbox 580 2229 644 2263; x_wconf 77' lang='grc'>663</span> <span class='ocrx_word' id='word_1_194' title='bbox 670 2248 713 2255; x_wconf 87' lang='lat'>-—</span> <span class='ocrx_word' id='word_1_195' title='bbox 723 2231 870 2263; x_wconf 81' lang='lat' dir='ltr'>Som&#39;tum</span> <span class='ocrx_word' id='word_1_196' title='bbox 882 2228 1003 2263; x_wconf 84' lang='lat' dir='ltr'>audie-</span> 
     </span>
     <span class='ocr_line' id='line_1_35' title="bbox 326 2280 1002 2328; baseline -0.007 -10"><span class='ocrx_word' id='word_1_197' title='bbox 326 2284 384 2318; x_wconf 85' lang='lat' dir='ltr'>bat</span> <span class='ocrx_word' id='word_1_198' title='bbox 397 2309 407 2327; x_wconf 90' lang='lat'>,</span> <span class='ocrx_word' id='word_1_199' title='bbox 425 2282 505 2328; x_wconf 84' lang='lat' dir='ltr'>quia</span> <span class='ocrx_word' id='word_1_200' title='bbox 528 2280 654 2326; x_wconf 89' lang='lat' dir='ltr'>Apollo</span> <span class='ocrx_word' id='word_1_201' title='bbox 671 2293 752 2315; x_wconf 91' lang='lat' dir='ltr'>cum</span> <span class='ocrx_word' id='word_1_202' title='bbox 765 2280 925 2324; x_wconf 84' lang='lat' dir='ltr'>clangore</span> <span class='ocrx_word' id='word_1_203' title='bbox 940 2293 1002 2314; x_wconf 90' lang='lat' dir='ltr'>sa-</span> 
     </span>
     <span class='ocr_line' id='line_1_36' title="bbox 327 2331 1001 2382; baseline -0.006 -14"><span class='ocrx_word' id='word_1_204' title='bbox 327 2336 493 2382; x_wconf 86' lang='lat' dir='ltr'>gittarum</span> <span class='ocrx_word' id='word_1_205' title='bbox 508 2333 545 2368; x_wconf 89' lang='lat' dir='ltr'>in</span> <span class='ocrx_word' id='word_1_206' title='bbox 561 2333 722 2378; x_wconf 87' lang='lat' dir='ltr'>pharetra</span> <span class='ocrx_word' id='word_1_207' title='bbox 739 2331 877 2366; x_wconf 80' lang='lat' dir='ltr'>incedit.</span> <span class='ocrx_word' id='word_1_208' title='bbox 895 2331 934 2366; x_wconf 91' lang='lat' dir='ltr'>Il.</span> <span class='ocrx_word' id='word_1_209' title='bbox 952 2336 979 2368; x_wconf 79' lang='lat' dir='ltr'>A</span> <span class='ocrx_word' id='word_1_210' title='bbox 991 2358 1001 2375; x_wconf 94' lang='lat'><em>,</em></span> 
     </span>
     <span class='ocr_line' id='line_1_37' title="bbox 331 2383 1003 2431; baseline -0.006 -10"><span class='ocrx_word' id='word_1_211' title='bbox 331 2389 385 2431; x_wconf 77' lang='grc'>45.</span> <span class='ocrx_word' id='word_1_212' title='bbox 401 2405 445 2411; x_wconf 94' lang='grc'>-</span> <span class='ocrx_word' id='word_1_213' title='bbox 459 2387 615 2420; x_wconf 76' lang='lat' dir='ltr'>Deducit.</span> <span class='ocrx_word' id='word_1_214' title='bbox 640 2383 746 2418; x_wconf 88' lang='lat' dir='ltr'>Multi</span> <span class='ocrx_word' id='word_1_215' title='bbox 770 2383 876 2418; x_wconf 87' lang='lat' dir='ltr'>MSS.</span> <span class='ocrx_word' id='word_1_216' title='bbox 903 2385 1003 2418; x_wconf 72' lang='lat' dir='ltr'>dz&#39;du-</span> 
     </span>
     <span class='ocr_line' id='line_1_38' title="bbox 326 2434 1004 2482; baseline -0.007 -9"><span class='ocrx_word' id='word_1_217' title='bbox 326 2442 392 2478; x_wconf 81' lang='lat' dir='ltr'>cit,</span> <span class='ocrx_word' id='word_1_218' title='bbox 415 2436 509 2482; x_wconf 87' lang='lat' dir='ltr'>quod</span> <span class='ocrx_word' id='word_1_219' title='bbox 521 2444 555 2471; x_wconf 89' lang='lat' dir='ltr'>et</span> <span class='ocrx_word' id='word_1_220' title='bbox 571 2435 733 2470; x_wconf 85' lang='lat' dir='ltr'>Glareau.</span> <span class='ocrx_word' id='word_1_221' title='bbox 749 2436 864 2470; x_wconf 87' lang='lat' dir='ltr'>suasit.</span> <span class='ocrx_word' id='word_1_222' title='bbox 875 2453 918 2461; x_wconf 84' lang='lat'>—-</span> <span class='ocrx_word' id='word_1_223' title='bbox 930 2434 1004 2469; x_wconf 92' lang='lat' dir='ltr'>Co—</span> 
     </span>
     <span class='ocr_line' id='line_1_39' title="bbox 329 2487 1001 2536; baseline -0.004 -11"><span class='ocrx_word' id='word_1_224' title='bbox 329 2491 394 2526; x_wconf 80' lang='lat' dir='ltr'>dex</span> <span class='ocrx_word' id='word_1_225' title='bbox 409 2490 538 2536; x_wconf 86' lang='lat' dir='ltr'>Regius</span> <span class='ocrx_word' id='word_1_226' title='bbox 556 2490 589 2523; x_wconf 84' lang='lat' dir='ltr'>A</span> <span class='ocrx_word' id='word_1_227' title='bbox 607 2515 618 2532; x_wconf 84' lang='lat'>,</span> <span class='ocrx_word' id='word_1_228' title='bbox 641 2490 787 2531; x_wconf 82' lang='lat' dir='ltr'>diducit‚·</span> <span class='ocrx_word' id='word_1_229' title='bbox 808 2487 928 2523; x_wconf 89' lang='lat' dir='ltr'>Codex</span> <span class='ocrx_word' id='word_1_230' title='bbox 947 2489 977 2523; x_wconf 93' lang='grc' dir='ltr'>Β</span> <span class='ocrx_word' id='word_1_231' title='bbox 991 2514 1001 2532; x_wconf 83' lang='grc'>,</span> 
     </span>
     <span class='ocr_line' id='line_1_40' title="bbox 329 2543 477 2577; baseline -0.014 0"><span class='ocrx_word' id='word_1_232' title='bbox 329 2543 477 2577; x_wconf 81' lang='lat' dir='ltr'>deducit.</span> 
     </span>
    </p>

    <p class='ocr_par' dir='ltr' id='par_1_17' title="bbox 291 2593 1004 2794">
     <span class='ocr_line' id='line_1_41' title="bbox 371 2593 1004 2638; baseline -0.003 -9"><span class='ocrx_word' id='word_1_233' title='bbox 371 2595 444 2638; x_wconf 76' lang='lat'>234.</span> <span class='ocrx_word' id='word_1_234' title='bbox 462 2597 569 2629; x_wconf 75' lang='lat' dir='ltr'>Frc‘na</span> <span class='ocrx_word' id='word_1_235' title='bbox 577 2596 683 2628; x_wconf 80' lang='lat' dir='ltr'>dabat</span> <span class='ocrx_word' id='word_1_236' title='bbox 693 2621 700 2634; x_wconf 88' lang='lat'>,</span> <span class='ocrx_word' id='word_1_237' title='bbox 719 2606 738 2628; x_wconf 93' lang='lat' dir='ltr'>e</span> <span class='ocrx_word' id='word_1_238' title='bbox 754 2606 855 2627; x_wconf 88' lang='lat' dir='ltr'>versu</span> <span class='ocrx_word' id='word_1_239' title='bbox 870 2593 930 2627; x_wconf 82' lang='lat'>231</span> <span class='ocrx_word' id='word_1_240' title='bbox 950 2600 1004 2628; x_wconf 86' lang='lat' dir='ltr'>te—</span> 
     </span>
     <span class='ocr_line' id='line_1_42' title="bbox 291 2644 1004 2690; baseline 0 -12"><span class='ocrx_word' id='word_1_241' title='bbox 291 2658 293 2661; x_wconf 91' lang='lat'>·</span> <span class='ocrx_word' id='word_1_242' title='bbox 331 2657 428 2679; x_wconf 88' lang='lat' dir='ltr'>mere</span> <span class='ocrx_word' id='word_1_243' title='bbox 447 2646 658 2690; x_wconf 84' lang='lat' dir='ltr'>repetitum:</span> <span class='ocrx_word' id='word_1_244' title='bbox 676 2646 765 2680; x_wconf 87' lang='lat' dir='ltr'>sorte</span> <span class='ocrx_word' id='word_1_245' title='bbox 782 2651 919 2690; x_wconf 88' lang='lat' dir='ltr'>praestat</span> <span class='ocrx_word' id='word_1_246' title='bbox 934 2644 1004 2679; x_wconf 89' lang='lat' dir='ltr'>lec—</span> 
     </span>
     <span class='ocr_line' id='line_1_43' title="bbox 327 2696 1004 2742; baseline 0 -12"><span class='ocrx_word' id='word_1_247' title='bbox 327 2697 377 2731; x_wconf 88' lang='lat' dir='ltr'>tio</span> <span class='ocrx_word' id='word_1_248' title='bbox 408 2697 542 2742; x_wconf 82' lang='lat' dir='ltr'>vulgata</span> <span class='ocrx_word' id='word_1_249' title='bbox 561 2723 570 2739; x_wconf 91' lang='lat'>,</span> <span class='ocrx_word' id='word_1_250' title='bbox 605 2696 705 2739; x_wconf 71' lang='lat' dir='ltr'>frena</span> <span class='ocrx_word' id='word_1_251' title='bbox 734 2702 842 2730; x_wconf 83' lang='lat' dir='ltr'>tamen</span> <span class='ocrx_word' id='word_1_252' title='bbox 873 2699 1004 2730; x_wconf 83' lang='lat' dir='ltr'>dantem</span> 
     </span>
     <span class='ocr_line' id='line_1_44' title="bbox 333 2748 1003 2794; baseline 0 -12"><span class='ocrx_word' id='word_1_253' title='bbox 333 2750 466 2794; x_wconf 83' lang='lat' dir='ltr'>(quam</span> <span class='ocrx_word' id='word_1_254' title='bbox 494 2748 624 2784; x_wconf 84' lang='lat' dir='ltr'>habent</span> <span class='ocrx_word' id='word_1_255' title='bbox 663 2748 765 2793; x_wconf 77' lang='lat' dir='ltr'>Regii.</span> <span class='ocrx_word' id='word_1_256' title='bbox 793 2748 944 2792; x_wconf 89' lang='lat' dir='ltr'>nostri).</span> <span class='ocrx_word' id='word_1_257' title='bbox 960 2766 1003 2774; x_wconf 87' lang='lat'>-—</span> 
     </span>
    </p>
   </div>
   <div class='ocr_carea' id='block_1_14' title="bbox 1058 1559 1743 2795">
    <p class='ocr_par' dir='ltr' id='par_1_18' title="bbox 1063 1559 1734 1652">
     <span class='ocr_line' id='line_1_45' title="bbox 1063 1559 1734 1604; baseline 0.003 -11"><span class='ocrx_word' id='word_1_258' title='bbox 1063 1561 1141 1593; x_wconf 86' lang='lat' dir='ltr'>Non</span> <span class='ocrx_word' id='word_1_259' title='bbox 1152 1561 1304 1594; x_wconf 67' lang='lat' dir='ltr'>evitabile</span> <span class='ocrx_word' id='word_1_260' title='bbox 1315 1586 1324 1599; x_wconf 88' lang='lat'>‚</span> <span class='ocrx_word' id='word_1_261' title='bbox 1343 1559 1540 1594; x_wconf 80' lang='lat' dir='ltr'>inevitabile</span> <span class='ocrx_word' id='word_1_262' title='bbox 1550 1585 1560 1604; x_wconf 89' lang='lat'>,</span> <span class='ocrx_word' id='word_1_263' title='bbox 1577 1566 1618 1594; x_wconf 80' lang='lat' dir='ltr'>ut</span> <span class='ocrx_word' id='word_1_264' title='bbox 1631 1573 1734 1596; x_wconf 81' lang='lat' dir='ltr'>versu</span> 
     </span>
     <span class='ocr_line' id='line_1_46' title="bbox 1064 1611 1551 1652; baseline 0.004 -9"><span class='ocrx_word' id='word_1_265' title='bbox 1064 1611 1105 1652; x_wconf 81' lang='grc'>45</span> <span class='ocrx_word' id='word_1_266' title='bbox 1118 1634 1128 1652; x_wconf 90' lang='grc'><strong>,</strong></span> <span class='ocrx_word' id='word_1_267' title='bbox 1148 1623 1214 1644; x_wconf 82' lang='lat' dir='ltr'>non</span> <span class='ocrx_word' id='word_1_268' title='bbox 1230 1613 1357 1650; x_wconf 79' lang='lat' dir='ltr'>territa,</span> <span class='ocrx_word' id='word_1_269' title='bbox 1381 1611 1551 1646; x_wconf 88' lang='lat' dir='ltr'>interrita.</span> 
     </span>
    </p>

    <p class='ocr_par' dir='ltr' id='par_1_19' title="bbox 1058 1660 1743 2636">
     <span class='ocr_line' id='line_1_47' title="bbox 1104 1660 1735 1709; baseline 0.01 -16"><span class='ocrx_word' id='word_1_270' title='bbox 1104 1660 1180 1704; x_wconf 84' lang='lat'>237.</span> <span class='ocrx_word' id='word_1_271' title='bbox 1208 1662 1276 1694; x_wconf 78' lang='lat' dir='ltr'>Per</span> <span class='ocrx_word' id='word_1_272' title='bbox 1306 1664 1403 1695; x_wconf 81' lang='lat' dir='ltr'><em>colla.</em></span> <span class='ocrx_word' id='word_1_273' title='bbox 1434 1662 1532 1697; x_wconf 87' lang='lat' dir='ltr'>Olim</span> <span class='ocrx_word' id='word_1_274' title='bbox 1552 1663 1735 1709; x_wconf 73' lang='lat' dir='ltr'>legebatur</span> 
     </span>
     <span class='ocr_line' id='line_1_48' title="bbox 1058 1713 1735 1759; baseline 0.007 -14"><span class='ocrx_word' id='word_1_275' title='bbox 1058 1724 1122 1755; x_wconf 82' lang='lat' dir='ltr'>per</span> <span class='ocrx_word' id='word_1_276' title='bbox 1147 1724 1243 1746; x_wconf 84' lang='lat' dir='ltr'>crura</span> <span class='ocrx_word' id='word_1_277' title='bbox 1263 1714 1432 1754; x_wconf 81' lang='lat' dir='ltr'>admissa,</span> <span class='ocrx_word' id='word_1_278' title='bbox 1463 1713 1557 1758; x_wconf 87' lang='lat' dir='ltr'>quod</span> <span class='ocrx_word' id='word_1_279' title='bbox 1588 1715 1735 1759; x_wconf 82' lang='lat' dir='ltr'>pessime</span> 
     </span>
     <span class='ocr_line' id='line_1_49' title="bbox 1063 1763 1734 1811; baseline 0.007 -15"><span class='ocrx_word' id='word_1_280' title='bbox 1063 1763 1383 1808; x_wconf 83' lang='lat' dir='ltr'>interpretabantur</span> <span class='ocrx_word' id='word_1_281' title='bbox 1402 1776 1475 1809; x_wconf 73' lang='lat' dir='ltr'>vper</span> <span class='ocrx_word' id='word_1_282' title='bbox 1493 1778 1594 1799; x_wconf 85' lang='lat' dir='ltr'>crura</span> <span class='ocrx_word' id='word_1_283' title='bbox 1610 1767 1734 1811; x_wconf 86' lang='lat' dir='ltr'>equitis</span> 
     </span>
     <span class='ocr_line' id='line_1_50' title="bbox 1064 1813 1734 1862; baseline 0.007 -15"><span class='ocrx_word' id='word_1_284' title='bbox 1064 1813 1204 1858; x_wconf 78' lang='lat' dir='ltr'>juncta3</span> <span class='ocrx_word' id='word_1_285' title='bbox 1221 1814 1358 1859; x_wconf 89' lang='lat' dir='ltr'>aliquan</span> <span class='ocrx_word' id='word_1_286' title='bbox 1376 1815 1544 1860; x_wconf 81' lang='lat' dir='ltr'>omelius,</span> <span class='ocrx_word' id='word_1_287' title='bbox 1561 1830 1623 1862; x_wconf 88' lang='lat' dir='ltr'>per</span> <span class='ocrx_word' id='word_1_288' title='bbox 1633 1830 1734 1852; x_wconf 84' lang='lat' dir='ltr'>crura</span> 
     </span>
     <span class='ocr_line' id='line_1_51' title="bbox 1065 1865 1733 1910; baseline 0.009 -12"><span class='ocrx_word' id='word_1_289' title='bbox 1065 1866 1145 1910; x_wconf 82' lang='lat' dir='ltr'>equi</span> <span class='ocrx_word' id='word_1_290' title='bbox 1155 1865 1198 1899; x_wconf 92' lang='lat' dir='ltr'>ad</span> <span class='ocrx_word' id='word_1_291' title='bbox 1209 1879 1352 1901; x_wconf 88' lang='lat' dir='ltr'>cursum</span> <span class='ocrx_word' id='word_1_292' title='bbox 1360 1867 1501 1903; x_wconf 83' lang='lat' dir='ltr'>incitati.</span> <span class='ocrx_word' id='word_1_293' title='bbox 1510 1869 1604 1904; x_wconf 89' lang='lat' dir='ltr'>Male</span> <span class='ocrx_word' id='word_1_294' title='bbox 1614 1876 1733 1904; x_wconf 83' lang='lat' dir='ltr'>tamen</span> 
     </span>
     <span class='ocr_line' id='line_1_52' title="bbox 1065 1919 1734 1968; baseline 0.009 -17"><span class='ocrx_word' id='word_1_295' title='bbox 1065 1930 1161 1951; x_wconf 88' lang='lat' dir='ltr'>crura</span> <span class='ocrx_word' id='word_1_296' title='bbox 1172 1925 1206 1952; x_wconf 91' lang='lat' dir='ltr'>et</span> <span class='ocrx_word' id='word_1_297' title='bbox 1212 1919 1307 1962; x_wconf 83' lang='lat' dir='ltr'>J‘uboe</span> <span class='ocrx_word' id='word_1_298' title='bbox 1318 1919 1366 1954; x_wconf 88' lang='lat' dir='ltr'>sic</span> <span class='ocrx_word' id='word_1_299' title='bbox 1377 1920 1622 1968; x_wconf 76' lang='lat' dir='ltr'>jungebantur.</span> <span class='ocrx_word' id='word_1_300' title='bbox 1636 1922 1734 1957; x_wconf 88' lang='lat' dir='ltr'>Bene</span> 
     </span>
     <span class='ocr_line' id='line_1_53' title="bbox 1065 1970 1735 2021; baseline 0.01 -17"><span class='ocrx_word' id='word_1_301' title='bbox 1065 1970 1171 2016; x_wconf 86' lang='lat' dir='ltr'>igitur</span> <span class='ocrx_word' id='word_1_302' title='bbox 1179 1971 1258 2006; x_wconf 84' lang='lat' dir='ltr'>feeit</span> <span class='ocrx_word' id='word_1_303' title='bbox 1269 1972 1434 2008; x_wconf 84' lang='lat' dir='ltr'>Heinsius</span> <span class='ocrx_word' id='word_1_304' title='bbox 1444 2001 1452 2013; x_wconf 86' lang='lat'>,</span> <span class='ocrx_word' id='word_1_305' title='bbox 1468 1974 1562 2020; x_wconf 89' lang='lat' dir='ltr'>quod</span> <span class='ocrx_word' id='word_1_306' title='bbox 1573 1987 1592 2009; x_wconf 87' lang='lat' dir='ltr'>e</span> <span class='ocrx_word' id='word_1_307' title='bbox 1601 1983 1735 2021; x_wconf 80' lang='lat' dir='ltr'>septem</span> 
     </span>
     <span class='ocr_line' id='line_1_54' title="bbox 1066 2023 1736 2063; baseline 0.01 -7"><span class='ocrx_word' id='word_1_308' title='bbox 1066 2023 1174 2058; x_wconf 89' lang='lat' dir='ltr'>MSS.</span> <span class='ocrx_word' id='word_1_309' title='bbox 1199 2026 1289 2058; x_wconf 90' lang='lat' dir='ltr'>colla</span> <span class='ocrx_word' id='word_1_310' title='bbox 1314 2025 1474 2060; x_wconf 83' lang='lat' dir='ltr'>restituit.</span> <span class='ocrx_word' id='word_1_311' title='bbox 1501 2027 1598 2061; x_wconf 87' lang='lat' dir='ltr'><em>Colla</em></span> <span class='ocrx_word' id='word_1_312' title='bbox 1618 2035 1736 2063; x_wconf 84' lang='lat' dir='ltr'>autem</span> 
     </span>
     <span class='ocr_line' id='line_1_55' title="bbox 1065 2075 1738 2124; baseline 0.007 -16"><span class='ocrx_word' id='word_1_313' title='bbox 1065 2076 1216 2109; x_wconf 81' lang='lat' dir='ltr'>admissa</span> <span class='ocrx_word' id='word_1_314' title='bbox 1226 2088 1299 2109; x_wconf 92' lang='lat' dir='ltr'>non</span> <span class='ocrx_word' id='word_1_315' title='bbox 1315 2075 1479 2111; x_wconf 84' lang='lat' dir='ltr'>videntur</span> <span class='ocrx_word' id='word_1_316' title='bbox 1494 2090 1566 2112; x_wconf 85' lang='lat' dir='ltr'>esse</span> <span class='ocrx_word' id='word_1_317' title='bbox 1577 2104 1587 2121; x_wconf 91' lang='lat'>,</span> <span class='ocrx_word' id='word_1_318' title='bbox 1604 2078 1641 2113; x_wconf 86' lang='lat' dir='ltr'>in</span> <span class='ocrx_word' id='word_1_319' title='bbox 1658 2080 1738 2124; x_wconf 89' lang='lat' dir='ltr'>qui—</span> 
     </span>
     <span class='ocr_line' id='line_1_56' title="bbox 1065 2125 1738 2175; baseline 0.01 -17"><span class='ocrx_word' id='word_1_320' title='bbox 1065 2125 1128 2159; x_wconf 91' lang='lat' dir='ltr'>bus</span> <span class='ocrx_word' id='word_1_321' title='bbox 1154 2126 1252 2160; x_wconf 83' lang='lat' dir='ltr'>frena</span> <span class='ocrx_word' id='word_1_322' title='bbox 1281 2127 1389 2161; x_wconf 88' lang='lat' dir='ltr'>laxata</span> <span class='ocrx_word' id='word_1_323' title='bbox 1415 2135 1450 2162; x_wconf 88' lang='lat' dir='ltr'>et</span> <span class='ocrx_word' id='word_1_324' title='bbox 1479 2129 1620 2164; x_wconf 82' lang='lat' dir='ltr'>remissa</span> <span class='ocrx_word' id='word_1_325' title='bbox 1648 2143 1738 2175; x_wconf 85' lang='lat' dir='ltr'>pen-</span> 
     </span>
     <span class='ocr_line' id='line_1_57' title="bbox 1067 2176 1738 2224; baseline 0.009 -14"><span class='ocrx_word' id='word_1_326' title='bbox 1067 2176 1152 2210; x_wconf 82' lang='lat' dir='ltr'>dent</span> <span class='ocrx_word' id='word_1_327' title='bbox 1163 2202 1173 2219; x_wconf 89' lang='lat'>,</span> <span class='ocrx_word' id='word_1_328' title='bbox 1192 2176 1253 2211; x_wconf 89' lang='lat' dir='ltr'>sed</span> <span class='ocrx_word' id='word_1_329' title='bbox 1266 2178 1352 2213; x_wconf 89' lang='lat' dir='ltr'>colla</span> <span class='ocrx_word' id='word_1_330' title='bbox 1367 2179 1448 2224; x_wconf 89' lang='lat' dir='ltr'>equi</span> <span class='ocrx_word' id='word_1_331' title='bbox 1461 2178 1598 2215; x_wconf 90' lang='lat' dir='ltr'>admissi</span> <span class='ocrx_word' id='word_1_332' title='bbox 1614 2207 1624 2224; x_wconf 94' lang='lat'>‚</span> <span class='ocrx_word' id='word_1_333' title='bbox 1651 2181 1686 2215; x_wconf 82' lang='lat' dir='ltr'>h.</span> <span class='ocrx_word' id='word_1_334' title='bbox 1707 2195 1738 2216; x_wconf 88' lang='lat' dir='ltr'>e.</span> 
     </span>
     <span class='ocr_line' id='line_1_58' title="bbox 1066 2228 1738 2277; baseline 0.007 -14"><span class='ocrx_word' id='word_1_335' title='bbox 1066 2228 1109 2263; x_wconf 89' lang='lat' dir='ltr'>ad</span> <span class='ocrx_word' id='word_1_336' title='bbox 1123 2242 1263 2264; x_wconf 88' lang='lat' dir='ltr'>cursum</span> <span class='ocrx_word' id='word_1_337' title='bbox 1273 2230 1424 2274; x_wconf 82' lang='lat' dir='ltr'>incitati,</span> <span class='ocrx_word' id='word_1_338' title='bbox 1443 2244 1643 2277; x_wconf 84' lang='lat' dir='ltr'>quanquam</span> <span class='ocrx_word' id='word_1_339' title='bbox 1654 2240 1738 2268; x_wconf 84' lang='lat' dir='ltr'>tuuc</span> 
     </span>
     <span class='ocr_line' id='line_1_59' title="bbox 1067 2281 1735 2328; baseline 0.007 -14"><span class='ocrx_word' id='word_1_340' title='bbox 1067 2281 1164 2315; x_wconf 81' lang='lat' dir='ltr'>frena</span> <span class='ocrx_word' id='word_1_341' title='bbox 1188 2281 1355 2316; x_wconf 84' lang='lat' dir='ltr'>laxantur.</span> <span class='ocrx_word' id='word_1_342' title='bbox 1373 2282 1495 2317; x_wconf 81' lang='lat' dir='ltr'>Amor.</span> <span class='ocrx_word' id='word_1_343' title='bbox 1514 2284 1550 2318; x_wconf 92' lang='lat'>11</span> <span class='ocrx_word' id='word_1_344' title='bbox 1562 2310 1572 2327; x_wconf 89' lang='lat'>‚</span> <span class='ocrx_word' id='word_1_345' title='bbox 1593 2285 1650 2328; x_wconf 81' lang='lat'>16,</span> <span class='ocrx_word' id='word_1_346' title='bbox 1672 2286 1735 2319; x_wconf 88' lang='lat'>50:</span> 
     </span>
     <span class='ocr_line' id='line_1_60' title="bbox 1067 2333 1743 2377; baseline 0.009 -12"><span class='ocrx_word' id='word_1_347' title='bbox 1067 2333 1134 2366; x_wconf 83' lang='lat' dir='ltr'>Per</span> <span class='ocrx_word' id='word_1_348' title='bbox 1139 2334 1307 2367; x_wconf 85' lang='lat' dir='ltr'>admissas</span> <span class='ocrx_word' id='word_1_349' title='bbox 1310 2334 1427 2377; x_wconf 82' lang='lat' dir='ltr'>jubas.</span> <span class='ocrx_word' id='word_1_350' title='bbox 1435 2351 1479 2361; x_wconf 85' lang='lat'>·—-</span> <span class='ocrx_word' id='word_1_351' title='bbox 1493 2336 1542 2368; x_wconf 82' lang='lat' dir='ltr'>Ut</span> <span class='ocrx_word' id='word_1_352' title='bbox 1551 2340 1632 2370; x_wconf 85' lang='lat' dir='ltr'>crat.</span> <span class='ocrx_word' id='word_1_353' title='bbox 1646 2336 1743 2370; x_wconf 68' lang='lat' dir='ltr'>Vide‘</span> 
     </span>
     <span class='ocr_line' id='line_1_61' title="bbox 1068 2383 1736 2431; baseline 0.009 -14"><span class='ocrx_word' id='word_1_354' title='bbox 1068 2383 1110 2417; x_wconf 86' lang='lat' dir='ltr'>ad</span> <span class='ocrx_word' id='word_1_355' title='bbox 1123 2384 1159 2418; x_wconf 96' lang='lat' dir='ltr'>II</span> <span class='ocrx_word' id='word_1_356' title='bbox 1171 2410 1181 2428; x_wconf 91' lang='lat'>,</span> <span class='ocrx_word' id='word_1_357' title='bbox 1194 2385 1458 2429; x_wconf 80' lang='lat' dir='ltr'>272.-Pr0aus‚</span> <span class='ocrx_word' id='word_1_358' title='bbox 1474 2393 1513 2421; x_wconf 86' lang='lat' dir='ltr'>ut</span> <span class='ocrx_word' id='word_1_359' title='bbox 1527 2387 1560 2421; x_wconf 90' lang='lat' dir='ltr'>X</span> <span class='ocrx_word' id='word_1_360' title='bbox 1572 2413 1581 2430; x_wconf 90' lang='lat'>,</span> <span class='ocrx_word' id='word_1_361' title='bbox 1593 2385 1657 2422; x_wconf 71' lang='lat'>652‘</span> <span class='ocrx_word' id='word_1_362' title='bbox 1669 2414 1679 2431; x_wconf 87' lang='lat'>,</span> <span class='ocrx_word' id='word_1_363' title='bbox 1693 2388 1736 2422; x_wconf 83' lang='lat' dir='ltr'>de</span> 
     </span>
     <span class='ocr_line' id='line_1_62' title="bbox 1066 2443 1737 2482; baseline 0.01 -13"><span class='ocrx_word' id='word_1_364' title='bbox 1066 2443 1228 2471; x_wconf 87' lang='lat' dir='ltr'>currente</span> <span class='ocrx_word' id='word_1_365' title='bbox 1242 2463 1251 2480; x_wconf 89' lang='lat'>,</span> <span class='ocrx_word' id='word_1_366' title='bbox 1267 2451 1397 2473; x_wconf 84' lang='lat' dir='ltr'>carcere</span> <span class='ocrx_word' id='word_1_367' title='bbox 1411 2452 1537 2482; x_wconf 77' lang='lat' dir='ltr'>pronus</span> <span class='ocrx_word' id='word_1_368' title='bbox 1551 2445 1681 2475; x_wconf 76' lang='lat' dir='ltr'>etm&#39;cat.</span> <span class='ocrx_word' id='word_1_369' title='bbox 1694 2459 1737 2467; x_wconf 85' lang='lat'>-—</span> 
     </span>
     <span class='ocr_line' id='line_1_63' title="bbox 1073 2487 1737 2537; baseline 0.009 -15"><span class='ocrx_word' id='word_1_370' title='bbox 1073 2489 1184 2528; x_wconf 70' lang='lat' dir='ltr'>Volui,</span> <span class='ocrx_word' id='word_1_371' title='bbox 1205 2487 1248 2522; x_wconf 89' lang='lat' dir='ltr'>de</span> <span class='ocrx_word' id='word_1_372' title='bbox 1266 2501 1308 2522; x_wconf 86' lang='lat' dir='ltr'>eo</span> <span class='ocrx_word' id='word_1_373' title='bbox 1319 2515 1328 2532; x_wconf 94' lang='lat'>‚</span> <span class='ocrx_word' id='word_1_374' title='bbox 1347 2491 1405 2534; x_wconf 88' lang='lat' dir='ltr'>qui</span> <span class='ocrx_word' id='word_1_375' title='bbox 1423 2503 1572 2537; x_wconf 82' lang='lat' dir='ltr'>praeceps</span> <span class='ocrx_word' id='word_1_376' title='bbox 1582 2491 1683 2527; x_wconf 82' lang='lat' dir='ltr'>cadit.</span> <span class='ocrx_word' id='word_1_377' title='bbox 1694 2511 1737 2518; x_wconf 90' lang='lat'><em>—</em></span> 
     </span>
     <span class='ocr_line' id='line_1_64' title="bbox 1067 2540 1735 2592; baseline 0.012 -20"><span class='ocrx_word' id='word_1_378' title='bbox 1067 2540 1149 2580; x_wconf 83' lang='lat' dir='ltr'>Per,</span> <span class='ocrx_word' id='word_1_379' title='bbox 1167 2540 1271 2585; x_wconf 81' lang='lat' dir='ltr'>juxta.</span> <span class='ocrx_word' id='word_1_380' title='bbox 1283 2544 1491 2587; x_wconf 80' lang='lat' dir='ltr'>—Foedare,</span> <span class='ocrx_word' id='word_1_381' title='bbox 1513 2544 1557 2579; x_wconf 88' lang='lat' dir='ltr'>de</span> <span class='ocrx_word' id='word_1_382' title='bbox 1570 2546 1735 2592; x_wconf 83' lang='lat' dir='ltr'>sanguine</span> 
     </span>
     <span class='ocr_line' id='line_1_65' title="bbox 1066 2591 1292 2636; baseline 0.009 -11"><span class='ocrx_word' id='word_1_383' title='bbox 1066 2591 1143 2625; x_wconf 84' lang='lat' dir='ltr'>suso</span> <span class='ocrx_word' id='word_1_384' title='bbox 1157 2592 1292 2636; x_wconf 87' lang='lat' dir='ltr'>passim.</span> 
     </span>
    </p>

    <p class='ocr_par' dir='ltr' id='par_1_20' title="bbox 1068 2647 1739 2795">
     <span class='ocr_line' id='line_1_66' title="bbox 1110 2647 1736 2694; baseline 0.006 -15"><span class='ocrx_word' id='word_1_385' title='bbox 1110 2647 1186 2688; x_wconf 80' lang='lat'><strong>240.</strong></span> <span class='ocrx_word' id='word_1_386' title='bbox 1201 2647 1335 2680; x_wconf 82' lang='lat' dir='ltr'>Labori.</span> <span class='ocrx_word' id='word_1_387' title='bbox 1353 2647 1542 2693; x_wconf 85' lang='lat' dir='ltr'>Agitationi</span> <span class='ocrx_word' id='word_1_388' title='bbox 1554 2661 1736 2694; x_wconf 87' lang='lat' dir='ltr'>equorum.</span> 
     </span>
     <span class='ocr_line' id='line_1_67' title="bbox 1068 2698 1739 2743; baseline 0.004 -12"><span class='ocrx_word' id='word_1_389' title='bbox 1068 2698 1133 2732; x_wconf 87' lang='lat' dir='ltr'>Ed.</span> <span class='ocrx_word' id='word_1_390' title='bbox 1144 2715 1188 2724; x_wconf 81' lang='lat'>·—</span> <span class='ocrx_word' id='word_1_391' title='bbox 1204 2700 1420 2733; x_wconf 78' lang='lat' dir='ltr'>Transierant</span> <span class='ocrx_word' id='word_1_392' title='bbox 1426 2702 1476 2734; x_wconf 84' lang='lat' dir='ltr'>ad</span> <span class='ocrx_word' id='word_1_393' title='bbox 1482 2713 1564 2743; x_wconf 82' lang='lat' dir='ltr'>opus</span> <span class='ocrx_word' id='word_1_394' title='bbox 1574 2703 1739 2743; x_wconf 74' lang='lat' dir='ltr'>palaestrae</span> 
     </span>
     <span class='ocr_line' id='line_1_68' title="bbox 1068 2750 1736 2795; baseline 0.004 -11"><span class='ocrx_word' id='word_1_395' title='bbox 1068 2750 1211 2794; x_wconf 81' lang='lat' dir='ltr'>iuvenes</span> <span class='ocrx_word' id='word_1_396' title='bbox 1219 2776 1229 2794; x_wconf 88' lang='lat'>,</span> <span class='ocrx_word' id='word_1_397' title='bbox 1244 2751 1314 2795; x_wconf 82' lang='lat' dir='ltr'>jam</span> <span class='ocrx_word' id='word_1_398' title='bbox 1326 2751 1432 2786; x_wconf 78' lang='lat' dir='ltr'>finitis</span> <span class='ocrx_word' id='word_1_399' title='bbox 1440 2752 1736 2794; x_wconf 73' lang='lat' dir='ltr'>exercitationibus</span> 
     </span>
    </p>
   </div>
  </div>
 </body>
</html>
