1832 3100
263 281 316 325 72
625 265 678 309 P.
724 265 954 340 ovmn
988 267 1285 314 NASONIS

264 379 288 400 >›
309 358 586 422 Tempestate
610 357 695 415 fui,
723 378 808 425 qua
831 371 1006 409 centum
1030 361 1216 426 quisque
1240 361 1456 428 parabant

264 461 287 482 »
311 439 491 504 Injicere
513 440 809 507 anguipedum
833 443 1004 508 captivo
1028 442 1207 492 brachia
1225 444 1343 492 caelo.

266 544 291 565 »
312 524 423 570 Nam
436 560 448 581 ‚
465 542 715 591 quanquam
730 523 848 572 ferus
862 524 1005 573 hostis
1019 537 1129 584 erat,
1149 538 1291 575 tamen
1304 526 1415 575 illud
1429 527 1484 575 ab
1497 545 1587 574 uno
1606 539 1667 577 185

255 625 289 646 ·»
313 605 508 670 Corpore
522 643 534 663 ‚
561 617 604 653 et
627 625 678 654 ex
701 625 788 654 una
809 606 1029 672 pendebat
1053 606 1222 670 origine
1243 607 1423 656 bellum.

264 707 289 729 ³)
311 687 438 735 Nunc
460 687 590 746 mihi,
618 707 703 753 qua
726 700 869 736 totum
895 690 1068 743 Nereus,
1086 690 1376 738 circumtonat
1397 690 1550 739 orbem
1564 726 1578 749 ,

265 791 289 811 »
310 769 589 820 Perdendum
613 771 796 820 mortale
822 791 958 834 genus
985 792 994 820 t
1020 791 1099 841 per
1118 773 1296 821 flumina
1315 774 1416 839 juro

266 872 289 893 ³)
312 852 478 911 Infera‚
500 853 583 901 sub
610 865 744 901 terras
769 854 923 920 Stygio
950 854 1144 904 labentia
1164 854 1287 914 luco,

260 999 348 1034 laesae
370 1000 558 1044 majestatis
583 1000 718 1035 divinae.
744 1001 797 1036 Ut
819 1010 936 1037 antem

258 1051 316 1085 ille
326 1058 470 1085 conatus
478 1052 605 1096 justam
616 1053 828 1089 ministraret
837 1066 936 1089 men-

260 1115 379 1137 suram
392 1128 401 1146 ,
420 1103 624 1148 gravissimis
641 1117 724 1138 eum
740 1105 852 1140 verbis
867 1106 936 1140 de—

262 1155 389 1188 scribit.
418 1171 461 1179 ·-
483 1155 635 1189 Anxium
654 1155 751 1189 illum
781 1156 939 1191 animum'

262 1212 517 1239 commemorat
534 1207 638 1240 etiam
655 1207 743 1241 Hor.
762 1207 817 1241 III
831 1233 840 1250 ,
868 1206 938 1242 Od.

263 1267 315 1299 1v,
327 1257 369 1302 49
379 1269 386 1290 z
396 1263 510 1290 turma
520 1256 710 1302 Gigantum
721 1271 873 1302 magnum
880 1263 939 1292 ter-

261 1321 364 1341 rorem
377 1311 536 1342 intulerat
546 1336 554 1350 ,
562 1312 678 1354 fidens
691 1307 844 1344 brachiis.
862 1311 939 1344 Ita-

264 1372 331 1404 que
349 1367 383 1393 et
401 1359 457 1393 hic.
479 1361 629 1395 formula
647 1364 784 1396 brachia
804 1362 942 1406 injicere

262 1424 344 1445 cum
355 1411 490 1445 delectu
499 1412 660 1447 adhibita.

312 1463 382 1497 183.
393 1482 437 1489 —
451 1466 526 1507 Qua
541 1470 700 1500 centum...
720 1461 860 1499 brachia*
875 1472 939 1499 etc.

266 1514 422 1550 Centum
446 1528 577 1550 manus.
605 1516 712 1551 Unde
737 1524 772 1552 et
788 1518 940 1562 gigantes

264 1570 473 1601 cenlt'mania
484 1575 625 1601 centum
642 1568 803 1602 manibus
818 1578 940 1602 vocan-

262 1625 333 1653 tur.
351 1618 516 1652 Alludere
542 1626 658 1653 autem
678 1627 779 1664 poeta
803 1619 943 1654 videtur

267 1669 309 1704 ad
322 1670 507 1705 Briareum
519 1670 693 1716 gigantem
704 1678 738 1705 et
752 1671 896 1705 Cottum
908 1678 943 1705 et

265 1719 391 1768 Gygen
403 1722 491 1756 illius
502 1723 622 1757 fratres
633 1749 641 1766 ,
654 1735 738 1768 quos
751 1723 893 1757 Hesiod.
905 1723 942 1756 in

267 1773 473 1819 Theogonia
490 1774 642 1819 singulos
658 1781 801 1808 centum
819 1787 942 1809 manus

263 1824 422 1860 habuisse
452 1826 508 1860 ait.
541 1828 605 1859 Ed.
633 1844 678 1853 —
701 1827 939 1869 Angut‘pedes',

267 1880 504 1926 δρακοντόποδες.
515 1877 620 1911 Trist.
634 1872 700 1921 lV,
714 1888 768 1910 vn
777 1903 787 1920 ,
804 1890 816 1911 1
825 1891 852 1922 7,
864 1891 942 1911 ser-

258 1930 464 1972 penlipedes.
478 1947 522 1953 —
537 1930 675 1972 Captiva
686 1954 694 1968 ‚
713 1927 807 1972 quod
820 1940 943 1973 capere

261 1980 498 2014 conabantur:
516 1980 566 2014 IX
578 2006 588 2023 ‚
604 1980 664 2014 133
675 2006 683 2022 ,
701 1984 800 2023 mpla
811 2006 820 2020 ,
837 1992 943 2024 quam

266 2031 395 2067 Nessus
409 2045 528 2076 rapere
545 2033 686 2076 parabat
700 2045 707 2066 :
726 2032 815 2066 XIII
829 2058 838 2075 ‚
858 2032 921 2066 226
932 2059 941 2076 ,

263 2090 365 2128 capla
389 2086 512 2128 ija:
529 2084 650 2119 Claud.
672 2086 730 2128 28,
758 2085 838 2128 243,
862 2097 945 2129 cap-

264 2140 335 2171 tiva
349 2141 510 2181 pignora,
539 2137 637 2170 liberi
660 2137 782 2172 inclusi
805 2145 840 2172 et
861 2151 943 2172 mox

264 2191 405 2224 venturi
422 2191 457 2224 in
477 2190 629 2224 hostium
646 2196 863 2234 potestatem.
880 2191 943 2224 In—

266 2241 349 2287 cipit
364 2245 472 2285 magis
487 2245 611 2275 anxius
621 2267 631 2282 ,
659 2241 755 2285 sequi
773 2240 918 2275 debehat
931 2267 940 2284 ,

266 2308 365 2340 quam
388 2306 501 2335 nunc5
526 2294 584 2328 sed
604 2294 669 2327 hoc
688 2293 793 2327 iratus
817 2293 943 2327 omisit.

315 2347 387 2380 185.
411 2349 514 2381 Feras
528 2348 644 2380 hostis.
667 2338 772 2395 Ᾱγρισι
788 2351 856 2379 5εοὶ
874 2357 943 2378 vo—

267 2406 392 2433 cantur
409 2400 562 2445 gigantes
575 2412 582 2432 :
590 2397 666 2441 seri
672 2401 839 2442 gigantes,
859 2397 943 2432 Sen.

269 2451 389 2496 OEdip.
404 2464 457 2498 9⁰·
471 2470 514 2477 ·—
530 2452 586 2485 Ab
606 2463 670 2484 uno
690 2463 829 2493 corpore.
845 2449 944 2484 'Erat

266 2515 337 2536 una
351 2503 473 2537 cohors
487 2529 497 2546 ‚
514 2515 589 2547 quae
605 2502 801 2548 conjunctis
813 2502 941 2536 viribus

268 2553 411 2598 Superis
427 2555 557 2588 bellum
572 2554 754 2588 inserebat.

314 2605 384 2648 187.
398 2606 631 2639 Circumlonal.
646 2605 793 2639 Plurimi
804 2608 943 2639 circum-

270 2662 372 2691 sonat
382 2668 393 2697 ,·
421 2657 516 2701 quod
534 2664 568 2691 et
584 2659 698 2702 ipsum
715 2657 757 2691 de
777 2657 864 2691 mari
883 2657 943 2690 di-

267 2708 377 2743 citur:
391 2708 485 2742 Leid.
507 2709 610 2742 Palat.
629 2710 762 2743 Bersm.
774 2735 782 2751 ‚
801 2720 945 2743 oceanus

268 2761 464 2804 circumfluit
473 2773 513 2794 ex
524 2760 642 2805 glossa.
651 2777 695 2787 —-
708 2761 814 2803 Qua...
826 2763 944 2795 orbem.

1003 1001 1123 1046 Quam
1139 1001 1205 1036 late
1221 1001 1384 1036 Oceanus
1398 1008 1528 1036 terram
1543 999 1651 1036 ambit
1661 1025 1673 1043 ,

1003 1066 1108 1098 quam
1127 1053 1192 1088 late
1208 1060 1299 1088 terra
1317 1060 1430 1098 patet:
1447 1053 1488 1087 cs.
1505 1050 1677 1098 Heroidgl.

1002 1105 1068 1148 IX,
1085 1106 1123 1148 14
1136 1118 1143 1146 ;
1157 1105 1247 1139 Fast.
1262 1106 1307 1148 V,
1319 1105 1424 1139 85.—
1433 1105 1567 1143 Nereus,
1578 1102 1677 1137 Deus

1001 1154 1169 1198 marinus,
1178 1168 1268 1203 unus
1279 1168 1319 1189 ex
1330 1154 1590 1199 antiquissimis:
1600 1153 1676 1188 He-

1003 1205 1085 1241 siod.
1097 1206 1230 1252 Theog.
1242 1206 1316 1240 233.
1331 1208 1574 1241 Circumlonare
1581 1204 1672 1240 bene

1008 1257 1051 1292 de
1063 1258 1208 1303 strepitu
1218 1258 1405 1299 undarum;
1417 1270 1514 1291 mare
1523 1257 1619 1292 enim
1625 1262 1676 1291 est

1005 1313 1223 1355 πολύᾳὶοισέον.
1238 1309 1290 1344 Ut
1306 1310 1339 1344 h.
1354 1309 1376 1344 l.
1392 1311 1517 1344 Nereus
1528 1311 1676 1343 circum-

1003 1367 1125 1396 tonans
1139 1388 1148 1405 ,
1164 1362 1211 1396 sic
1229 1361 1371 1396 Hesiod.
1389 1360 1571 1406 Theogon.
1587 1360 1646 1403 441
1665 1385 1675 1404 ‚

1006 1415 1155 1463 z’pz'xrmrog
1178 1414 1381 1459 Neptunum
1402 1419 1438 1447 et
1457 1425 1508 1457 ap.
1527 1411 1675 1445 Homer.

1004 1464 1039 1498 h.
1057 1465 1149 1498 Mer.
1170 1466 1227 1510 187
1241 1491 1250 1507 ,
1270 1465 1453 1509 Neptunus
1475 1463 1677 1513 z'paeoefoipoeyog.

1054 1530 1065 1550 ι
1072 1518 1122 1550 88.
1132 1517 1256 1551 Unum
1267 1517 1374 1563 Styga
1381 1515 1679 1560 circumloquitur.

1006 1569 1172 1602 labentia
1202 1567 1285 1602 dixit
1297 1594 1306 1610 ,
1334 1568 1413 1612 quia
1432 1570 1506 1601 labi
1522 1567 1679 1601 solemne

1007 1619 1049 1653 de
1072 1619 1204 1659 fluviis,
1232 1631 1434 1664 quanquam
1455 1631 1508 1664 pr.
1528 1618 1678 1652 celerem

1007 1683 1131 1705 eorum
1142 1671 1326 1705 decursum
1336 1670 1496 1716 exprimit
1507 1679 1518 1712 ,’
1530 1669 1589 1714 qui
1604 1681 1678 1702 non

1007 1723 1171 1757 convenit
1180 1722 1278 1769 Stygi
1288 1749 1296 1761 ‚
1314 1723 1419 1768 pigrae
1429 1719 1556 1767 paludi.
1565 1721 1681 1755 -Sub

1007 1779 1122 1808 terras.
1148 1775 1252 1808 Forte
1269 1777 1330 1808 sub
1345 1777 1440 1808 terris
1457 1786 1467 1807 .’
1483 1772 1561 1807 vide
1578 1773 1680 1806 Varr.

1007 1825 1084 1860 lect.
1097 1844 1142 1851 —-
1155 1828 1402 1871 Immcdzkabtle
1410 1832 1474 1859 etc.
1489 1824 1582 1859 Talis
1592 1836 1682 1858 sen—

1007 1878 1116 1911 tentia
1130 1876 1410 1923 vim‚argumenti
1421 1876 1535 1910 habet.
1545 1895 1589 1901 —
1603 1877 1684 1910 Vul-

1007 1943 1079 1971 nus,
1094 1931 1292 1964 membrum
1306 1929 1447 1963 vulnere
1458 1927 1678 1963 morbidum:

1008 1982 1096 2024 XV,
1118 1982 1160 2029 93
1174 2008 1182 2024 ‚
1204 1984 1341 2016 vulnera
1361 1982 1532 2023 mandere,
1560 1991 1681 2015 carnes

1006 2034 1195 2067 bestiarum
1210 2033 1481 2067 vulneratarum.
1495 2049 1540 2057 —-
1554 2033 1677 2072 Ensis,

1007 2086 1141 2119 serrum
1153 2085 1382 2120 medicorum.
1394 2083 1510 2118 Grave
1525 2082 1593 2117 hoc
1606 2095 1683 2117 voc.

1007 2136 1059 2170 ira
1073 2136 1311 2182 suppeditavit.
1339 2135 1456 2170 Etiam
1474 2134 1581 2169 Rutil.
1601 2134 1682 2168 ltin.

1010 2189 1044 2231 Ι,
1063 2189 1122 2222 311
1139 2215 1148 2232 ,
1169 2188 1272 2231 dixit,
1290 2194 1435 2222 notante
1459 2187 1582 2224 Burm.
1605 2198 1683 2220 ense

1007 2242 1150 2275 recidere
1158 2242 1291 2273 malum.
1300 2257 1345 2265 —
1352 2239 1488 2272 Sincera
1498 2265 1506 2277 ,
1524 2238 1660 2283 integra
1668 2262 1680 2280 ‚

1008 2299 1047 2326 ut
1057 2292 1141 2335 XII,
1152 2305 1195 2338 99
1211 2306 1219 2333 ;
1235 2297 1356 2325 contra
1366 2290 1462 2335 Virg.
1473 2289 1601 2334 Georg.
1614 2289 1679 2328 lv,

1009 2345 1072 2387 284
1089 2370 1098 2387 ‚
1131 2356 1228 2377 cruor
1253 2346 1437 2376 insincerus
1454 2368 1463 2380 ‚
1494 2347 1677 2385 corruptus

1007 2395 1203 2440 putredine.
1218 2395 1357 2438 Integra
1372 2399 1490 2426 autem
1504 2404 1582 2437 pars
1598 2399 1682 2427 sunt

1009 2447 1123 2481 Fauni
1138 2453 1174 2481 et
1194 2445 1326 2489 reliqua
1342 2445 1489 2479 numina
1504 2445 1540 2478 in
1562 2444 1681 2485 terrim

1007 2500 1204 2533 humanum
1223 2498 1319 2532 enim
1342 2510 1451 2543 genus
1473 2509 1579 2531 omne
1602 2509 1684 2542 per-

1008 2551 1165 2586 dendum
1180 2557 1262 2586 erat.
1278 2568 1321 2576 ·—
1338 2551 1511 2590 Trahatur,
1530 2561 1549 2583 a
1564 2547 1682 2583 vitiam

1008 2611 1105 2649 parte
1123 2602 1297 2636 inficiatur
1319 2615 1328 2636 ι
1347 2602 1406 2644 11,
1425 2601 1498 2636 826.

1055 2656 1125 2702 189.
1144 2656 1209 2689 Sub
1225 2659 1339 2688 terras.
1359 2653 1457 2687 Leid.
1474 2659 1510 2686 et
1527 2651 1683 2686 Gronov.

1007 2709 1068 2741 sub
1079 2710 1185 2742 terris.
1199 2706 1346 2752 Argent.
1359 2711 1395 2742 et
1409 2704 1494 2740 alter
1506 2701 1602 2739 Leid.
1618 2702 1682 2736 sub

1009 2764 1106 2795 terra.
