1832 3100
313 216 400 271 450

683 216 735 258 P.
775 216 1009 261 ov1D11
1038 206 1335 262 NASONIS

315 310 504 358 Oravere
527 327 631 358 suos
652 309 714 357 ire
735 308 790 358 'ad
814 308 968 358 solatia
987 329 1110 373 reges
1125 348 1137 367 ‚

313 388 567 452 Argosque,
593 397 636 433 et
659 385 840 452 Sparte,
865 385 1235 452 Pelopeiadesque
1257 388 1453 454 Mycenae
1470 426 1482 446 ‚

314 465 373 511 Et
394 463 594 512 nondum
614 474 747 512 torvae
769 463 966 531 Calydon
989 464 1127 512 invisa
1149 464 1325 522 Dianae,

1653 479 1717 526 415

314 540 708 607 Orchomenosque
732 540 873 598 ferax,
899 552 943 589 et
964 539 1128 590 nobilis
1151 560 1234 590 aere
1257 542 1497 591 Corinthos
1511 579 1523 600 ,

313 619 601 685 Messeneque
624 619 745 666 ferox
762 655 774 676 ,
802 619 1029 683 Patraeque
1044 654 1056 674 ‚
1080 616 1358 683 humilesque
1381 618 1555 668 Cleonae
1569 655 1580 677 ,

306 756 462 778 sororem
487 742 695 787 advexisset,
720 743 876 789 primum
901 756 979 778 eam

305 796 420 840 vitiat,
437 808 538 838 mox,
555 809 600 831 ne
614 803 714 841 turpe
725 795 896 840 flagitium
913 795 980 830 elo-

307 848 365 892 qui
376 855 500 892 posset‚
513 848 667 893 linguam
676 847 707 881 ei
717 854 858 882 exsecat.
871 848 979 882 Proc-

305 913 349 934 ne
362 926 370 943 ,
388 913 425 933 re
437 899 572 944 cognita
584 925 593 942 ,
607 898 702 933 addit
711 899 830 933 sceleri
846 899 953 934 scelus
967 914 977 942 ;

306 952 387 999 Ityn
413 952 508 986 enim
531 951 643 985 filium
664 951 887 986 intersectum
909 965 977 997 ap-

305 1005 405 1050 ponit
421 1004 546 1038 Tereo.
569 1004 603 1038 Is
618 1015 728 1048 quum
741 1003 928 1050 coniugem
943 1011 978 1039 et

305 1069 462 1091 sororem
478 1062 762 1101 persequeretur,
781 1055 837 1089 illa
855 1063 978 1090 muta-

306 1115 364 1142 tur
378 1108 415 1142 in
431 1106 659 1142 hirundinem
676 1133 685 1149 ,
718 1107 792 1142 haec
813 1107 849 1141 in
866 1107 976 1142 lusci-

304 1160 400 1194 niam
416 1186 425 1203 ,
451 1160 522 1205 ipse
550 1159 586 1193 in
614 1172 778 1204 upupam.
809 1160 975 1193 Fabulam

305 1215 538 1246 tractaverant
557 1210 711 1258 AEschyl.
727 1218 762 1245 et
780 1211 978 1257 Sophocles.

306 1263 456 1308 Respicit
470 1276 548 1297 eam
568 1263 673 1297 etiam
689 1261 863 1297 Hesiodus
875 1289 884 1306 ‚
905 1258 977 1309 ἑργ.

304 1316 379 1349 568.
397 1314 532 1349 Confer
549 1315 697 1349 Pausan.
723 1314 826 1349 Attic.
846 1328 879 1359 p.
911 1315 949 1349 13
966 1340 975 1358 ,

308 1380 392 1410 100;
421 1367 527 1402 Phoc.
546 1381 579 1413 p.
601 1369 688 1411 8073
711 1366 871 1412 Apollod.
893 1367 949 1402 ΙΙΙ
965 1393 975 1411 ,

302 1430 387 1464 xw,
411 1420 453 1460 8;
481 1418 639 1453 Eustath.
665 1418 708 1453 ad
735 1418 805 1455 od.
830 1432 863 1464 p.
889 1431 976 1466 7¹⁴⁰&

303 1470 419 1504 Tzetz.
438 1469 530 1504 Chii.
546 1470 619 1504 VII
632 1496 641 1514 ,
664 1471 722 1513 142
736 1484 751 1511 ;;
762 1470 893 1516 Hygin.
910 1470 976 1505 fab.

301 1524 353 1564 45.
378 1522 567 1556 Diversum
583 1522 748 1568 mythum
764 1522 801 1556 in
818 1523 915 1557 suavi
929 1523 982 1557 si-=

302 1572 500 1606 militudine
515 1580 687 1608 memorat
702 1572 974 1616 Homerus,-Od.

302 1624 348 1668 T,
367 1626 430 1659 518
442 1650 451 1667 ,
470 1624 528 1658 ubi
547 1623 805 1659 Pandarei-filia
820 1624 856 1657 in
873 1624 977 1658 l'usci-

300 1677 396 1710 niam
421 1682 555 1710 mutata
576 1675 671 1720 luget
691 1675 822 1722 Itylum
838 1675 949 1709 filium
963 1700 980 1718 ‚.

301 1740 406 1773 quem
422 1727 626 1773 imprudens
645 1738 711 1762 aere
730 1727 912 1762 interfecit.
931 1728 974 1761 In

301 1781 364 1815 alia
376 1780 526 1814 discessit
536 1779 641 1813 etiam
654 1780 770 1813 Boeus
784 1778 878 1823 apud
896 1778 975 1813 An-

303 1840 375 1867 ton.
388 1831 463 1865 Lib.
477 1843 549 1875 cap.
570 1843 583 1863 1
592 1843 619 1863 1.
632 1830 684 1864 Ex
696 1837 816 1864 mente
825 1831 975 1864 Pausan-

300 1883 434 1918 Tereus
449 1882 521 1927 ipse
536 1888 689 1917 mortem
705 1881 770 1915 sibi
787 1881 953 1916 conscivit
963 1907 973 1924 ,

302 1935 385 1970 etin
401 1933 535 1968 tumulo
556 1934 631 1977 ejus
648 1932 760 1977 prima
775 1945 890 1978 upupa
905 1933 976 1968 visa

301 1994 362 2023 est.
382 1986 550 2020 Mulieres
566 1992 684 2020 autern
697 2011 713 2027 „
725 1996 801 2029 quae
820 1985 975 2020 Athenas

303 2039 467 2084 sugerunt
477 2063 486 2081 ,
501 2037 616 2081 ibique
630 2049 700 2082 prae
711 2036 830 2071 dolore
847 2044 976 2071 conta-

302 2092 477 2132 buerunt,
501 2089 538 2123 in
554 2088 785 2125 hirundine-m-
807 2095 843 2123 et
865 2089 975 2124 lusci-

302 2143 397 2177 niam
413 2148 555 2177 mutatae
569 2141 762 2175 creduntur
776 2167 785 2184 ,
811 2140 903 2186 quod
921 2140 976 2175 hae

301 2206 378 2227 aves
394 2199 516 2227 cantus
531 2192 742 2227 miserabiles
755 2199 789 2227 et
801 2192 974 2227 luctuosos

303 2244 423 2339 edZii‘g.
440 2295 502 2329 Ad
519 2283 662 2335 ,τοΙαΙίαρ
688 2293 815 2328 scilicet
835 2293 949 2328 danda
962 2321 971 2338 ,

302 2347 394 2382 irent
418 2345 643 2383 consolatum.
675 2345 794 2381 Simili.
827 2346 974 2380 transitu

302 2399 373 2442 jam
390 2411 470 2433 usus
489 2404 540 2432 est
552 2424 562 2441 ‚
589 2397 606 2431 I
618 2423 627 2440 ‚
648 2399 722 2443 577.
738 2397 840 2432 Tales
857 2404 973 2432 autem

301 2452 441 2486 urbium
455 2451 596 2496 catalogi
613 2450 738 2495 passim
760 2450 972 2486 inseruntur.

342 2506 416 2548 414.
447 2504 608 2550 Jlchenas
625 2510 816 2538 tenuerunt
838 2505 972 2547 Pelopis·

299 2555 439 2599 posteri,
453 2555 972 2602 Eurystheus,,Atreus,Thyes-

298 2614 348 2641 tes
360 2633 369 2651 ‚
387 2607 643 2653 Agamemnon.
659 2608 789 2652 Argos,
808 2609 922 2652 Sparte
936 2614 971 2641 et

297 2659 446 2705 sllscena·
456 2661 562 2695 etiam
574 2661 615 2695 ab
629 2661 788 2695 Homero
798 2667 834 2694 et
848 2660 889 2695 ab
899 2659 970 2694 aliis

295 2710 342 2744 sic
368 2723 440 2747 uno
463 2725 564 2750 versu
591 2713 938 2757 comprehenduntur
957 2739 966 2755 ,

1047 742 1213 787 quoniam
1235 741 1289 777 hae
1306 750 1375 778 tres
1394 742 1497 779 urBes
1519 744 1654 780 Junoni
1679 748 1716 782 in
1779 787 1783 791 ,

1044 794 1164 839 primis
1177 793 1474 841 carm—Calydon
1483 821 1492 836 ‚
1511 796 1649 832 AEtoliae
1660 810 1718 844 op—

1044 847 1166 894 pidum
1178 873 1188 891 ,
1212 847 1248 881 in
1266 861 1335 892 quo
1350 849 1470 882 Diana
1486 848 1635 894 Laphria
1645 863 1717 896 po·-

1043 899 1213 934 tissimum
1238 899 1424 934 colebatur.
1453 899 1540 944 Ejus
1563 899 1649 936 Deae
1664 902 1716 936 si-

1044 964 1153 998 gnum
1166 952 1391 987 memorabile
1410 952 1585 998 Augustus
1595 953 1718 988 subla-

1043 1011 1120 1038 tum
1147 1004 1371 1039 Patrensibus
1391 1004 1544 1040 donavit.
1567 1006 1716 1041 Pausan.

1043 1056 1237 1100 Messen.'p.
1248 1056 1310 1102 357
1322 1069 1330 1097 ;
1347 1055 1484 1091 Achaic.
1494 1069 1526 1102 p.
1539 1057 1612 1104 569.
1621 1058 1715 1092 Tum

1042 1107 1203 1141 nondum
1215 1110 1326 1141 invisa
1338 1111 1445 1147 toraoe,
1462 1107 1570 1150 iratae,
1583 1109 1716 1143 Dianae.

1043 1159 1134 1193 Vide
1154 1158 1195 1192 ad
1215 1159 1328 1201 VIII,
1356 1173 1417 1204 ²72
1434 1171 1506 1204 sqq.
1525 1159 1692 1194 Similiter
1705 1187 1715 1204 ,

1043 1212 1079 1246 Π
1093 1238 1102 1255 ,
1122 1225 1185 1258 ²¹9
1197 1237 1206 1254 ,
1226 1213 1370 1245 nondum
1391 1211 1557 1255 OEagrius.

1088 1263 1162 1306 416.
1191 1263 1423 1297 Orchomenos.
1440 1261 1536 1304 ‘Duae
1557 1262 1655 1297 suere
1676 1263 1714 1298 in

1042 1313 1176 1348 Graecia
1190 1312 1295 1358 hujus
1305 1313 1458 1348 nominis
1469 1313 1572 1348 urbes
1584 1339 1593 1356 ‚
1607 1313 1713 1348 altera

1039 1364 1076 1398 in
1096 1363 1263 1407 Arcadia,
1289 1364 1396 1399 altera
1413 1364 1451 1399 in
1467 1364 1600 1399 Boeotia
1613 1390 1623 1407 ‚
1642 1363 1714 1399 Or·-

1039 1414 1229 1450 chomenos
1244 1415 1405 1462 Minyeia
1420 1414 1520 1450 dicta.
1537 1415 1713 1461 Equidem

1039 1478 1121 1500 eum
1144 1465 1287 1514 Micyllo
1311 1473 1346 1500 et
1366 1465 1575 1500 Burmanno
1600 1472 1687 1511 puto
1701 1492 1710 1508 ,

1044 1519 1215 1556 Ovidium
1229 1519 1434 1555 Arcadicam
1448 1519 1486 1554 in
1502 1526 1622 1554 mente
1642 1519 1714 1555 ha·-

1038 1571 1150 1606 buisse
1161 1597 1171 1615 ,
1188 1572 1286 1617 cujus
1302 1571 1386 1606 situs
1398 1579 1434 1606 et
1447 1570 1684 1606 memorabilia
1694 1584 1716 1605 a

1040 1622 1209 1656 Pausania
1225 1648 1234 1665 ,
1259 1621 1385 1656 Arcad.
1410 1636 1441 1668 p.
1465 1622 1552 1666 626,
1578 1622 1714 1658 descri—

1037 1673 1178 1708 buntur.
1191 1674 1245 1708 Ab
1260 1674 1432 1718 Homero,
1445 1675 1485 1710 Il.
1496 1675 1540 1718 B,
1550 1675 1636 1718 600,
1649 1687 1715 1709 vo-

1037 1732 1135 1759 catur
1149 1729 1334 1770 πολύμηλοςς
1347 1739 1366 1760 a
1382 1726 1550 1770 Pindaro,
1565 1725 1710 1773 Olymp.

1039 1776 1109 1811 Od.
1126 1776 1229 1819 XIV,
1247 1778 1268 1821 4
1280 1802 1290 1821 ,
1308 1780 1438 1827 λιπαρὰς
1460 1777 1502 1812 ab
1521 1777 1710 1823 Apollonio

1039 1828 1180 1863 Rhodio
1193 1855 1203 1871 ,
1221 1829 1301 1872 ΙΙΙ,
1320 1829 1382 1864 5η
1397 1854 1406 1872 ,
1429 1829 1555 1873 ἐφιεὶς,
1577 1835 1612 1864 et
1630 1828 1713 1864 hinc

1038 1892 1059 1913 a
1075 1880 1204 1915 Nostro
1218 1905 1228 1924 ,
1239 1880 1355 1924 feram
1378 1897 1422 1906 —··
1434 1881 1568 1916 Nomis
1587 1893 1657 1915 ete.
1673 1880 1713 1915 Si

1038 1945 1084 1966 aes
1096 1933 1299 1967 Corinthium
1308 1945 1388 1968 casu
1397 1939 1515 1968 ortum
1525 1940 1589 1976 est,
1604 1946 1714 1978 quum

1040 1984 1121 2018 urbs
1138 1996 1157 2018 a
1174 1984 1351 2018 Mummio
1366 1991 1580 2023 cremaretur
1597 1985 1712 2029 (Flor.

1042 2036 1079 2070 Π
1091 2062 1100 2079 ,
1120 2036 1183 2078 16)
1198 2062 1207 2079 ,
1228 2035 1405 2080 quomodo
1415 2036 1488 2080 inm
1503 2042 1580 2070 tum
1591 2039 1715 2078 nobilis

1037 2099 1099 2120 oere
1116 2099 1189 2120 esse
1215 2086 1358 2131 potuit?
1385 2087 1508 2131 Neque
1534 2100 1554 2122 e
1576 2087 1714 2124 veriore

1037 2138 1172 2172 ratione
1188 2151 1312 2173 eorum
1329 2164 1339 2182 ‚
1368 2138 1427 2184 qui
1448 2138 1508 2173 diu
1532 2146 1611 2175 ante
1631 2139 1711 2174 Co-

1036 2188 1145 2223 rinthi
1159 2188 1329 2224 excidium
1346 2196 1418 2224 arte
1431 2197 1611 2235 repertum
1625 2191 1711 2226 illud

1038 2253 1081 2275 aes
1097 2241 1302 2285 censebant,
1319 2240 1469 2284 Plinius,
1483 2239 1654 2286 XXXIV,
1671 2256 1709 2284 a,

1037 2292 1096 2326 illo
1124 2299 1281 2337 tempore
1307 2292 1356 2328 sic
1377 2292 1443 2327 dici
1461 2300 1598 2338 poterat
1613 2307 1622 2335 ς
1649 2294 1711 2328 sed

1038 2348 1165 2383 Noster
1180 2360 1243 2382 suo
1265 2360 1364 2382 mone
1384 2359 1461 2383 eam
1483 2348 1674 2394 designavit
1691 2361 1711 2382 a

1036 2414 1074 2435 re
1086 2426 1095 2444 ,
1115 2413 1181 2446 qua
1197 2407 1314 2445 postea
1333 2399 1478 2434 demum
1494 2400 1666 2436 inclaruit.

1079 2454 1153 2495 417.
1175 2453 1282 2486 Ferox
1297 2450 1341 2484 ob
1358 2459 1513 2496 suscepta
1530 2452 1630 2486 toties
1645 2464 1708 2497 pro

1035 2503 1196 2538 libertate
1214 2503 1324 2545 bella;
1352 2511 1387 2538 et
1409 2517 1453 2539 ne
1469 2505 1550 2540 vieti
1566 2505 1707 2550 quidem

1036 2556 1202 2591 Messenii
1220 2556 1400 2602 aliquoties
1414 2557 1551 2592 domari
1575 2565 1706 2603 potue·-

1035 2617 1128 2644 runt.
1144 2627 1188 2637 --
1206 2611 1335 2644 Cleoaae
1352 2610 1425 2646 sitae
1450 2611 1543 2645 inter
1568 2609 1706 2645 Corin—

1035 2660 1135 2694 thum
1160 2667 1195 2695 et
1222 2661 1344 2706 Argos.
1373 2663 1525 2696 Humiles
1537 2688 1546 2702 ,
1581 2673 1707 2706 parvae.

1036 2712 1219 2748 Pausanias
1230 2739 1239 2757 ‚
1262 2711 1421 2748 Corinth.
1433 2726 1465 2758 p.
1479 2715 1537 2757 142
1548 2739 1559 2757 ,
1574 2716 1655 2752 πόλις
1673 2716 1704 2750 οὐ
