1832 3100
366 224 1067 276 METAMORPHOSEON
1105 227 1240 272 LIB.
1281 230 1321 272 Ι.

1500 228 1557 291 47

120 324 324 388 Margine
345 335 561 372 terrarum
580 332 843 389 porrexerat
865 319 1165 387 Amphitrite;

119 405 312 471 Quaque
330 402 418 451 fuit
442 400 594 460 tellus,
619 399 711 449 illic
736 411 781 449 et
803 410 974 467 pontus
997 409 1043 447 et
1066 417 1141 449 aer
1166 419 1174 447 :
1516 415 1556 450 15

119 483 195 532 Sic
218 493 312 531 erat
331 479 556 530 instabilis
577 478 709 528 tellus
726 517 738 538 ,
763 477 976 527 innabilis
999 477 1122 526 unda
1137 514 1149 536 ‚

119 561 256 611 Lucis
276 578 410 624 egens
432 578 533 617 aer;
558 557 673 607 nulli
697 577 776 606 sua
796 556 942 606 forma
964 556 1172 605 manebat
1189 593 1201 614 ‚

123 638 439 706 Obstabatque
462 636 561 686 aliis
585 635 706 685 aliud
729 657 740 684 τ
766 635 873 702 quia
897 653 1087 702 corpore
1114 633 1161 682 in
1186 652 1279 682 uno

121 763 247 799 orbem
269 762 418 809 planum!
436 776 444 804 ;
479 760 543 796 sed
559 787 569 805 ,
605 759 701 806 quod
735 759 809 805 jam

121 816 252 853 Thales
263 843 272 860 ,
290 813 556 851 Anaximander
567 820 603 848 et
616 812 671 847 alii
683 812 810 848 docue-

120 877 228 915 runt,
246 871 399 905 sormam
419 869 450 904 ei
463 881 536 903 esse
552 867 730 914 globosam
743 894 752 911 ‚
774 874 811 902 et

120 922 279 958 Romani
312 928 518 957 constanter
549 918 778 955 crediderunt
797 945 807 963 ,

119 974 299 1021 iidemque
314 973 546 1009 nihilominus
563 984 643 1007 eam
653 974 810 1017 ponderi-

118 1029 183 1062 bus
192 1028 352 1061 libratam
367 1029 442 1060 suis
453 1024 629 1059 dixerunt.

165 1081 218 1124 ¹4·
224 1078 574 1125 Amphitrite.Noster
583 1076 661 1112 cod.
672 1076 717 1110 A.
725 1075 762 1110 A
764 1089 810 1110 m—

110 1134 281 1178 phitrites.
297 1130 458 1177 Neptuni
474 1143 562 1164 uxor
573 1156 583 1174 ,
602 1129 681 1164 Dea
690 1135 726 1163 et
735 1128 809 1162 do-

118 1183 218 1219 mina
226 1182 365 1219 Oceani
373 1195 382 1218 2
390 1184 537 1218 nondum
546 1183 695 1221 brachia,
704 1193 809 1226 aquas

119 1249 198 1272 suas
211 1263 222 1281 ‚
242 1239 458 1282 porrexerat,
485 1233 661 1269 effuderat
674 1259 683 1277 ,
710 1235 810 1277 longo

119 1292 284 1333 margine,
301 1288 391 1323 cirea
401 1286 523 1333 longas
533 1298 612 1321 oras
622 1293 812 1320 terrarum.

168 1342 219 1376 15.
249 1342 390 1387 Quaque
400 1338 478 1384 fiat
492 1341 595 1374 tellus
617 1344 682 1373 etc.
710 1337 810 1373 Olim

121 1393 239 1429 edeb.:
248 1394 389 1437 Quaque
393 1396 469 1427 era!
474 1396 510 1426 et
517 1394 628 1426 tellus.
635 1389 812 1437 Porphyr.

122 1445 167 1481 ad
183 1447 312 1482 Horat.
326 1445 383 1481 111
395 1471 405 1490 ,
421 1444 493 1480 od.
510 1455 551 1479 lv
565 1457 574 1479 ε
598 1445 737 1490 Quaque
737 1444 817 1488 sui!

120 1501 247 1544 ullus,-
272 1501 348 1535 illic
362 1503 398 1533 e!
405 1502 535 1543 pontus
544 1524 554 1539 ,
580 1501 621 1532 ul
632 1510 700 1532 aer.
731 1497 814 1532 Hoc

119 1552 251 1598 placuit
276 1551 537 1588 Jac-a—Cruee
553 1578 563 1596 ,
598 1564 642 1586 eo
666 1551 812 1597 quidem

118 1619 224 1643 sensu
238 1633 249 1652 ,
274 1613 315 1642 ut
341 1613 421 1653 post
459 1607 599 1652 Quaque
625 1606 783 1654 (ubique
797 1608 811 1650 )

107 1660 189 1705 fuit
200 1662 303 1694 lellus
316 1658 553 1706 suspendatur
571 1660 684 1694 oratio
698 1686 707 1703 ‚
733 1667 811 1694 tum

117 1712 292 1747 inseratur
300 1714 376 1747 e‘Hic
385 1716 547 1756 elponlus
557 1710 706 1758 (fumat
715 1710 812 1759 (ubi)

120 1770 191 1798 aer'.
210 1763 293 1799 MS.
315 1764 479 1813 Francos}
502 1770 539 1798 et
564 1763 620 1798 alii
634 1790 644 1807 ,
678 1765 727 1798 Ut
743 1776 812 1809 qua

117 1821 194 1852 era!
204 1819 348 1852 citellus
356 1844 365 1859 ,
385 1820 468 1852 illic.
482 1817 607 1852 Burm.
619 1817 809 1852 suadebat:

121 1867 316 1916 Ulquesuit
333 1872 436 1905 tellus
448 1873 523 1905 illic
532 1898 541 1912 ‚
564 1873 628 1905 ubi
636 1874 764 1915 pontus
778 1875 815 1905 el

116 1936 192 1964 aer,
211 1924 270 1957 Sic
284 1928 360 1958 erat
372 1931 438 1959 etc.
452 1937 461 1966 ;
480 1930 520 1958 ut
534 1922 729 1958 similitudo
745 1923 812 1958 in—

116 1976 262 2012 seratur.
288 1976 457 2013 Eundem
474 1977 511 2011 in
526 1989 670 2012 sensum
688 1977 810 2024 Heyn.

119 2029 270 2065 Obaerv.
285 2029 329 2064 ad
343 2029 460 2065 Tibul.
470 2029 537 2074 lv,
553 2041 566 2064 1
576 2056 586 2075 ,
601 2030 656 2078 39,
669 2029 809 2064 mallet:

122 2081 232 2126 thue
244 2086 320 2116 erat
334 2085 369 2116 el
380 2084 482 2117 lellus
491 2084 567 2116 illic
576 2108 584 2121 ‚
607 2094 674 2126 qua
683 2095 720 2125 p.
736 2080 812 2116 Aut

117 2132 186 2167 hoc
198 2158 209 2176 ‚
236 2139 296 2167 aut
308 2133 432 2168 Burm.
450 2134 591 2179 praesert
610 2133 787 2179 Koeppen.
800 2160 810 2178 ‚

119 2184 246 2229 quiain
258 2191 379 2220 nostra
387 2185 537 2220 lectione
550 2186 673 2230 (quam
685 2185 809 2220 Heius.

118 2251 160 2272 ex
176 2250 250 2273 uno
268 2237 400 2273 Medic.
417 2237 572 2284 recepit,
590 2245 626 2273 et
641 2250 718 2284 quae
735 2251 809 2273 non

117 2288 274 2324 multum
290 2289 428 2324 aberrat
441 2303 461 2324 a
475 2288 670 2337 Porphyr.)
684 2290 810 2336 repeti-

118 2349 180 2377 tur
191 2369 202 2388 ,
223 2342 319 2388 quod
336 2343 408 2388 jam
424 2342 558 2378 dictum
573 2343 617 2378 sit
630 2350 723 2378 ante.
737 2343 809 2378 Sed

118 2394 184 2430 hac
210 2394 449 2431 redundantia
472 2409 544 2430 non
574 2395 780 2431 offendetur
795 2422 806 2441 ,

118 2450 180 2495 qui
197 2449 478 2496 comparaverit,
496 2463 574 2496 quae
586 2450 628 2485 ad
641 2463 728 2485 vers.
741 2463 786 2498 9⁰
798 2476 808 2494 ,

117 2502 184 2538 206
193 2528 202 2546 ,
217 2515 297 2550 292,
316 2504 396 2547 401,
409 2504 627 2539 monuimus.
636 2522 680 2529 -
693 2502 807 2539 Codd.

115 2555 228 2590 nostri
244 2555 288 2590 A.
305 2555 348 2589 Β.
367 2557 506 2601 Quaque
518 2561 594 2591 emt
599 2561 634 2590 et
643 2559 753 2591 tellas.
764 2573 809 2583 ·-

121 2609 260 2654 Quaque
257 2608 337 2654 sui!
345 2615 412 2644 etc.
420 2608 473 2643 Ut
483 2608 653 2645 hactenus
662 2612 807 2654 indiges-

115 2666 186 2696 tam
202 2662 335 2697 molem
356 2661 557 2708 descripsit,
577 2663 626 2697 sic
645 2675 743 2698 nunc
763 2662 806 2697 ad

116 2715 223 2750 verba
231 2720 394 2760 congesta
406 2717 521 2750 eodem
532 2722 568 2750 et
580 2728 668 2750 vers.
679 2728 750 2760 seq.
762 2714 807 2750 ad

112 2769 246 2810 pondus
254 2770 344 2802 iners
351 2766 499 2803 redit.--
504 2768 651 2812 Quaque,
660 2766 806 2802 ubicun-

174 2896 188 2914 Ο

875 771 954 804 que.
971 757 1044 793 Sed
1060 770 1170 792 nexus
1182 755 1392 792 commodus
1403 771 1485 793 cum
1498 772 1563 794 an-

872 811 1117 847 tecedentibus
1134 811 1367 847 desideratur.
1392 813 1484 848 Vide
1499 814 1567 860 igi*

875 872 934 900 tur
951 865 1056 899 Varr.
1077 864 1157 899 lect.
1183 864 1291 899 Forte
1318 864 1445 900 melius
1462 874 1566 911 poeta

874 929 1023 952 omnem
1039 916 1073 952 h.
1088 916 1110 950 l.
1125 929 1237 962 usque
1251 917 1296 951 ad
1311 931 1399 953 vers.
1416 931 1459 952 20
1474 919 1567 953 omi·-

873 971 981 1007 sisset.
999 972 1083 1007 Non
1101 971 1199 1006 enim
1218 978 1314 1016 erat,
1332 985 1395 1007 cur
1411 979 1489 1018 post
1503 986 1567 1008 su—

875 1024 1015 1070 periora
1032 1024 1201 1058 lectorem
1219 1031 1386 1059 moneret
1400 1050 1410 1069 ‚
1427 1027 1567 1060 instabi-

874 1080 940 1112 lem
955 1077 1059 1112 suisse
1077 1081 1199 1111 lermm
1215 1083 1280 1111 etc.

924 1129 974 1163 18.
994 1130 1224 1174 obstabatque
1232 1136 1298 1170 eto,
1311 1130 1437 1176 Pugna
1447 1137 1568 1165 autem

874 1178 953 1224 illa,
972 1193 1060 1214 vers.
1081 1181 1212 1224 18—20,
1228 1181 1304 1216 talis
1321 1188 1391 1225 est,
1409 1188 1448 1216 ut
1461 1182 1517 1216 vix
1531 1182 1569 1217 in

876 1232 1129 1278 cogitationem
1139 1232 1445 1275 cadatJnstabilis,
1456 1235 1484 1269 si
1495 1247 1567 1280 pas-

877 1284 948 1319 sive
966 1284 1089 1330 accipis
1103 1311 1112 1329 ,
1130 1298 1199 1330 qua
1214 1285 1326 1320 insisti
1342 1311 1351 1329 ,
1369 1285 1406 1319 in
1426 1299 1494 1331 qua
1507 1299 1569 1332 pes

877 1336 938 1382 figi
950 1337 1120 1383 nequibat
1129 1363 1138 1380 ,
1162 1350 1254 1372 nove
1266 1337 1411 1383 quidem
1419 1346 1456 1373 et
1463 1339 1568 1384 paulo

875 1390 1086 1425 insolentius
1110 1390 1246 1426 dictum
1266 1391 1334 1426 erit
1349 1418 1358 1435 ‚
1387 1392 1448 1426 sed
1472 1393 1566 1427 bene

874 1444 1062 1479 conveniet
1072 1450 1114 1493 τῷ
1125 1447 1299 1480 ι’νιηαῦίίιίς.
1316 1445 1358 1480 In
1371 1446 1496 1481 limoso
1507 1447 1567 1481 illo

875 1509 1000 1532 acervo
1020 1510 1088 1533 nec
1111 1511 1172 1544 pes
1198 1498 1258 1545 figi
1282 1506 1443 1544 poterat,
1474 1507 1568 1535 terra

874 1549 972 1583 enim
981 1550 1124 1585 subacta
1138 1558 1214 1585 erat
1227 1551 1347 1586 multis
1363 1552 1461 1597 aquis
1475 1567 1483 1595 ;
1501 1565 1567 1588 nec

874 1604 987 1639 natari
1002 1631 1011 1648 ,
1036 1617 1126 1650 aqua
1143 1605 1240 1640 enim
1259 1613 1393 1640 terram
1410 1605 1568 1641 dissolu—

875 1663 949 1691 tam
959 1657 1108 1699 serebat;
1119 1671 1186 1693 nec
1196 1657 1350 1704 denique
1362 1659 1460 1694 cerni
1468 1659 1568 1704 quid-

875 1723 981 1756 quam
993 1710 1088 1757 (χάος
1099 1710 1269 1762 ἔρεέῶδες),
1280 1712 1365 1747 lucis
1377 1713 1488 1757 enim,
1502 1721 1568 1749 etc.

876 1764 1068 1812 Verissime
1092 1765 1199 1811 igitur
1218 1774 1293 1801 erat
1314 1770 1452 1811 pondus
1476 1772 1566 1803 iners

873 1820 928 1852 ein
935 1819 1344 1863 unlaugloehermumpen.
1355 1820 1402 1854 Et
1411 1819 1566 1863 multum

874 1870 937 1904 sibi
952 1869 1180 1905 indulserunt
1195 1870 1345 1906 Veteres
1358 1871 1396 1905 in
1415 1885 1481 1906 usu
1495 1871 1567 1906 ad-

874 1922 1085 1967 jectivorum
1114 1923 1151 1956 in
1187 1925 1267 1956 bilis
1297 1922 1538 1959 desinentium
1555 1938 1566 1960 z

873 1973 943 2008 vid.
957 1974 1119 2008 perizon.
1134 1973 1177 2008 ad
1192 1974 1325 2009 Sanctii
1338 1975 1431 2010 Min.
1441 1976 1458 2011 I
1468 2002 1477 2020 ‚
1497 1987 1565 2024 xv,

875 2028 918 2070 ἦς
945 2033 980 2060 et
999 2025 1147 2061 Creech.
1164 2026 1208 2061 ad
1226 2026 1366 2062 Lucret.
1384 2028 1422 2073 I,
1441 2040 1482 2064 11.
1499 2030 1565 2065 Sin

875 2080 1023 2114 activam
1041 2080 1113 2114 vim
1130 2087 1167 2115 et
1182 2079 1239 2115 hic
1255 2082 1437 2127 praeseras,
1453 2087 1567 2119 insta-

874 2134 954 2166 bilis
978 2134 1079 2167 tellus
1097 2132 1185 2177 erit,
1211 2146 1289 2179 quae
1310 2134 1474 2169 nondum
1494 2135 1566 2170 fir-

875 2197 976 2218 mum
995 2191 1030 2219 et
1053 2185 1245 2221 immotum
1263 2186 1381 2221 locum
1399 2189 1564 2232 tenebat,

874 2236 1039 2271 nondum
1048 2245 1123 2272 erat
1130 2243 1217 2272 terra
1223 2243 1408 2274 continens.
1418 2259 1463 2266 —-
1470 2243 1572 2275 Nulli

873 2302 938 2325 sua
950 2289 1070 2335 forma
1093 2294 1271 2333 manebat,
1297 2293 1386 2327 nulli
1411 2300 1504 2328 certa
1528 2301 1566 2328 et

873 2350 1044 2390 perpetua
1066 2345 1180 2379 forma
1207 2352 1283 2380 erat
1305 2359 1314 2386 ;
1347 2358 1431 2380 nam
1455 2346 1564 2380 veluti

872 2397 1147 2432 fermentatione
1177 2396 1330 2443 quadam
1355 2398 1562 2432 misceban-

874 2455 943 2484 tur.
960 2467 1005 2475 -
1021 2451 1123 2484 Nulli
1131 2452 1299 2484 manebal.
1318 2451 1399 2484 Hoc
1412 2451 1562 2485 verbum

874 2500 1030 2537 admittit
1047 2502 1231 2548 geminum
1248 2515 1367 2536 casum
1381 2529 1390 2546 ,
1416 2510 1563 2538 accusat.

874 2562 909 2589 et
927 2554 1054 2596 dativ.;
1073 2554 1132 2589 sed
1151 2567 1216 2600 pro
1230 2560 1405 2600 exspecto,
1421 2562 1561 2591 tantum

873 2613 1020 2642 accusat.
1037 2607 1136 2652 Virg.
1156 2606 1299 2641 AEneid.
1316 2618 1354 2642 lx
1368 2634 1377 2651 ,
1395 2608 1460 2656 298
1477 2620 1485 2641 :
1499 2621 1562 2642 nec

865 2665 1003 2704 par-lum
1011 2663 1125 2703 gralia
1139 2662 1242 2694 lalem
1252 2662 1364 2695 Parva
1375 2664 1491 2695 munel
1500 2671 1512 2703 ;
1526 2667 1562 2711 et

873 2713 977 2759 paulo
996 2720 1093 2759 post,
1113 2714 1178 2748 302
1194 2726 1201 2748 :
1218 2715 1302 2749 Hoec
1315 2716 1432 2749 eadem
1447 2716 1562 2748 matri-

871 2778 935 2811 que
949 2770 1015 2800 lua
1023 2793 1032 2809 ‚
1048 2770 1224 2811 generique
1234 2767 1436 2810 manebu'nl5
1449 2773 1485 2801 et
1498 2765 1564 2800 Ci-
