1832 3100
354 254 1072 303 METAMORPHOSEON
1108 256 1240 301 LIB.
1274 256 1365 302 IV.

1477 272 1563 318 297

146 351 387 410 Notitiam,
409 351 667 419 primosque
691 350 854 413 gradus
872 349 1031 398 vicinia
1054 348 1180 408 fecit3

146 430 366 496 Tempore
389 428 522 478 crevit
543 447 697 477 amor:
722 427 843 476 taedae
867 446 1046 494 quoque
1067 426 1164 492 jure
1189 425 1405 486 coissent,
1525 441 1571 475 60

148 505 237 556 Sed
256 512 430 555 vetuere
453 517 600 572 patres
620 525 630 554 :
653 504 772 572 quod
791 524 884 553 non
901 516 1086 571 potuere
1106 516 1250 552 vetare
1266 541 1277 562 ‚

147 584 217 632 Ex
239 602 367 650 aequo
393 582 533 650 captis
556 582 771 631 ardebant
794 582 1020 631 mentibus
1044 582 1189 631 ambo.

149 658 368 709 Conscius
393 658 538 708 omnis
562 660 709 718 abest3
735 672 848 709 nutu
873 660 1100 727 signisque
1123 659 1396 726 loquuntur:

149 738 345 805 Quoque
366 738 508 801 magis
532 738 720 802 tegitur,
746 751 888 788 tectus
909 739 1049 803 magis
1074 750 1229 788 aestuat
1248 738 1378 801 ignis.

146 815 300 864 Fissus
322 828 415 865 erat
439 817 562 866 tenui
585 816 695 866 rima
709 855 720 876 ‚
749 837 880 884 quam
905 817 1091 866 duxerat
1114 816 1220 866 olim
1234 855 1246 876 ‚
1529 829 1574 864 65

148 947 262 983 lentes
276 947 410 995 opibus.
424 965 469 975 —-
480 947 537 984 De
551 948 735 984 altitudine
751 961 833 983 mu-

149 1013 272 1036 rorum
282 1008 318 1037 et
331 1002 483 1037 turrium
497 1002 634 1038 variant
650 1002 835 1049 Interpre-

149 1059 202 1088 tes
211 1068 220 1096 ;
233 1053 301 1089 vid.
312 1054 462 1090 Farnab.
472 1054 514 1090 ad
526 1054 621 1091 hunc
631 1055 759 1090 locum.
766 1057 833 1089 Ed.

149 1123 196 1131 —·
209 1106 375 1151 Cinaepkse.
396 1105 501 1141 Unus
517 1106 646 1142 Medic.
656 1110 835 1152 posuisse5

151 1156 243 1191 male
260 1169 341 1191 cum
358 1161 471 1193 murelr.
487 1157 553 1193 Ed.

197 1211 251 1256 59.
273 1211 407 1245 Primos
419 1213 565 1255 gradus,
585 1211 713 1246 scilicet
730 1225 836 1247 amo-

152 1259 202 1296 ris
213 1287 224 1304 ,
242 1261 335 1308 quod
348 1262 442 1297 haud
453 1262 558 1298 dubie
572 1264 838 1311 subintelligen-

155 1311 243 1347 dum
259 1320 311 1348 est
327 1326 346 1348 e
361 1327 464 1349 versu
478 1315 661 1360 sequenti,
678 1316 742 1350 nisi
761 1328 839 1350 ma-

153 1365 196 1401 lis
212 1379 294 1402 cum
311 1367 384 1403 aliis
399 1371 554 1402 notitiam
564 1371 755 1413 primosque
764 1382 839 1413 gra-

155 1421 220 1454 dus
235 1433 299 1466 per
314 1420 532 1469 Hendiadyn
549 1434 723 1467 exponere
735 1450 744 1464 ,
765 1423 841 1468 pri-

157 1482 234 1506 mos
253 1471 380 1518 gradus
397 1473 540 1509 notitiae.

200 1524 257 1558 60.
284 1526 396 1560 Toedae
410 1539 538 1572 quoque
545 1527 635 1571 jure.
656 1526 840 1562 Mediceus

157 1584 195 1612 et
221 1578 439 1624 Argentinus
455 1581 542 1624 jura
559 1607 568 1622 ‚
605 1580 699 1626 quod
728 1580 840 1625 placet

157 1629 369 1666 Burmanno
383 1632 443 1677 qui
453 1639 632 1678 comparat
640 1635 729 1667 coire
737 1635 842 1666 soc-12·-

158 1686 262 1717 talem
274 1696 294 1717 e
306 1682 482 1719 Cicerone
494 1691 530 1719 et
542 1685 669 1730 Nepot.
686 1683 757 1719 Sed
773 1683 841 1719 hoc

159 1733 290 1770 durum
309 1736 527 1783 minimeque
544 1738 722 1783 poeticum
738 1738 840 1772 foret.

159 1804 203 1813 —
220 1789 380 1824 Τισίεω..
391 1794 554 1831 coz‘ssent,
573 1790 841 1825 matrimonium

161 1851 301 1886 quoque
314 1841 481 1877 iniissent.
490 1842 581 1878 Satis
593 1843 689 1877 enim
699 1849 839 1886 notum,

160 1890 199 1926 in
227 1893 360 1939 nuptiis
398 1894 503 1930 taedas
540 1894 699 1940 praeserri
729 1895 845 1930 solitas

161 1945 306 1990 sponsis.
333 1947 430 1982 Hinc
453 1949 540 1981 teda
562 1948 674 1993 poetis
700 1947 744 1982 de
766 1948 846 1993 ipsis

163 1997 317 2043 nuptiis,
342 1997 386 2032 de
412 1999 488 2044 ipso
515 1999 743 2033 matrimonio
768 1999 844 2044 IX,

166 2061 248 2094 721;
270 2049 338 2083 XV
350 2076 359 2090 ‚
378 2050 455 2084 826.
465 2068 510 2077 ·-
521 2052 616 2086 Coe're
628 2077 637 2093 ‚
649 2057 690 2086 ut
701 2054 844 2102 συνέρχε-

165 2106 236 2137 σθαι
251 2126 262 2145 ,
286 2101 330 2136 de
355 2102 573 2149 conjugibus.
595 2103 678 2138 Jam
702 2107 850 2138 coissent

158 2153 240 2197 jure
262 2157 356 2188 tede
370 2155 443 2190 fere
460 2155 595 2190 dictum
611 2163 663 2191 est
676 2182 686 2200 ,
707 2163 747 2191 ut
765 2156 849 2191 ibid.

171 2209 211 2240 15
222 2231 232 2249 ,
245 2210 377 2242 sociam
377 2207 504 2251 saedere
511 2211 606 2248 lecti,
618 2214 653 2243 et
663 2208 752 2243 insra
760 2208 846 2252 Vll,

165 2258 233 2302 403
247 2285 256 2298 ‚
298 2261 446 2295 thalami
455 2261 585 2305 sedere
605 2261 731 2306 jungit.
765 2261 848 2297 Ros.

167 2310 346 2346 Schirach.
357 2311 414 2347 hic
425 2312 556 2358 aliquid
568 2313 715 2348 humani
733 2326 850 2360 passus

166 2371 229 2399 est.
249 2364 375 2411 Quum
386 2365 483 2399 enim
492 2365 598 2400 verba
607 2367 653 2400 ita
667 2366 830 2413 jungeret
838 2394 847 2409 ‚

166 2419 260 2451 iada·
280 2430 408 2463 quoque
431 2421 581 2453 coissent
593 2444 602 2462 ‚
631 2418 736 2464 idque
747 2419 846 2464 jure,

169 2469 248 2504 fieri
267 2469 362 2506 haud
377 2477 536 2517 poterat,
568 2471 653 2516 quin
672 2472 715 2506 ad
739 2473 852 2507 inter-

170 2523 406 2567 pretationem
435 2523 658 2558 durissimam
685 2523 850 2558 deferre-

169 2580 250 2616 tur3
271 2579 377 2610 loedas
393 2575 490 2610 enim
505 2575 549 2610 de
566 2589 686 2611 amore
706 2577 849 2623 accipit,

171 2639 231 2672 qm
246 2640 282 2662 se
299 2628 536 2673 conjunxisset
551 2628 639 2673 jure.

214 2679 267 2714 61.
294 2681 415 2714 Patres
440 2687 579 2725 possent
603 2694 674 2715 esse
703 2682 852 2716 omnino

170 2739 356 2776 parentes,
377 2739 416 2766 ut
434 2732 513 2767 alibi
530 2732 661 2776 fratres
685 2746 749 2779 pro
774 2735 853 2768 sra-

170 2783 282 2821 tribus
297 2793 333 2820 et
348 2786 525 2822 sororibus
537 2813 546 2831 ,
572 2800 666 2832 reges
686 2799 751 2833 pro
771 2800 852 2833 rege

899 956 936 985 et
949 949 1091 996 regina;
1109 948 1188 984 vide
1205 948 1320 983 Bentl.
1338 946 1380 982 ad
1398 947 1524 982 Horat.
1538 947 1556 982 I
1568 973 1578 990 ,

900 1003 973 1039 Sat.
996 1014 1042 1047 v,
1071 1015 1145 1037 100.
1174 1002 1318 1037 Rectius
1342 1009 1461 1036 tamen
1483 1013 1582 1035 nunc

898 1067 1002 1090 sensu
1012 1054 1145 1100 vulgari
1161 1053 1273 1100 capies
1285 1068 1295 1096 ς
1309 1066 1463 1098 namque
1476 1065 1579 1086 versu

905 1108 967 1142 153
985 1106 1115 1142 Thisbe
1132 1106 1199 1151 ait,
1215 1109 1345 1148 misen}
1364 1118 1454 1140 meus
1469 1106 1582 1139 illius·

900 1173 977 1205 que,
991 1163 1167 1204 parentes,
1188 1159 1247 1194 ubi
1261 1158 1323 1194 soli
1341 1165 1455 1204 patres
1470 1156 1579 1191 intel-

902 1211 1059 1256 liguntur
1072 1237 1081 1254 ,
1110 1211 1168 1256 qui
1187 1209 1346 1245 duriores
1362 1211 1436 1244 sere
1453 1207 1584 1242 matri-

901 1263 967 1297 bus
989 1263 1028 1297 in
1052 1262 1227 1309 ejusmodi
1246 1263 1350 1297 rebus
1373 1275 1444 1297 esse
1461 1261 1584 1296 solent.

903 1316 989 1350 Post
1004 1321 1121 1360 patres
1142 1315 1242 1361 posui
1261 1314 1585 1360 interpunctionem

903 1368 1093 1402 maximam
1106 1393 1115 1410 ,
1142 1380 1249 1413 quam
1271 1367 1326 1401 vir
1347 1366 1469 1402 doctus
1494 1363 1587 1411 apud

907 1421 1044 1458 Clarck.
1062 1422 1105 1457 ad
1123 1423 1233 1457 Hom.
1249 1422 1287 1457 ΙΙ.
1306 1428 1329 1457 Γ
1343 1448 1352 1465 ,
1370 1422 1431 1469 39,
1450 1427 1487 1455 et
1502 1419 1588 1454 alius

905 1474 943 1509 in
963 1474 1164 1510 Observatt.
1182 1474 1316 1509 Miscel.
1332 1474 1413 1507 Vol.
1428 1473 1483 1516 ΙΙ,
1501 1479 1526 1507 t.
1547 1472 1564 1506 Ι
1576 1497 1586 1513 ,

905 1541 938 1572 p.
961 1528 1026 1570 34,
1055 1528 1172 1562 suasit.
1205 1527 1247 1561 In
1276 1526 1414 1572 vulgata
1436 1525 1588 1560 lectione

904 1578 986 1614 salsa
1014 1585 1066 1614 est
1092 1578 1277 1614 sententia.
1314 1597 1359 1604 —
1390 1579 1449 1612 Ex
1469 1590 1583 1623 oequo,

907 1631 1010 1665 ambo
1026 1631 1157 1677 pariter
1167 1657 1177 1675 ,
1199 1644 1290 1666 unus
1300 1643 1398 1676 aeque
1411 1643 1449 1665 ac
1463 1630 1589 1671 altera;

907 1684 979 1728 IX,
999 1697 1072 1731 7¹9·
1089 1684 1180 1719 Plin.
1192 1685 1323 1730 Paneg.
1337 1684 1393 1726 83,
1406 1683 1449 1718 de
1460 1682 1588 1717 marito

908 1749 947 1771 ac
959 1736 1110 1782 conjuge
1124 1763 1133 1781 ‚
1148 1739 1336 1781 probaliez
1346 1735 1593 1781 aqua—Cap—

907 1795 964 1825 tus
987 1790 1031 1825 de
1054 1798 1205 1826 amante.
1221 1809 1266 1818 -—
1278 1792 1372 1826 Natu
1386 1797 1451 1825 etc.
1469 1789 1594 1823 Venus

910 1842 1013 1878 docet
1031 1843 1086 1878 vel
1103 1847 1175 1878 viro
1195 1857 1307 1878 coram
1328 1847 1428 1876 nulus
1446 1841 1596 1886 conferre

909 1899 1068 1941 loquaces
1079 1923 1087 1937 ‚
1110 1897 1314 1940 Blandaque
1328 1897 1522 1939 composiltk
1538 1895 1596 1927 ab·

911 1951 988 1983 dere
999 1950 1099 1982 verba
1114 1951 1213 1982 nottlr.
1231 1947 1346 1982 Tibul.
1367 1947 1402 1991 I,
1422 1957 1472 1990 11,
1491 1960 1594 1980 22.—

917 2001 1052 2044 Quoque
1064 2003 1173 2044 magis
1187 2006 1251 2034 etc.
1266 1998 1451 2034 Sententia
1467 1997 1596 2032 amoris

912 2058 1076 2087 naturam
1094 2053 1185 2087 bene
1202 2051 1415 2086 adumbrans
1428 2076 1437 2094 ,
1455 2050 1595 2085 verbis-

915 2117 982 2150 que
1000 2104 1139 2150 tropicis
1156 2116 1314 2150 expressa
1327 2102 1596 2138 similitudinem

913 2156 1106 2192 involvens.
1118 2175 1161 2182 —
1179 2158 1322 2201 Tegilm,
1337 2155 1440 2191 celari
1450 2155 1595 2201 cogitur.

914 2227 958 2235 ·-·
978 2211 1101 2245 Teclus
1117 2212 1235 2254 magis.
1254 2209 1390 2255 Vuigo,
1406 2213 1500 2243 lanto
1516 2221 1597 2242 ma·-

912 2267 976 2308 5125.
998 2263 1069 2299 Sed
1096 2265 1325 2299 Burmannus
1346 2263 1477 2308 recepit
1501 2269 1599 2297 vete—

914 2330 997 2352 rum
1024 2317 1195 2352 librorum
1216 2317 1423 2363 scripturam
1445 2316 1505 2362 (et
1525 2316 1598 2351 haec

915 2377 968 2405 est
983 2377 1187 2405 nostrorum
1199 2370 1394 2416 Regiorum
1408 2367 1599 2411 Codicum)

915 2428 992 2456 tum
1022 2421 1102 2467 quia
1125 2422 1288 2467 repetitio
1317 2420 1476 2466 ejusdem
1501 2419 1600 2454 verbi

915 2474 1092 2509 familiaris
1116 2474 1246 2509 Ovidio
1266 2501 1275 2518 ‚
1304 2481 1380 2508 tum
1407 2473 1486 2518 quia
1510 2484 1601 2518 saepe

916 2527 1068 2561 Veteres
1090 2534 1167 2572 post
1191 2540 1254 2571 quo
1282 2533 1317 2560 et
1339 2529 1462 2571 quanto
1486 2524 1601 2559 omit—

917 2586 1000 2614 tunt
1014 2592 1053 2613 eo
1073 2586 1108 2614 et
1124 2583 1229 2613 tanto.
1254 2579 1348 2625 Ergo
1365 2581 1474 2623 magtlr
1491 2577 1546 2612 hic
1562 2590 1602 2611 eo

918 2635 1027 2675 magis
1036 2630 1304 2676 intelligendum
1315 2630 1411 2672 ;vide
1422 2629 1600 2665 Drakenb.

919 2683 962 2718 ad
981 2683 1118 2717 Livium
1132 2710 1141 2727 ‚
1168 2684 1208 2728 1,
1231 2685 1283 2718 25.
1299 2701 1344 2709 --
1359 2685 1514 2724 AEslua!‚
1542 2695 1602 2717 ca-

918 2735 1031 2770 lorem
1050 2735 1166 2770 efficit.

965 2786 1018 2823 65.
1034 2788 1155 2823 Faezrsus
1171 2791 1246 2822 erat
1259 2789 1355 2823 tenui
1368 2788 1463 2822 rima.
1482 2784 1535 2820 Ut
1550 2795 1602 2819 so-
