1832 3100
275 223 355 256 1'12

667 213 719 257 P.
754 210 990 259 OVIDII
1026 212 1320 260 NASONIS

274 326 298 349 ‚›
323 306 424 352 Vox
448 315 600 364 canet,
623 316 668 355 et
690 305 847 369 longas
869 307 1012 356 visent
1036 308 1256 374 Capitolia
1279 323 1484 375 pompas.¹

274 404 298 426 »
325 382 539 432 Postibus
561 383 779 447 Augustis
801 384 951 432 eadem
971 384 1182 434 fidissima
1204 398 1355 436 custos

273 480 298 503 »
326 459 444 508 Ante
463 458 579 508 fores
603 459 768 516 stabis3
794 460 1071 527 mediamque
1095 462 1272 510 tuebere
1298 476 1527 528 quercum·

275 557 299 579 »
327 537 478 602 thue
498 554 645 584 mcum
668 536 860 584 intonsis
880 548 1013 603 caput
1028 548 1101 597 ‚est
1118 537 1308 602 juvenile
1329 537 1528 604 capillis;

273 635 298 657 ³)
324 614 395 662 Tu
411 632 590 680 quoque
605 625 847 680 perpetuos
859 632 1034 680 semper
1050 634 1149 677 gere
1165 613 1337 664 frondis
1353 616 1561 667 honores.
1585 638 1609 662 n
1627 631 1694 668 565

268 690 463 740 Finierat
485 691 627 739 Paean.
651 690 798 739 Factis
814 690 949 738 modo
972 691 1295 764 Laureakramis

269 821 396 867 Apollo
410 821 447 855 in
458 820 633 856 honorem
645 821 889 856 Romanorum
902 828 949 856 at-

269 885 338 919 que
355 873 528 919 Augusti:
553 873 587 907 h.
612 886 642 908 e.
665 880 767 919 poeta
789 873 950 908 adulatur

266 926 397 961 civibus
416 925 485 961 suis
501 931 605 970 atque
623 925 792 971 Augusto.
814 925 949 960 Laurus

269 977 360 1023 apud
379 978 560 1012 Romanos
576 977 710 1022 insigne
731 984 805 1012 erat
823 984 859 1011 et
876 976 950 1012 vic—

268 1029 368 1064 toriae
391 1028 504 1074 (unde
521 1031 636 1063 laurus
651 1041 716 1074 pro
738 1029 808 1074 ipsa
830 1028 949 1063 victo-

266 1082 318 1116 ria
336 1081 494 1128 ponitur)
509 1107 519 1125 ‚
537 1088 573 1116 et
589 1081 776 1126 triumphi;
795 1092 949 1127 namque

267 1140 346 1179 post
362 1134 588 1179 impetratam
600 1133 783 1168 victoriam
799 1134 950 1178 impera—

267 1193 388 1221 torum
403 1185 513 1221 literae
528 1192 564 1220 et
579 1186 684 1220 fasces
698 1211 707 1229 ,
726 1185 948 1231 militumque

266 1239 396 1273 lanceae
429 1244 465 1273 et
496 1238 566 1284 pila
593 1238 691 1272 lauro
721 1239 947 1274 ornabantur.

268 1289 358 1324 Inde
374 1302 480 1335 porro
498 1302 517 1323 a
533 1296 691 1335 tempore
711 1289 855 1324 Caesaris
871 1290 947 1324 irn-

266 1347 445 1387 peratores
486 1341 743 1387 triumphantes
779 1355 947 1377 coronam

265 1393 422 1428 lauream
441 1394 552 1438 capite
569 1395 758 1439 gerebant,
779 1407 946 1429 ramum-

267 1458 335 1491 que
353 1445 513 1480 laureum
530 1458 639 1480 manu
656 1446 823 1481 tenebant
839 1457 846 1478 :
867 1447 946 1482 vide

267 1497 358 1532 Plin.
383 1498 432 1532 H.
454 1498 500 1533 N.
526 1496 597 1532 XV
610 1524 620 1541 ,
647 1499 691 1533 30
712 1513 720 1540 ;
755 1498 814 1533 ubi
840 1499 946 1533 etiam

265 1562 376 1585 causae
396 1551 720 1585 commemorantur
737 1550 841 1595 hujus
857 1550 945 1585 tanti

266 1602 410 1636 honoris
423 1602 520 1636 lauro
536 1601 654 1636 hahiti.
665 1620 709 1628 —-
720 1602 850 1643 Latiis,
869 1602 945 1636 La·-

265 1654 364 1689 tinis:
377 1653 455 1688 vide
471 1654 594 1688 Heins.
604 1670 649 1679 ——·
658 1655 771 1688 Latiis
782 1667 845 1699 pro
859 1657 947 1691 laetis

264 1708 433 1743 debemus
451 1708 589 1743 Heinsii
605 1707 757 1753 ingenio.
769 1725 812 1733 ——
831 1706 945 1742 Codd.

263 1760 393 1802 nostri,
404 1763 500 1794 laetis.
509 1777 553 1785 ·-
563 1762 684 1800 aderis,
698 1772 822 1793 eorum
836 1759 946 1805 capita

265 1819 302 1847 et
327 1824 454 1846 manus
477 1810 625 1845 ornabis.
649 1811 702 1845 Ita
726 1813 862 1852 adesse,
890 1811 942 1852 X,

268 1865 327 1909 142
338 1890 347 1907 ,
365 1863 407 1898 de
425 1862 589 1909 cupressu
605 1875 613 1898 :
630 1865 742 1897 aderis
748 1865 945 1908 lugentibus.

311 1916 387 1950 561.
415 1917 552 1959 Longas
573 1927 725 1959 pompas.
756 1915 880 1957 Heius.
906 1929 948 1950 ex

265 1967 401 2002 duobus
415 1967 484 2002 suis
495 1993 505 2008 .
523 1966 687 2012 Scaligeri
702 1980 740 2001 ac
757 1967 875 2002 Jureti
889 1981 945 2002 ex-

263 2019 389 2065 cerptis
405 2026 440 2053 et
454 2018 584 2053 Graevii
606 2017 713 2061 cod„
730 2021 836 2063 longe
846 2033 946 2063 pom-

256 2084 322 2115 poe.
341 2071 416 2105 Nec
435 2069 590 2115 displicet
607 2070 640 2104 ei
668 2072 790 2104 ducent
803 2084 945 2115 pompas

262 2134 345 2157 cum
358 2121 622 2157 Barberiniano.
640 2122 799 2155 Francos.
811 2148 820 2165 ‚
842 2125 944 2166 longa

254 2186 397 2219 pompa,
418 2185 491 2207 non
513 2173 733 2217 improbante
758 2174 880 2207 Burm.
900 2192 944 2200 —·

261 2225 419 2268 Currum
430 2224 675 2271 triumphantis
682 2227 942 2272 anteibantcap-

258 2278 320 2313 tivi
334 2285 371 2312 et
381 2291 435 2312 res
450 2277 540 2312 bello
557 2284 664 2322 captae
678 2291 685 2318 ;
703 2278 943 2321 sequebantur

258 2330 386 2365 milites
398 2356 407 2373 ,
426 2329 509 2364 hinc
523 2331 630 2373 longoe
639 2341 782 2372 pompm.
810 2329 942 2364 Milites

259 2396 387 2429 magna
418 2389 453 2416 et
465 2385 553 2416 'la-la
575 2395 658 2416 voce
685 2384 851 2415 canebant
864 2408 873 2425 ‚
901 2383 940 2416 Io

259 2434 447 2480 triumphe!
459 2434 598 2468 Urbem
607 2433 764 2479 ingressi,
777 2433 941 2478 petebant

258 2499 321 2531 per
337 2486 429 2520 viam
445 2498 576 2520 sacram
598 2485 797 2528 Capitolium
808 2510 817 2524 ‚
837 2490 876 2517 ut
893 2483 941 2517 ibi

258 2537 386 2572 hostias
409 2544 624 2580 mactarent,
652 2536 804 2581 Jovique
825 2535 939 2581 Capi—

257 2591 368 2624 tolino
385 2597 465 2624 vota
479 2590 716 2635 persolverent
731 2602 739 2622 ε
764 2588 841 2623 vide
861 2588 913 2623 IV
927 2615 937 2632 ,

258 2641 363 2676 Trist.
380 2642 416 2676 II
427 2668 436 2685 ,
461 2645 499 2676 51
513 2655 605 2686 sqq.;
621 2642 746 2675 Horat.
768 2641 879 2686 Epod.
893 2654 936 2687 9;

256 2692 384 2727 Tibull.
398 2693 448 2736 ΙΙ,
465 2692 486 2726 6
499 2706 508 2736 3
521 2691 664 2737 Joseph.
680 2692 721 2726 Β.
737 2691 822 2726 Jud.
839 2691 911 2727 Vll
922 2716 933 2735 ,

1017 836 1030 856 1
1037 823 1117 857 8.-
1128 823 1299 866 Capitolia
1312 825 1570 869 visentpompas
1581 821 1693 871 ‘niagin

1014 875 1192 920 poeticum
1221 874 1309 910 mihi
1342 874 1525 910 videbatur
1537 902 1547 920 ,
1586 890 1693 922 quam

1013 927 1162 961 alterum
1177 954 1185 970 ,
1210 941 1343 971 pompa·
1363 932 1475 963 visent
1499 930 1694 973 Capitulum·

1012 977 1127 1022 itaque
1139 978 1223 1012 illud
1230 979 1397 1014 revocavi.
1411 979 1502 1014 Plin.
1515 980 1689 1024 Pan.xv1,

1012 1029 1032 1063 3
1049 1030 1227 1074 :Accipiet
1243 1033 1443 1075 Capitolium
1459 1045 1525 1066 nou
1541 1035 1694 1068 mimicos

1012 1094 1126 1116 currus
1139 1109 1147 1123 ‚
1171 1086 1235 1117 sed
1246 1087 1472 1127 imperatorem
1489 1092 1553 1120 etc.

1058 1134 1131 1168 562.
1148 1136 1308 1169 Postibus
1322 1136 1488 1180 Augustis
1500 1144 1563 1172 etc.
1577 1137 1692 1184 Supra

1014 1184 1107 1219 sores
1125 1185 1246 1220 Palatii
1268 1186 1372 1221 civica
1389 1200 1408 1221 e
1430 1200 1549 1232 quercu
1561 1200 1692 1223 corona

1011 1249 1177 1281 suspensa
1186 1244 1261 1272 erat
1273 1265 1282 1279 ‚
1298 1245 1333 1272 et
1345 1239 1388 1273 ad
1401 1246 1591 1286 utrumque
1603 1240 1692 1276 latus

1011 1291 1127 1323 laurus
1150 1288 1259 1324 stabat
1274 1316 1283 1334 ,
1313 1290 1529 1336 triumphalis
1558 1291 1690 1328 arbor:

1013 1340 1103 1375 Fast.
1116 1342 1169 1375 IV
1184 1368 1193 1386 ‚
1208 1342 1288 1389 593;
1304 1342 1359 1377 III
1370 1369 1379 1386 ,
1398 1343 1503 1378 Trist.
1518 1354 1548 1387 1,
1566 1344 1690 1389 35-48,

1012 1393 1069 1428 ubi
1083 1394 1198 1439 plures
1211 1394 1284 1439 ejus
1299 1394 1442 1430 honoris
1453 1408 1576 1432 causae.
1588 1395 1692 1432 Eam-

1015 1445 1097 1480 dem
1117 1446 1278 1480 arborem
1302 1453 1337 1481 et
1360 1445 1475 1483 Graeci
1497 1453 1577 1482 ante
1599 1449 1692 1484 sores

1010 1497 1222 1532 collocabant
1233 1510 1239 1531 :
1251 1498 1286 1531 H
1290 1498 1445 1545 esych.in
1452 1499 1692 1545 ΚώμυθαΡΙὶμ.

1011 1549 1060 1583 Η.
1084 1549 1127 1583 Ν.
1150 1552 1209 1591 15,
1228 1549 1271 1582 30
1295 1550 1365 1594 sqq.
1382 1549 1426 1596 39
1448 1562 1464 1588 z,
1484 1551 1617 1599 Luurus
1639 1553 1696 1585 vel

1007 1604 1203 1645 gratissima
1217 1602 1386 1641 domibus,
1398 1602 1550 1645 janitrix
1567 1603 1690 1636 Coesa—

1009 1667 1079 1688 rum
1104 1655 1360 1699 Pontficumque
1382 1667 1394 1688 ,-
1419 1657 1495 1688 sola
1517 1659 1552 1688 et
1574 1658 1690 1690 domos

1010 1710 1152 1740 exornat
1162 1732 1170 1745 ‚
1192 1710 1226 1739 et
1239 1711 1319 1740 ante
1333 1708 1454 1740 limina
1467 1709 1621 1741 excubat.
1638 1707 1692 1743 Ut

1009 1756 1057 1791 ibi
1074 1759 1239 1791 excubare
1250 1783 1258 1796 ,
1293 1756 1341 1791 sic
1362 1756 1418 1791 hic
1436 1761 1558 1803 custos.

1054 1808 1128 1843 563.
1155 1808 1460 1854 Tueriexquisitius
1471 1820 1576 1854 quam
1589 1834 1599 1853 ,
1617 1807 1690 1844 ha·-

1009 1859 1103 1894 bere.

1054 1911 1129 1945 565.
1159 1913 1301 1946 Fraudis
1331 1913 1480 1946 honores.
1511 1911 1536 1945 J
1538 1924 1594 1946 am
1627 1923 1686 1946 ar-

1008 1963 1101 1997 boris
1122 1970 1284 1998 naturam
1305 1977 1346 1998 ex
1362 1963 1485 2011 mytho
1506 1963 1686 2009 ingeniose

1009 2016 1144 2061 repetit.
1169 2015 1265 2050 Folia
1282 2015 1348 2050 dici
1369 2015 1483 2050 solent
1497 2027 1606 2050 comae
1622 2028 1694 2062 ar-v

1008 2069 1135 2103 borum
1156 2083 1164 2109 3
1193 2068 1253 2103 sed
1281 2081 1377 2103 nunc
1407 2067 1464 2102 illa
1488 2068 1688 2114 exquisitius

1009 2127 1111 2165 poeta
1124 2120 1390 2154 circumlocutus
1401 2126 1454 2154 est
1464 2119 1619 2164 ,frondeis
1631 2122 1688 2154 bo-

1008 2185 1120 2213 nores,
1150 2178 1189 2205 ut
1205 2171 1357 2205 Martial.
1379 2171 1430 2205 IX
1443 2196 1452 2214 ,
1481 2170 1599 2217 Epigr.
1616 2171 1657 2204 62
1672 2195 1683 2214 ,

1008 2236 1048 2258 ex
1065 2223 1098 2256 h.
1116 2223 1137 2256 l.
1156 2236 1164 2257 z
1181 2225 1360 2266 Perpetuos
1372 2235 1502 2266 sperare
1524 2225 1605 2257 licet
1622 2224 1691 2256 tibi

998 2274 1139 2318 frondis
1154 2275 1301 2307 honores.
1333 2273 1475 2307 Auctor.
1498 2271 1616 2306 Carm.
1639 2271 1684 2306 de

1006 2326 1191 2369 Phoenice,
1210 2339 1298 2360 vers.
1318 2338 1378 2359 10:
1398 2326 1510 2358 lucus
1519 2329 1685 2368 perpetua

995 2379 1135 2422 frondis
1141 2380 1262 2412 honore
1269 2381 1387 2411 virens.
1397 2375 1685 2422 PraeiveratYirg.

1006 2428 1134 2474 Georg.
1161 2428 1217 2471 II,
1246 2429 1310 2470 405
1329 2439 1336 2460 t
1354 2430 1510 2470 linguans
1531 2430 1565 2460 et
1588 2429 1685 2460 silvis

1002 2483 1115 2525 aquila
1137 2482 1283 2513 decussit
1315 2481 1476 2513 honorem.

1048 2534 1122 2567 565.
1136 2535 1255 2573 Paean,
1279 2532 1406 2577 Apollo
1421 2545 1439 2566 a
1451 2543 1562 2577 graeco
1579 2536 1658 2566 παίω
1668 2556 1681 2575 ,

1003 2585 1025 2618 i.
1035 2598 1065 2619 e.
1075 2588 1230 2634 Septumio,
1243 2611 1251 2627 ,
1266 2597 1361 2618 sano,
1376 2582 1491 2618 Schol.
1505 2581 1681 2627 Aristoph.

1003 2638 1045 2672 ad
1056 2639 1146 2673 Plut.
1160 2638 1278 2672 636-
1286 2637 1373 2672 Scal.
1386 2638 1486 2671 Poet.
1498 2637 1554 2670 lib.
1567 2636 1680 2681 1‚cap.

1002 2701 1097 2724 xxm
1106 2703 1114 2725 2
1123 2704 1140 2721 «
1151 2689 1363 2725 Acclamatio
1372 2689 1450 2733 fuit,
1461 2692 1487 2722 ’ἰε
1496 2695 1562 2732 καῖ,
1577 2692 1600 2722 ’ίε
1609 2694 1678 2731 καῖ,
