1832 3100
297 252 386 308 444

659 256 710 299 Ρ.
757 256 1001 302 OVIDII
1043 258 1344 306 NASONIS

298 368 321 388 »
345 344 532 394 Finibus
554 345 600 394 in
622 347 788 414 Lyciae,
814 349 948 412 longo
972 351 1064 398 Dea
1085 351 1197 400 fessa
1221 351 1371 402 labore

1641 351 1709 413 320

300 444 321 463 »
347 422 528 471 Sidereo
551 424 707 474 siccata
730 426 847 474 sitim
873 426 1052 489 collegit
1073 428 1127 476 ab
1153 440 1286 487 aestu;

297 520 320 541 ³>
347 500 582 566 Uberaque
610 501 838 551 ebiberant
860 504 975 552 avidi
996 503 1200 553 lactantia
1219 504 1325 553 nati.

295 597 319 618 »
346 577 480 625 Forte
503 577 644 626 lacum
669 579 861 627 melioris
879 599 1001 645 aquae
1024 581 1255 647 prospexit
1273 581 1320 628 in
1341 580 1440 630 imis

296 674 318 694 »
346 652 577 702 Vallibus:
603 667 793 718 agrestes
818 656 907 703 illic
930 656 1148 705 fruticosa.
1163 656 1368 719 legebant

296 751 318 771 »
346 730 522 778 Vimina
545 750 643 779 cum
665 732 835 796 juncis,
862 745 1115 799 gratamque
1138 734 1377 800 paludibus
1400 734 1564 784 ulvaml

1640 744 1705 796 345

296 829 319 849 »
344 807 567 865 Accessit,
594 809 830 875 positoque
855 829 970 874 genu
993 811 1169 860 Titania
1192 823 1350 860 terram

294 905 316 925 >›
344 884 537 941 Pressit,
561 896 613 931 ut
635 884 830 934 hauriret
851 886 1020 949 gelidos
1044 901 1204 955 potura
1226 889 1432 956 liquores.
1454 912 1478 933 »

295 982 317 1003 n
345 961 528 1008 Rustica
549 962 678 1009 turba
703 975 862 1011 vetant.
888 965 981 1013 Dea
1005 966 1067 1013 sic
1094 966 1238 1014 adfata
1259 978 1481 1021 vetantes:

297 1059 320 1079 «
347 1038 471 1101 Quid
494 1038 744 1104 prohibetis
766 1041 923 1106 aquis?
943 1061 1049 1090 usus
1072 1044 1318 1092 communis
1341 1061 1579 1110 aquarum:

297 1137 319 1156 »
347 1117 438 1164 Nec
460 1115 597 1164 solem
621 1118 853 1183 proprium
874 1119 1041 1167 Natura
1055 1157 1066 1177 ,
1091 1139 1170 1168 nec
1194 1140 1292 1169 aera
1315 1121 1441 1179 fecit,

1642 1134 1708 1170 350

296 1213 318 1233 >›
345 1193 436 1239 Nee
462 1205 613 1242 tenues
637 1195 779 1243 undas
802 1216 811 1243 :
836 1195 890 1243 ad
915 1196 1099 1262 publica
1122 1217 1300 1246 munera
1317 1198 1440 1255 veni;

297 1291 319 1310 >›
349 1269 461 1332 Quae
483 1282 652 1330 tamen,
678 1284 730 1320 ut
753 1272 865 1320 detis
880 1310 892 1331 ‚
917 1273 1103 1340 supplex
1124 1287 1230 1340 peto
1251 1295 1260 1322 :
1281 1294 1374 1323 non
1394 1281 1475 1337 eg‘o
1496 1285 1680 1322 nostros

293 1423 336 1433 —-
351 1407 486 1449 Siccus,
513 1410 628 1443 aridus
653 1415 689 1443 et
712 1412 845 1453 αὐαλέος,
862 1410 905 1444 de
921 1411 969 1445 si-

292 1459 412 1493 tiente.
421 1476 465 1484 ·-·
477 1461 637 1504 Colligere
650 1465 741 1495 silim
751 1488 761 1503 ,
775 1469 813 1496 ut
833 1463 876 1506 V,
894 1463 967 1506 446.

292 1525 336 1535 —·
351 1507 472 1543 Codex
492 1511 621 1555 Regius
632 1512 663 1545 B
680 1512 784 1547 habet
796 1517 968 1557 concepil,·

294 1573 391 1605 aeque
409 1563 514 1607 recipi
532 1571 655 1608 potest.
673 1567 738 1598 Ed.

337 1614 412 1656 343.
431 1616 528 1648 For-le
544 1618 735 1650 lacum'etc.
762 1617 863 1661 Apud
885 1617 969 1650 An-

295 1666 458 1700 toninum
478 1668 575 1702 venit
599 1667 639 1702 ad
666 1668 827 1702 Melitem
844 1668 861 1715 (
878 1669 970 1714 apud

297 1717 454 1752 Probum
467 1744 476 1762 ,
495 1718 538 1752 ad
552 1719 684 1754 Melam
697 1719 846 1762 >sontem
857 1747 865 1759 ‚
883 1721 971 1765 ejus-

297 1782 364 1813 que
382 1782 469 1814 aqua
482 1771 532 1804 uti
550 1771 623 1805 vult
640 1771 681 1804 ad
699 1771 887 1806 abluendos
904 1772 970 1806 in—

295 1821 408 1855 fantes
423 1835 431 1862 ;
460 1822 520 1856 sed
549 1822 721 1867 prohibita
748 1836 766 1856 a
790 1823 967 1867 bubulcis,

295 1873 447 1907 infantes
478 1880 593 1918 portat
623 1874 666 1908 ad
696 1874 878 1908 Xanthum
902 1874 973 1909 flu·-

298 1925 395 1959 vium
407 1952 416 1969 ,
436 1932 471 1959 et
484 1925 566 1960 inde
584 1939 721 1961 reversa
738 1934 889 1972 pastores
913 1927 972 1961 la-

297 1975 378 2019 pide
394 1988 571 2021 percussos
585 1985 696 2012 mutat
718 1978 754 2012 in
771 1991 883 2012 ranas.
900 1977 972 2012 Sed

297 2029 471 2073 majorem
486 2031 828 2066 commiserationem
852 2031 972 2066 Ovidii

294 2081 506 2125 figmentum
523 2083 611 2118 facit.
627 2101 671 2109 —
685 2085 855 2123 Melioris,
878 2083 973 2128 quod

299 2147 362 2178 pro
394 2137 569 2169 mediocn's
607 2136 738 2180 recepit
776 2130 941 2170 Heinsius
962 2161 972 2179 ,

300 2198 411 2230 quum
428 2185 519 2220 hanc
532 2199 630 2220 suam
649 2187 887 2231 conjecturam
901 2198 974 2222 uno

300 2237 452 2273 Strozzae
468 2237 549 2272 MS.
558 2238 803 2272 confirmatam
816 2238 954 2272 vidisset
963 2263 972 2280 ,

299 2302 375 2323 non
392 2289 486 2328 male*
497 2301 532 2323 se
546 2288 670 2330 habet;
689 2302 799 2333 quum
816 2289 911 2322 enim
927 2289 975 2322 la-

301 2353 360 2375 cus
376 2339 550 2375 turbidam
567 2340 639 2374 sere
656 2352 782 2384 aquam
801 2339 951 2373 habeant
963 2365 973 2382 ‚

300 2405 374 2427 non
392 2399 525 2426 temere
549 2398 736 2434 monetur,
760 2391 932 2425 Latonam
955 2404 975 2424 a

301 2448 434 2480 meliore
450 2457 538 2489 aqua
553 2444 733 2478 invitatam
756 2457 827 2478 esse
852 2443 894 2477 ad
913 2443 975 2478 bi-

299 2497 468 2532 bendum.
497 2496 544 2530 Et
559 2500 675 2530 melior
693 2502 789 2530 certo
816 2502 975 2541 respectu

300 2549 429 2593 legitur
445 2548 550 2583 etiam
565 2549 600 2592 I,
615 2562 664 2596 79.
681 2548 908 2583 Burmannus
917 2561 976 2593 pu-

302 2608 352 2635 tat
363 2627 371 2644 ‚
385 2601 602 2636 adsentiente
612 2601 779 2648 Verheyk
789 2600 830 2634 ad
843 2601 975 2635 Anton.

302 2653 338 2686 in
369 2655 514 2686 melioris
538 2654 645 2687 latere
667 2665 799 2686 nomen
826 2654 975 2687 Meliten.

305 2723 348 2731 —
359 2703 506 2739 Codices
521 2706 631 2739 nostri
652 2705 782 2740 habent
793 2707 976 2740 mediocris.

306 2757 505 2793 Heinsianae
525 2758 734 2803 conjecturae
756 2765 791 2793 et
810 2757 863 2792 Cl.
888 2759 976 2791 Gie-

1033 1414 1087 1455 rig
1100 1411 1256 1456 opinioni
1275 1411 1444 1457 tantisper
1454 1410 1708 1446 adhaereamus:

1034 1463 1117 1509 quid
1140 1464 1307 1509 significat
1329 1464 1508 1509 epitheton
1529 1466 1674 1498 melioris
1688 1467 1708 1500 ,Ρ

1035 1515 1130 1560 quod
1141 1541 1152 1558 ‚
1175 1528 1285 1560 quum
1302 1515 1600 1561 comparationem
1615 1515 1710 1550 indi*

1035 1573 1109 1609 cet,
1130 1567 1178 1600 ihi
1198 1567 1343 1601 minime
1363 1568 1551 1602 convenire
1573 1573 1685 1612 potest
1698 1592 1708 1610 ,

1034 1618 1094 1651 ubi
1120 1619 1214 1652 nulla
1248 1632 1345 1664 aquae
1371 1619 1552 1663 cuiuslibet
1575 1616 1710 1655 mentio

1034 1668 1122 1701 facta
1132 1669 1206 1702 suit.
1222 1670 1333 1703 Porro
1345 1671 1524 1715 epitheton
1536 1673 1710 1704 mediocris

1036 1722 1190 1766 apprime
1204 1723 1377 1757 consentit
1393 1735 1474 1757 cum
1485 1722 1709 1766 sequentibus

1035 1772 1208 1813 versibus,
1226 1773 1289 1807 353
1310 1780 1345 1807 et
1366 1774 1450 1816 364:
1468 1773 1595 1808 dicitur
1614 1773 1709 1807 enim

1034 1823 1163 1858 >incolas
1177 1826 1392 1869 pedibusque·
1404 1837 1563 1869 manuque
1588 1827 1709 1858 turba-

1039 1879 1124 1909 oz'sse
1136 1878 1231 1909 lacus
1240 1902 1248 1915 ‚
1267 1879 1397 1920 iamque
1406 1889 1425 1910 e
1433 1878 1560 1920 gurgite
1566 1881 1630 1923 etc.
1638 1895 1640 1899 ν
1647 1901 1657 1919 ,
1674 1881 1710 1910 et

1037 1927 1090 1962 his
1107 1927 1219 1961 verbis
1233 1928 1394 1962 innuitur
1404 1927 1517 1962 laeum
1526 1928 1628 1972 fuisse
1639 1939 1709 1961 me-

1037 1980 1189 2013 diocrem.
1209 1979 1291 2013 Jam
1306 1978 1452 2014 diximus
1468 1978 1603 2013 Heinsii
1617 1989 1709 2013 cou-

1038 2031 1178 2076 jecturis
1190 2043 1279 2076 saepe
1289 2030 1481 2065 infelicibus
1491 2028 1710 2064 textumOvi·

1039 2082 1183 2116 dianum
1197 2083 1298 2117 fuisse
1314 2083 1527 2117 subversum.
1543 2084 1609 2117 Ed.

1082 2134 1157 2177 348.
1179 2135 1290 2168 Tuffia
1305 2138 1438 2176 velana·
1457 2132 1604 2167 Codices
1619 2145 1710 2167 nos-

1040 2186 1083 2220 tri
1099 2212 1108 2230 ,
1126 2189 1220 2220 turba
1240 2191 1353 2228 velat‚·
1379 2185 1475 2219 idem
1499 2192 1560 2219 est.
1577 2186 1644 2219 Ed.
1667 2202 1711 2210 ·-·

1041 2237 1071 2271 E
1084 2238 1180 2271 turba
1190 2241 1322 2271 vetante
1336 2249 1355 2270 a
1366 2237 1484 2271 Probo
1493 2247 1711 2271 commemo—

1039 2297 1136 2324 ratur
1146 2289 1290 2324 Neocles
1303 2295 1429 2333 pastor.

1083 2342 1157 2388 349.
1185 2342 1278 2383 Quid
1289 2342 1472 2383 prohibetis·
1496 2345 1560 2373 etc.
1585 2338 1711 2373 Oratio

1039 2394 1136 2428 sortis
1151 2393 1193 2427 ad
1211 2391 1493 2438 persuadendum
1505 2397 1542 2425 et
1557 2403 1712 2425 moven—

1041 2445 1325 2488 dum—Aquis,-
1342 2443 1445 2488 vulgo
1458 2468 1468 2486 ‚
1485 2443 1521 2477 et
1538 2442 1575 2477 in
1586 2442 1713 2477 nostris

1043 2496 1229 2530 codicibus
1237 2495 1354 2540 Regiis
1364 2520 1374 2538 ,
1385 2507 1515 2539 aquas,·
1534 2493 1611 2528 vide
1620 2495 1714 2528 Bur-

1040 2559 1223 2582 mannum.
1238 2565 1281 2572 —
1299 2544 1491 2581 Communis
1509 2557 1608 2589 usus,·
1625 2544 1712 2579 libro

1041 2598 1058 2633 I
1069 2624 1078 2641 ‚
1100 2599 1158 2633 135
1174 2611 1182 2632 :
1206 2600 1448 2633 Communem...
1465 2599 1596 2631 humum
1616 2599 1713 2638 longo

1038 2654 1185 2694 signauit
1197 2653 1300 2684 limite
1312 2648 1602 2684 mensam-Paulo
1614 2653 1689 2692 post
1702 2672 1713 2689 ,

1040 2704 1077 2737 in
1088 2716 1189 2738 versu
1201 2704 1265 2738 353
1275 2729 1284 2746 ,
1303 2715 1366 2748 pro
1379 2707 1490 2744 artus,
1510 2701 1563 2735 vir
1578 2699 1711 2740 doctus,

1040 2756 1078 2790 in
1095 2756 1244 2800 Ephem.
1260 2755 1309 2789 lit.
1322 2754 1478 2790 Norimb.
1491 2752 1638 2796 conject.
1648 2763 1713 2784 na-
