1832 3100
260 250 318 292 26
794 251 1151 295 PRAEFATIO

259 340 328 390 Cf.
361 342 457 399 III,
493 340 546 399 5;
581 342 716 400 VIII,
745 343 861 409 [477;
885 344 975 401 IX,
1005 342 1112 404 408.
1142 344 1235 391 Nec
1262 342 1438 409 placent
1456 345 1504 393 hi
1527 344 1682 406 lusus,

257 426 323 472 VI
339 462 350 482 ‚
373 423 489 482 560,
508 423 658 488 lingua
681 437 846 474 resecta
865 426 1035 474 moriens
1056 424 1234 474 dominae
1253 427 1425 492 vestigia
1447 429 1615 494 quoerit,
1642 441 1686 478 et

258 528 384 558 versu
410 508 524 575 708,
546 508 732 558 volando
750 511 902 559 Boreae
917 520 1102 558 arserunt
1118 510 1264 575 agitati
1263 511 1422 577 fhrtius
1443 513 1564 579 1grnes.
1589 514 1683 578 Qui

257 591 435 659 proprie
456 592 662 641 dicuntur
679 592 823 656 ignes,
846 591 1034 640 volando
1057 593 1232 658 quidem
1253 594 1483 643 ardescunt
1502 595 1682 655 fortius,

257 694 348 723 non
369 687 513 745 autem
539 674 626 733 illi,
653 695 765 742 quos
784 694 901 725 nunc
929 687 1060 742 poeta
1079 675 1298 740 intelligit.
1338 706 1389 714 —
1412 680 1527 737 XII,
1563 678 1682 742 614,

257 758 509 826 praeclarum
520 771 797 826 praecesserat
808 759 1096 827 epiphonema
1104 798 1116 818 ,
1134 759 1204 809 cui
1218 772 1363 810 autem
1376 761 1500 812 lusus
1509 762 1686 831 ineptis-

259 841 395 891 simus
428 842 684 908 subjicitur,
719 853 901 891 armarat
925 844 1047 892 Deus
1075 842 1180 892 idem
1195 883 1208 900 ,
1242 844 1426 911 idemque
1451 857 1652 896 cremarat
1669 864 1686 893 :

258 924 482 974 Vulcanus
502 945 619 974 arma
642 926 734 991 ejus
755 926 1059 984 fabricaverat,
1096 939 1140 975 et
1161 927 1277 991 ignis
1307 946 1467 996 corpus
1491 929 1585 994 ejus
1604 929 1685 980 ab·

259 1020 484 1057 sumserat.
505 1008 729 1076 Halcyone
746 1009 890 1058 mariti
906 1009 1180 1074 naufragium
1198 1022 1398 1061 metuens
1410 1048 1423 1069 ,
1444 1022 1488 1059 et
1502 1011 1688 1075 graviter

260 1091 438 1150 dolens,
464 1095 558 1150 XI,
588 1110 680 1158 700
703 1113 713 1141 :
737 1094 868 1142 Nunc
883 1094 1025 1142 absens
1047 1112 1191 1160 pereo,
1212 1094 1354 1162 jactor
1372 1094 1687 1162 nuncfluctibus

255 1174 399 1222 absens
412 1214 423 1230 ,
463 1175 529 1222 Et
552 1175 637 1223 sine
661 1195 724 1223 me
751 1195 814 1224 me
832 1186 984 1242 pontus
1011 1176 1132 1225 habet
1143 1197 1161 1232 ;
1201 1196 1298 1243 quae
1330 1177 1511 1240 argutiae
1545 1176 1687 1227 multo

258 1257 493 1307 deteriores
514 1258 644 1307 etiam
668 1271 772 1307 sunt
795 1259 908 1317 illis,
943 1279 1051 1326 quas
1066 1258 1246 1309 Thisbae
1274 1258 1447 1308 tribuit.
1470 1258 1617 1309 Etiam
1639 1259 1687 1308 in

256 1339 356 1389 lusu
382 1342 616 1390 verborum
641 1342 813 1391 lascivia
841 1344 933 1408 ejus
955 1343 1117 1410 passim
1136 1342 1340 1391 cernitur.
1376 1372 1428 1380 -·
1449 1345 1541 1402 XI,
1568 1342 1685 1405 484,

256 1423 355 1473 loco
384 1462 396 1483 ,
456 1446 544 1492 quo
582 1426 726 1475 studia
764 1439 997 1475 nautarum
1033 1426 1080 1474 in
1115 1426 1456 1493 praesentissimo
1490 1424 1688 1493 periculo

259 1510 428 1573 egregie
462 1522 696 1570 notantur,
733 1511 856 1577 egerit
886 1510 953 1558 hic
962 1508 1123 1577 fluctus
1142 1549 1153 1566 ‚
1195 1528 1410 1576 aequorque
1443 1509 1620 1575 refundit
1645 1509 1687 1556 in

257 1610 407 1658 oequor.
433 1622 485 1629 -
503 1596 620 1652 XII,
648 1593 741 1660 [493
754 1631 766 1652 ,
795 1594 980 1643 Caeneus
999 1612 1143 1642 ensem
1163 1593 1338 1660 corpori
1353 1591 1506 1642 hostili
1520 1591 1689 1640 immis—

259 1695 356 1726 sum
374 1697 505 1726 manu
524 1697 699 1727 versans
716 1679 869 1727 vulnus
886 1678 927 1725 in
946 1677 1116 1726 vulnere
1115 1675 1234 1743 ficit.
1256 1676 1408 1742 Atque
1428 1673 1688 1740 repetitione

258 1759 494 1808 verborum
511 1760 659 1827 inepta
680 1760 917 1827 saepissime
936 1759 1078 1819 ludit,
1101 1777 1236 1825 eaque
1257 1768 1380 1806 tanto
1397 1754 1535 1821 magis
1559 1754 1692 1803 offen-

260 1845 351 1903 dit,
391 1845 567 1911 quando
591 1844 637 1892 in
662 1845 811 1894 eadem
831 1842 981 1892 sabula
1000 1842 1102 1910 plus
1132 1841 1264 1891 semel
1285 1839 1488 1889 occurrit.
1519 1867 1571 1875 —
1599 1839 1691 1894 IV,

267 1947 407 1995 170-1
417 1928 478 1995 95
499 1946 508 1974 τ
532 1929 652 1995 Cepit
666 1948 783 1977 amor
793 1927 931 1977 Solem
947 1946 962 1972 :
981 1926 1092 1975 Solis
1109 1925 1321 1991 referemus
1332 1941 1500 1971 amores.
1522 1948 1574 1958 --
1589 1920 1693 1968 Pri-

261 2032 350 2061 mus
375 2013 463 2061 Hic
500 2013 651 2062 vidisse
679 2013 801 2062 Deus
825 2030 841 2056 .·
867 2009 986 2060 videt
1011 2010 1077 2058 hic
1109 2010 1232 2058 Deus
1257 2007 1393 2056 omnia
1415 2006 1586 2072 primus.
1634 2032 1687 2040 —

264 2095 311 2144 T
307 2105 414 2144 ectos
434 2095 506 2161 qui
521 2095 630 2142 laesit
651 2113 805 2142 amores
821 2133 834 2150 ,
871 2093 1015 2142 Laedit
1041 2111 1177 2141 amore
1198 2091 1307 2158 pari.
1339 2118 1390 2126 —-
1422 2088 1531 2137 Tuis
1558 2103 1695 2136 omnes

263 2179 337 2245 qui
357 2189 485 2227 terras
506 2178 663 2244 ignibus
686 2178 792 2233 uris,
830 2177 974 2225 Ureris
1000 2177 1091 2242 {qne
1117 2194 1217 2224 novo
1231 2193 1249 2230 ,·
1279 2173 1422 2239 quique
1446 2169 1583 2218 omnia
1605 2187 1694 2217 cer-

263 2280 356 2309 nere
377 2260 496 2309 debes
511 2300 523 2316 ‚
550 2258 805 2308 Leucotheen
828 2268 995 2324 spectas.
1026 2256 1246 2305 Puerilem
1263 2252 1595 2303 adfectationem
1610 2251 1694 2299 ista

261 2344 458 2401 habent;
493 2343 540 2391 in
573 2342 737 2409 quibus
772 2353 915 2389 tamen
949 2339 1164 2407 placuisse
1198 2336 1284 2394 sibi
1315 2347 1446 2403 poeta
1482 2332 1691 2381 videtur:

262 2446 408 2494 neque
428 2427 535 2476 adeo
558 2445 658 2475 eum
671 2437 781 2492 puto
797 2435 1066 2474 resecturum
1079 2422 1212 2471 fuisse
1228 2420 1330 2469 talia
1341 2456 1354 2477 ,
1373 2418 1412 2467 si
1422 2416 1489 2465 vel
1507 2416 1693 2466 maxime

265 2522 499 2558 retractare
538 2528 652 2576 opus
685 2508 914 2576 potuisset.
954 2508 1155 2569 Rogatus
1188 2503 1303 2552 enim
1336 2499 1573 2567 aliquando
1589 2535 1602 2556 ‚
1642 2509 1694 2546 ut

267 2594 452 2650 Seneca,
488 2591 680 2639 Declam.
708 2592 753 2638 II
768 2628 780 2648 ,
819 2589 950 2637 refert
964 2626 976 2647 ,
1015 2588 1070 2636 ab
1105 2585 1253 2635 amicis
1268 2623 1280 2644 ,
1316 2596 1370 2632 ut
1398 2581 1572 2631 tolleret
1605 2591 1692 2627 tres

267 2695 443 2734 versus,
481 2675 637 2742 petivit
660 2674 871 2731 invicem,
909 2684 961 2722 ut
985 2684 1073 2721 tres
1107 2671 1324 2737 exciperet
1340 2706 1352 2727 ,
1392 2667 1438 2715 in
1463 2683 1575 2731 quos
1605 2661 1693 2710 illis

270 2758 382 2809 nihil
398 2757 561 2807 liceret.
583 2756 944 2822 Conscripserant
959 2754 1048 2813 illi,
1072 2772 1185 2821 quos
1203 2751 1300 2801 tolli
1317 2749 1504 2809 vellent;
1526 2756 1692 2796 secreto
