1832 3100
156 78 170 90 ·.
124 0 161 66 ἐμὲ

369 239 1056 287 METAMORPHOSEON
1095 241 1222 287 LIB.
1262 242 1353 288 IV.

1484 241 1571 286 305

158 335 290 384 Hunc
314 353 519 402 quoque,
543 332 711 382 siderea
734 331 811 399 qui
837 343 1051 399 temperat
1075 333 1221 381 omnia
1245 333 1340 382 luce
1355 372 1367 392 ‚

157 412 288 479 Cepit
309 429 432 461 amor
453 409 631 459 Solem:
654 408 774 458 Solis
796 410 1034 459 referemus
1058 428 1242 458 amores.

1512 438 1573 473 170

155 489 330 538 Primus
351 487 615 555 adulterium
640 488 826 536 Veneris
851 507 950 536 cum
974 488 1119 536 Marte
1143 499 1327 555 putatur

156 566 242 616 Hic
264 565 424 614 vidisse
445 565 569 614 Deus
589 584 599 613 :
624 564 744 613 videt
765 564 838 612 hic
861 565 983 613 Deus
1007 564 1153 613 omnia
1174 565 1358 631 primus.

153 642 355 692 Indoluit
373 642 517 700 facto;
542 642 925 708 Junonigenaeque
948 642 1106 690 marito

153 721 291 770 Furta
313 720 423 779 tori,
447 720 645 786 furtique
668 719 815 768 locum
837 720 1099 768 monstravit
1118 740 1128 768 ε
1150 729 1194 768 at
1217 719 1283 768 illi

152 798 214 846 Et
235 816 386 856 mens,
411 795 457 846 et
480 796 603 863 quod
625 816 739 864 opus
762 796 934 845 fabrilis
958 797 1108 847 dextra
1132 798 1340 857 tenebat,
1510 814 1572 860 175

152 874 332 923 Excidit
355 894 366 922 :
391 874 612 942 extemplo
639 874 821 937 graciles
845 894 897 922 ex
916 894 996 923 aere
1022 886 1194 923 catenas
1210 913 1222 933 ,

152 957 371 1023 Retiaque
385 994 397 1015 ‚
421 969 466 1005 et
489 956 698 1023 laqueos,
726 976 822 1023 quae
846 956 1014 1005 lumina
1036 955 1185 1005 fallere
1208 958 1408 1024 possint,

150 1038 317 1089 Elimat
335 1061 346 1090 :
367 1059 461 1089 non
483 1039 596 1088 illud
620 1060 734 1107 opus
756 1040 1012 1089 tenuissima
1036 1041 1214 1089 vincant

151 1123 377 1181 Stamina;
400 1144 495 1172 non
518 1143 691 1172 summo
716 1143 813 1190 quae
834 1124 999 1190 pendet
1020 1143 1173 1172 aranea
1199 1125 1323 1187 tigno
1349 1145 1359 1172 z

152 1207 304 1272 thue
325 1205 442 1255 leves
465 1218 608 1255 tactus
632 1218 943 1272 momentaque
967 1225 1102 1272 parva
1125 1218 1367 1273 sequantur
1381 1244 1393 1264 ‚

153 1346 198 1382 de
221 1346 397 1381 amoribus
419 1346 636 1382 Leucothees
657 1353 693 1382 et
716 1346 828 1388 Solis,

152 1411 240 1434 vers.
258 1400 432 1447 190-255;
451 1398 493 1433 de
511 1398 626 1446 Clytie
642 1411 729 1434 vers.
747 1399 833 1434 256-

153 1465 230 1498 ²7⁰·
247 1451 301 1487 Ac
317 1451 430 1498 prima
452 1452 596 1498 quidem
617 1465 691 1487 non
714 1453 831 1498 perti-

151 1504 259 1540 nebat
268 1503 310 1539 ad
319 1503 502 1539 consilium
514 1505 715 1540 Leuconoes
724 1530 733 1548 ,
752 1517 830 1550 quae

152 1557 242 1591 Solis
250 1563 309 1591 tan
313 1563 390 1591 tum
404 1569 534 1591 amores
543 1556 663 1601 nferre
672 1556 809 1591 volebat
818 1570 828 1598 ς

150 1621 276 1642 verum
292 1607 355 1643 hos
377 1608 460 1643 inde
479 1608 628 1654 repetiit.
654 1608 830 1643 Potuisset

150 1673 230 1695 eam
245 1660 353 1695 verbo
369 1668 511 1706 tangere
525 1674 533 1702 ;
557 1660 617 1695 sed
628 1686 637 1704 ,
655 1673 733 1706 quae
750 1660 828 1695 Su-

148 1713 242 1759 peris
263 1719 445 1758 tantopere
464 1712 660 1758 placuerat,
689 1720 724 1747 et
746 1725 829 1747 cum

149 1766 192 1801 ab
213 1765 288 1810 his,
315 1773 392 1801 tum
407 1779 427 1800 a
444 1766 648 1801 mortalibus
668 1765 829 1800 oblecta—

147 1820 253 1855 tionis
261 1832 362 1856 causa
370 1833 460 1866 saepe
471 1819 700 1855 adhibebatur
712 1820 828 1867 (Virg.

149 1871 279 1919 Georg.
297 1872 372 1916 IV,
393 1870 496 1918 345),
520 1885 599 1907 eam
616 1885 682 1906 nec
704 1872 745 1906 ab
761 1872 829 1908 hoc

146 1937 212 1960 suo
237 1919 344 1970 opere
367 1925 483 1960 abesse
505 1924 696 1970 petulantia
716 1931 829 1969 poetae

148 1975 276 2019 voluit,
288 1989 356 2010 nec
371 1975 412 2010 ab
424 1975 499 2010 Art.
512 1975 590 2010 Am.
605 1975 661 2018 11,
679 1975 740 2009 561
754 1987 827 2019 sqq.

150 2027 287 2062 Auctor
303 2028 380 2073 ejus
401 2034 453 2063 est
471 2027 650 2062 Homerus
661 2053 670 2070 ,
690 2026 760 2060 od.
777 2033 804 2061 Θ
816 2052 826 2070 ,

150 2079 216 2114 1166
236 2093 311 2126 sqq.
335 2080 395 2115 ubi
415 2079 641 2115 Demodocus
658 2079 827 2114 citharoe-

149 2130 236 2175 dus,
259 2132 387 2167 festum
409 2132 583 2167 celebrare
599 2133 732 2178 jussus,
749 2143 828 2166 earn

151 2183 535 2221 Phaeacensibuscanit:
551 2187 594 2220 cs.
612 2185 745 2233 Hygini
760 2184 828 2219 sab.

152 2237 225 2281 148.
240 2236 383 2272 Lucian.
395 2237 487 2272 Diah
503 2237 612 2273 Deor.
628 2238 829 2283 17.1mpr0-

147 2289 207 2324 bat
218 2289 285 2324 sab.
299 2290 399 2325 Plato
409 2317 419 2335 ,
432 2291 520 2336 Rep.
534 2291 599 2325 ΙΙΙ.
611 2289 755 2337 Heynio
764 2315 773 2333 ,
790 2289 827 2324 in

145 2341 235 2376 libro
251 2343 394 2388 Antiqu.
413 2343 604 2388 Aussaetze
623 2343 639 2377 Ι
654 2369 663 2385 ,
689 2357 721 2389 p.
747 2342 804 2377 161
816 2368 826 2387 ,

147 2401 224 2429 orta
231 2394 373 2429 videtur
384 2407 425 2430 ex
439 2393 674 2440 Cosmogonia
684 2421 694 2438 ,
709 2395 746 2429 in
759 2408 827 2441 qua

144 2446 350 2491 conjunctio
379 2447 640 2482 elementorum
677 2454 712 2482 et
742 2447 826 2482 inde

144 2505 223 2533 orta
235 2510 356 2533 rerum
375 2498 560 2536 harmonia
572 2526 581 2544 ,
600 2513 718 2535 amore
731 2500 826 2534 Mar-

144 2550 188 2585 tis
209 2556 245 2584 et
262 2549 412 2585 Veneris
425 2563 617 2597 earumque
634 2552 704 2587 filia
722 2552 826 2587 Har-

147 2603 268 2638 monia
283 2629 293 2646 ,
312 2602 517 2639 adumbrata
541 2604 594 2638 sit.
618 2604 670 2638 Ex
686 2604 828 2640 historia

146 2667 225 2691 rem
241 2654 395 2701 expediri
411 2655 486 2690 vult
502 2656 653 2702 Palaeph.
668 2669 740 2702 cap.
756 2657 810 2692 63.

192 2720 267 2753 170.
283 2709 381 2753 Cepi!
394 2721 491 2743 amor
503 2709 621 2743 Solem.
633 2708 738 2743 Ludit
750 2722 826 2744 rur-

146 2771 203 2795 sus
222 2760 356 2804 verbis,
377 2761 490 2805 Solis,
515 2762 623 2797 Solem
633 2772 648 2806 3
676 2763 803 2799 w'dezcse
815 2789 825 2806 ‚

270 2827 375 2872 III.

1512 1223 1573 1255 180

895 1348 997 1381 videl.
1017 1346 1074 1381 De
1092 1345 1173 1381 Sole
1189 1349 1303 1381 omnia
1318 1347 1467 1387 videam,
1495 1346 1574 1380 vide

896 1397 940 1431 ad
950 1398 967 1432 I
976 1423 986 1440 ,
1000 1397 1342 1445 769.—Junom'gena
1351 1425 1360 1438 ‚
1375 1397 1555 1432 Vulcanus
1564 1424 1574 1441 ,

896 1463 1004 1495 quem
1028 1451 1127 1484 Juno
1148 1450 1202 1484 vel
1225 1464 1265 1484 ex
1288 1450 1399 1492 Jove,
1423 1449 1478 1484 vel
1498 1449 1574 1484 sine

895 1509 993 1548 patre
1018 1502 1187 1548 concepit.
1212 1501 1364 1537 Videtur
1380 1500 1486 1536 Ovid.
1502 1501 1574 1546 ipse

894 1556 963 1591 hoc
971 1569 1046 1590 voc.
1055 1556 1173 1591 secisse
1186 1583 1194 1595 ,
1214 1562 1254 1590 ut
1267 1559 1455 1600 angmjgena
1466 1581 1475 1595 ,
1496 1555 1574 1598 ΙΙΙ,

896 1609 956 1643 531
969 1622 978 1651 ;
993 1611 1164 1653 aurigena,
1175 1607 1223 1652 V,
1237 1610 1301 1642 250
1312 1622 1320 1648 ;
1333 1609 1557 1651 dracomgrena
1566 1634 1573 1646 ,

894 1663 971 1706 111‘,
987 1663 1079 1698 Fast.
1091 1662 1328 1697 865.--Furta
1339 1664 1413 1695 tori.
1426 1661 1576 1695 Homer.

893 1717 982 1760 λέχος
1000 1714 1029 1750 δ’
1043 1720 1156 1766 ᾔσχυνε
1173 1720 1226 1751 καὶ
1239 1717 1323 1756 εὐνὴν
1340 1705 1516 1760 [ἰξαίστσιο.

941 1772 1015 1814 175.
1030 1770 1131 1802 Mens
1151 1770 1282 1802 excidit
1295 1767 1348 1810 ei,
1373 1765 1433 1811 qui
1450 1766 1578 1800 obstu—

894 1821 1000 1866 pescit
1014 1847 1023 1865 ‚
1049 1827 1088 1854 ut
1110 1827 1230 1854 mente
1253 1820 1406 1865 privatus
1420 1845 1429 1862 ,
1453 1831 1575 1852 amens

893 1872 1063 1906 videatur.
1077 1871 1182 1916 Cons.
1195 1871 1232 1905 II
1243 1897 1253 1914 ,
1267 1871 1329 1905 601
1345 1896 1354 1913 ,
1373 1869 1432 1903 ubi
1443 1871 1555 1903 vultus
1566 1896 1574 1908 ‚

887 1926 1052 1967 plectrum
1070 1930 1106 1958 et
1120 1926 1213 1958 color
1230 1922 1385 1968 Apollini
1402 1920 1577 1956 excidunt.

896 1976 1087 2011 Exornavit
1100 1983 1219 2010 autem
1230 1975 1358 2011 Noster
1367 1974 1415 2010 sic
1423 1974 1579 2009 Homeri

894 2031 1055 2073 θνμκλγέα
1067 2034 1158 2072 μῦθον
1175 2030 1292 2063 ἄκουσε.

941 2081 1013 2127 176.
1042 2082 1218 2121 Graciles,
1237 2087 1370 2115 tenues.
1395 2080 1472 2125 Ipse
1493 2090 1576 2113 mox

894 2132 1057 2167 describit
1084 2132 1292 2167 tenuitatem
1321 2145 1362 2167 ex
1385 2132 1548 2166 Homero
1566 2143 1575 2165 t

892 2177 964 2222 ἱξεῖτ’
981 2186 1116 2235 ἀράχνια
1130 2187 1222 2221 λεπτὰ
1234 2211 1243 2229 ‚
1262 2185 1331 2230 τώγ’
1351 2190 1381 2220 οὔ
1396 2187 1428 2220 κε’
1444 2201 1491 2223 τις
1509 2187 1575 2220 owe·

891 2242 999 2273 ’ἰδ’σιτο.
1016 2257 1060 2263 -
1069 2240 1236 2282 Relinque
1247 2244 1313 2272 etc.
1323 2236 1429 2283 Apud
1442 2237 1575 2271 Home-

891 2303 974 2324 rum
987 2291 1067 2325 sacit
1086 2295 1212 2335 θεσμοὺς
1226 2317 1235 2334 ,
1260 2290 1343 2325 inde
1365 2291 1494 2326 Noster
1510 2289 1576 2324 tria

891 2343 972 2378 secit
986 2369 995 2386 ,
1021 2348 1162 2378 calenas
1174 2371 1183 2383 ,
1209 2347 1295 2378 retia
1306 2371 1314 2384 ‚
1343 2346 1480 2388 laqueos
1493 2368 1500 2382 ‚
1533 2354 1577 2375 ez·

890 2408 962 2429 (τι-ε.
983 2395 1128 2442 Hygino
1142 2421 1152 2439 ,
1167 2409 1211 2430 ea:
1225 2397 1424 2436 adamante,
1444 2395 1465 2428 i.
1489 2407 1519 2428 e.
1535 2404 1577 2426 ex

890 2448 996 2482 ferro.
1016 2465 1061 2473 —-
1083 2449 1255 2492 laqueos,
1283 2461 1353 2492 qua·
1369 2475 1377 2488 ,
1405 2452 1574 2481 consueto

891 2510 1077 2548 poetarum
1090 2516 1204 2546 more,
1217 2503 1276 2547 qui
1289 2503 1471 2551 relativum
1482 2514 1571 2547 saepe

891 2555 1159 2590 accommodant
1173 2555 1353 2590 remotiori
1371 2555 1519 2590 nomini.

938 2607 1010 2652 178.
1022 2608 1162 2640 Elimal.
1174 2607 1416 2650 Burmannus,
1433 2606 1476 2641 ad
1487 2606 1569 2644 Am.

892 2660 909 2694 I
922 2686 931 2703 ,
954 2671 1045 2702 xnl,
1072 2674 1109 2705 7,
1137 2660 1352 2705 conjecturat
1366 2662 1501 2705 eliquat.
1528 2678 1572 2687 —

892 2712 1010 2746 Nostri
1030 2712 1129 2757 Regii
1148 2712 1278 2748 habent
1292 2715 1427 2757 ell'rnat‚·
1444 2713 1479 2747 id
1497 2720 1569 2757 est,

891 2763 1027 2809 perficit
1040 2764 1134 2802 lima.
1149 2767 1215 2810 Ed.
1226 2784 1269 2793 —
1281 2766 1389 2811 thue
1401 2768 1489 2802 leues
1504 2772 1569 2802 etc.

1328 2847 1384 2882 20
