1832 3100
315 240 404 296 466

679 245 730 286 P.
771 244 1010 290 ov1u11
1050 223 1351 295 NASONIs

296 358 339 380 -»
364 335 451 383 ,Cui
477 334 536 383 sis
558 347 695 401 nupta
720 335 841 394 vide,
869 338 1095 389 Pandione
1119 352 1221 389 nata
1237 378 1249 399 ,
1277 342 1463 400 marit0;

320 434 344 454 »
370 412 619 473 Degeneres
639 431 648 458 :
670 411 810 460 scelus
833 425 899 461 est
919 415 1058 480 pietas
1081 416 1128 463 in
1152 417 1336 482 conjuge
1353 420 1506 468 Tereo.
1532 443 1556 463 >›

1656 437 1722 472 635

311 489 406 536 Nec
427 507 570 544 mora,
592 489 724 536 traxit
745 490 844 556 Ityn
859 528 870 548 ,
892 490 1027 538 veluti
1059 492 1294 556 Gangetica
1315 513 1448 544 cervae

310 565 563 613 Lac-tentem
588 565 741 614 foetum
759 585 838 632 per
861 566 990 614 silvas
1016 568 1141 630 tigris
1167 588 1335 636 opacas.

309 643 459 708 thue
483 642 642 690 domus
666 642 761 690 altae
782 654 951 708 partem
978 655 1154 692 tenuere
1176 658 1411 705 remotam;

308 718 668 785 Tendentemque
691 738 846 767 manus
860 757 872 777 ‚
898 731 942 767 et
957 720 1043 784 jam
1068 739 1146 769 sua
1168 721 1255 770 fata
1277 723 1491 774 videntem
1507 765 1519 785 ‚

305 798 365 845 Et
386 805 538 852 mater,
565 800 723 843 mater!
745 795 1001 844 clamantem
1016 834 1028 855 ,
1053 809 1095 846 et
1119 797 1231 846 colla
1253 811 1497 865 petentem,
1535 844 1539 852 ι

1652 822 1718 865 640

303 874 421 921 Ense
446 871 548 920 ferit
573 873 742 920 Procne
756 910 768 930 ,
789 871 1022 939 lateri-qua
1045 887 1199 940 pectus
1217 876 1428 935 adhaeret;

305 951 396 997 Nec
416 948 587 997 vultum
611 949 766 997 avertit
787 969 796 996 :
818 950 923 998 satis
946 950 1009 997 illi
1035 952 1088 999 ad
1113 952 1199 1001 fata
1220 953 1287 1001 vel
1309 973 1448 1003 unum

303 1026 480 1075 Vulnus
504 1038 595 1074 erat
616 1047 625 1074 ε
648 1026 852 1091 jugulum
877 1028 992 1076 ferro
1018 1029 1263 1079 Philomela
1288 1032 1496 1091 resolvit;

300 1102 497 1169 Vivaque
522 1103 664 1152 adhuc
681 1141 692 1161 ‚
718 1104 958 1170 animaeque
983 1104 1151 1172 aliquid
1172 1108 1404 1158 retinentia
1421 1110 1614 1159 membra

300 1180 528 1228 Dilaniant
549 1202 558 1228 :
582 1200 684 1246 pars
710 1181 812 1229 inde
837 1182 951 1229 cavis
975 1183 1163 1232 exsultat
1190 1185 1367 1244 ahenis;

1646 1182 1712 1248 645

300 1257 407 1304 Pars
429 1257 623 1305 verubus
649 1257 806 1305 stridet
825 1272 834 1304 ἐ
856 1272 1035 1307 manant
1054 1260 1293 1326 penetralia
1317 1263 1435 1311 tabo.

297 1339 380 1386 His
404 1339 586 1387 adhibet
610 1341 770 1404 conjux
794 1340 996 1402 ignarum
1018 1342 1155 1390 Terea
1177 1344 1339 1392 mensis
1355 1382 1367 1402 ,
1414 1401 1418 1405 ῃ
1476 1362 1483 1368 ’

295 1423 354 1469 Et
378 1421 508 1487 patrii
531 1421 668 1469 moris
692 1440 862 1469 sacrum
885 1423 1089 1480 mentita,
1118 1424 1239 1489 quod
1261 1426 1340 1473 uni

294 1505 378 1551 Fas
403 1504 461 1551 sit
484 1504 601 1552 adire
621 1504 737 1561 viro,
761 1504 943 1552 comites
966 1505 1243 1573 famulosque
1266 1510 1462 1558 removit.

293 1584 402 1632 Inde
425 1585 581 1632 sedens
609 1584 721 1631 solio
747 1586 911 1633 Tereus
935 1586 1137 1635 sublimis
1163 1589 1279 1637 avito

293 1665 520 1723 Vescitur,
549 1664 684 1730 inque
708 1683 831 1713 suam
855 1683 934 1713 sua
955 1667 1121 1715 viscera
1144 1671 1343 1731 congerit
1360 1670 1517 1720 alvum.

335 1805 409 1848 534.
426 1805 601 1839 Pandione
614 1808 729 1838 natam
742 1817 778 1839 se
792 1811 910 1848 vocat,
929 1812 968 1840 ut

292 1871 311 1892 a
334 1870 461 1904 genere
486 1855 699 1891 fortitudinis
720 1856 877 1892 stimulos
902 1871 968 1893 su-

290 1917 374 1944 mat.
395 1909 490 1944 Hinc
507 1907 624 1952 addit,
643 1910 832 1952 degeneras.
858 1910 968 1945 Non-

290 1962 379 1997 nulli
391 1961 533 2006 degener'
544 1963 590 1994 ab
600 1988 608 2001 ,
633 1968 691 1995 aut
706 1963 775 2004 ba,·
796 1961 969 1998 Gruterus

292 2013 442 2049 malebat
470 2015 610 2058 degener
640 2015 693 2047 ad
717 2017 836 2048 scelus.
867 2015 969 2061 Regii

289 2067 399 2105 nostri
413 2093 422 2109 ,
441 2068 631 2110 degeneras.
641 2084 685 2092 --
695 2068 813 2101 Pielas
826 2070 860 2101 in
879 2081 967 2102 con-

282 2120 377 2164 juge.
393 2117 514 2152 Codex
532 2118 660 2163 Regius
671 2119 703 2152 A
717 2144 725 2161 ,
741 2131 758 2152 a
773 2120 885 2163 prima
896 2132 967 2154 ma-

290 2175 340 2204 nu
351 2196 360 2213 ,
378 2169 483 2203 habet
492 2172 604 2213 pietas
625 2183 698 2204 cum
715 2171 875 2214 conjuge;
895 2183 966 2216 po·-

289 2228 356 2258 test
382 2221 498 2266 recipi.
515 2223 580 2255 Ed.
596 2240 641 2246 —
662 2223 770 2255 Cereoe
791 2225 966 2257 laclenlem

282 2274 413 2319 soelum.
427 2272 642 2317 Periphrasis
658 2281 709 2306 est
718 2273 803 2307 hinn
810 2274 866 2307 uli.
877 2276 943 2308 Ed.

331 2326 407 2361 638.
430 2327 561 2359 Domus
576 2328 673 2367 alta-5
694 2333 768 2360 erat
785 2325 881 2359 enim
900 2339 964 2360 re—

288 2378 351 2424 gia.
361 2378 547 2411 -Parlem
563 2380 719 2409 remotam
731 2376 945 2420 ,fipenetralia
955 2389 963 2411 :

286 2429 363 2470 vide
375 2442 461 2463 vers.
471 2427 638 2471 (MR—Et
651 2432 758 2461 mater
767 2454 774 2467 ,
796 2434 858 2462 etc.
871 2430 957 2469 El‘a,

290 2481 384 2527 quod
401 2481 610 2516 blandientis
621 2487 689 2523 est,
702 2480 862 2515 clamasse
880 2494 964 2525 pue-

288 2547 369 2568 rum
384 2534 456 2579 jam
468 2546 529 2568 sua
538 2534 607 2567 sata
621 2533 722 2571 viden
729 2540 799 2567 tem
810 2559 819 2576 ,
829 2534 882 2568 vix
894 2547 963 2568 cre-

286 2586 447 2620 diderim.
463 2586 634 2620 Revocavi
647 2598 729 2630 ergo
748 2599 756 2620 ε
776 2588 825 2620 Et
839 2591 959 2627 mater,

289 2636 410 2670 mater!
426 2638 635 2677 clamantem,
650 2636 741 2681 quod
753 2636 882 2671 habent
891 2649 962 2670 om·

287 2701 350 2723 nes
365 2688 472 2722 MSS.
486 2696 612 2733 praeter
626 2701 739 2723 unum
756 2689 961 2734 Neapolita—

285 2753 385 2785 num,
394 2741 431 2775 in
440 2753 510 2786 quo
518 2743 585 2775 Eia
596 2741 734 2787 legitur,
745 2741 838 2776 unde
851 2742 962 2775 Hein-

1032 1808 1104 1843 sius
1117 1809 1260 1853 sumsit,
1278 1810 1333 1844 cui
1352 1810 1408 1845 illa
1430 1824 1495 1846 vox
1510 1812 1607 1848 valde
1624 1815 1705 1860 pla-

1032 1861 1139 1894 cuisse
1147 1860 1437 1896 videtur.-Colla
1439 1868 1612 1907 petentem.
1622 1866 1705 1901 Me-

1033 1911 1149 1946 diceus
1158 1938 1166 1954 ,
1179 1915 1266 1946 colla
1272 1918 1469 1956 prementem
1478 1941 1486 1955 ,
1500 1916 1590 1960 quod
1606 1929 1702 1962 posse

1034 1962 1169 1998 admitti
1192 1964 1417 2000 Burmannus
1445 1975 1570 2002 censet.
1602 1968 1702 2014 Regii

1032 2016 1141 2050 nostri
1160 2015 1290 2051 habent
1298 2022 1473 2060 petentem.

1075 2067 1150 2110 642.
1171 2068 1235 2101 Ad
1236 2069 1336 2112 sala,
1353 2069 1394 2103 ad
1405 2077 1611 2105 mortem.—
1617 2073 1702 2108 Am·-

1031 2131 1119 2152 mam
1131 2132 1192 2153 seu
1203 2120 1310 2154 vitam
1318 2121 1472 2157 retinent
1480 2124 1636 2158 membra
1646 2138 1700 2169 ea,

1033 2183 1109 2216 quae
1135 2171 1246 2206 adhuc
1273 2173 1449 2218 palpitant.
1462 2192 1506 2200 —
1519 2177 1701 2211 Exsultan-

1032 2230 1067 2257 et
1083 2223 1125 2257 de
1149 2236 1236 2268 aqua
1253 2225 1408 2259 fervente
1419 2251 1429 2269 ,
1446 2233 1486 2260 ut
1502 2226 1593 2271 VII,
1614 2228 1676 2263 263
1688 2255 1698 2272 ‚

1031 2283 1067 2311 et
1083 2276 1125 2310 de
1146 2277 1304 2312 carnibus
1317 2304 1326 2320 ,
1344 2291 1420 2323 quae
1437 2292 1525 2324 aqua
1542 2281 1700 2317 fervente

1031 2328 1393 2364 molliunturfionser.
1401 2330 1546 2374 Seneca,
1557 2331 1699 2378 Thyest.

1032 2380 1094 2424 765
1107 2393 1179 2425 sqq.
1188 2399 1232 2406 —
1241 2382 1325 2414 Inde
1334 2408 1342 2420 ‚
1356 2394 1396 2415 ex
1408 2383 1506 2427 pueri
1522 2384 1698 2425 membris.

1029 2447 1072 2457 —-
1082 2432 1228 2471 smnus,
1250 2431 1367 2476 epulis.

1071 2483 1146 2516 650.
1168 2484 1251 2516 Inde
1263 2485 1390 2517 sedens.
1407 2482 1555 2519 Codices
1568 2487 1696 2530 nostri,

1026 2536 1099 2576 zpse
1113 2535 1249 2576 sedens;
1267 2535 1400 2578 gravius
1416 2542 1509 2569 certe
1527 2543 1561 2570 et
1577 2538 1696 2581 majo-

1026 2598 1101 2619 rem
1118 2586 1250 2630 spirans
1261 2586 1462 2632 emphasim.
1479 2590 1544 2623 Ed.
1559 2607 1602 2615 —
1617 2591 1697 2624 Vis-

1026 2650 1122 2680 cera;
1137 2637 1215 2671 vide
1231 2638 1271 2671 ad
1290 2638 1336 2682 V,
1357 2641 1405 2674 18.
1423 2640 1580 2674 Imitatus
1597 2641 1694 2674 Nos-

1025 2697 1121 2724 trum
1143 2697 1193 2726 est
1209 2691 1366 2726 Valerius
1383 2692 1555 2726 Maximus
1569 2718 1579 2735 ,
1598 2692 1670 2727 Vll
1682 2720 1691 2737 ,

1024 2742 1045 2775 6
1065 2755 1072 2777 :
1090 2755 1152 2786 quo
1167 2745 1293 2777 diutius
1307 2744 1601 2788 armalajuvenlus
1614 2747 1690 2778 vis—
