1832 3100
254 266 339 309 258

622 266 673 309 P.
707 266 943 312 OVIDII
975 266 1279 312 NASONIS

265 381 287 400 (ε
314 357 386 407 Sic
409 370 523 408 amet
547 359 630 408 iste
653 359 779 418 licet,
805 360 866 409 sic
890 380 983 410 non
1006 361 1202 428 potiatur
1223 363 1395 412 amato!
1421 384 1445 405 »

1606 375 1672 420 405

253 435 437 484 Dixerat
456 456 465 484 :
486 436 679 486 adsensit
698 439 906 505 precibus
930 439 1204 488 Rhamnusia
1223 440 1366 506 justis.

316 514 436 562 Fons
458 527 550 563 erat
574 514 747 573 illimis,
771 515 924 564 nitidis
948 528 1181 579 argenteus
1202 517 1335 566 undis
1355 555 1368 576 ‚

253 591 399 654 Quem
421 610 563 658 neque
585 604 805 659 pastores,
831 612 974 660 neque
994 606 1128 660 pastae
1147 607 1299 643 monte
1322 593 1496 662 capellae

252 668 565 731 Contigerant,
594 669 764 718 aliudve
787 689 948 736 pecus;
976 690 1105 737 quem
1127 670 1249 719 nulla
1271 671 1463 719 volucris
1478 708 1489 728 ‚

251 746 343 794 Nec
365 745 455 795 fera
480 747 702 805 turbarat,
725 766 806 795 nec
830 747 980 814 lapsus
1003 748 1059 796 ab
1085 748 1240 796 arbore
1261 768 1420 797 ramus.

254 823 443 871 Gramen
466 836 557 872 erat
578 824 691 872 circa
704 860 716 881 ‚
742 823 864 890 quod
884 825 1114 890 proximus
1137 825 1301 873 humor
1320 825 1467 874 alebat
1484 842 1494 882 ;

251 900 455 968 Silvaque
469 939 481 959 ‚
508 900 599 950 sole
621 901 763 949 lacum
786 920 970 968 passura
994 914 1212 968 tepescere
1235 902 1374 951 nullo.

253 983 337 1031 Hic
360 1002 471 1050 puer
486 1021 497 1041 ‚
525 995 568 1031 et
589 983 737 1031 studio
758 984 946 1032 venandi
970 983 1112 1033 lassus
1135 996 1179 1033 et
1199 997 1330 1042 aestu,

253 1064 515 1122 Procubuit;
538 1064 779 1132 faciemque
803 1065 917 1123 loci‚
941 1066 1198 1132 fontemque
1222 1077 1438 1132 sequutus
1459 1085 1468 1123 ;

251 1147 457 1212 Dumque
482 1147 600 1195 sitim
627 1146 775 1196 sedare
801 1148 946 1213 cupit,
970 1147 1065 1195 sitis
1090 1147 1224 1195 altera
1248 1147 1409 1195 crevit:

1602 1159 1667 1205 [μδ

251 1230 455 1294 Dumque
479 1229 615 1287 bibit,
639 1229 741 1277 visae
762 1241 993 1295 correptus
1015 1229 1206 1291 imagine
1228 1229 1378 1284 formae
1392 1265 1404 1285 ‚

248 1368 276 1401 F
278 1381 341 1402 asc.
360 1369 395 1402 ΙΙ
411 1395 420 1411 ,
438 1379 467 1402 11
480 1395 488 1411 ‚
516 1370 546 1411 4.
567 1386 612 1394 —-·
633 1369 748 1408 Licet,
774 1381 838 1414 pro
855 1381 924 1403 cu-

247 1419 304 1464 pio
320 1445 328 1463 ,
345 1419 462 1453 locum
474 1419 578 1454 habet
593 1420 629 1454 in
647 1420 814 1465 precibus.
834 1420 924 1455 Hor.

247 1471 303 1505 ΙΙΙ
315 1498 323 1511 ,
347 1471 416 1506 Od.
435 1482 538 1505 xxvn
553 1497 562 1514 ,
585 1471 624 1505 13
637 1497 646 1514 ,
666 1475 716 1505 sis
731 1472 922 1516 licetfiltlr.

245 1542 289 1548 —
303 1525 388 1563 Iste,
406 1535 470 1568 pro
488 1535 558 1567 quo
572 1522 719 1557 Codices
730 1523 840 1558 nostri
860 1523 922 1557 ha-

247 1575 332 1610 bent
347 1577 428 1619 lpse.
438 1593 483 1600 —
492 1575 665 1609 Adsensil.
692 1575 796 1609 Unus
809 1588 926 1610 acces-

248 1629 311 1667 sit,
338 1625 433 1670 quod
452 1625 579 1660 eodem
595 1625 708 1667 redit;
726 1625 803 1660 vide
822 1626 923 1660 Bur-—

247 1689 430 1712 mannum.
440 1696 484 1703 -—
494 1676 612 1712 Nostri
624 1678 744 1722 Regii,
761 1680 923 1713 adsensit.

289 1732 365 1775 407.
388 1732 480 1766 Fons
502 1729 556 1764 ille
574 1737 648 1764 erat
665 1730 701 1764 in
725 1730 922 1775 Thespien-

247 1781 338 1815 sium
349 1781 488 1824 finibus,
504 1781 684 1816 Pausaniae
700 1780 813 1815 adhuc
823 1788 933 1827 aetate,

248 1833 396 1868 Narcissi
405 1845 538 1867 nomen
547 1845 680 1878 gerens.
690 1831 837 1866 Claritas
849 1831 924 1876 ejus

247 1893 281 1919 et
310 1885 441 1931 puritas
471 1884 504 1919 h.
530 1885 551 1920 l.
575 1891 722 1930 urgetur
740 1911 750 1928 ,
780 1884 860 1930 quia
877 1885 926 1918 sic

249 1944 347 1971 tanto
361 1937 470 1982 magis
486 1937 638 1971 sormam
655 1937 755 1981 pueri
775 1936 923 1970 reddere

243 1996 393 2035 poterat.
413 2007 457 2016 —-
482 1990 689 2034 Argenteus,
711 1988 900 2035 pellucidus
917 2001 926 2023 ι

250 2042 386 2091 ἀργύρεοι
396 2047 527 2086 orareque*
538 2048 597 2075 aut
606 2048 703 2086 πηγαὶ
713 2041 818 2077 eliam
835 2040 927 2086 apud

248 2092 398 2127 Graecos.
416 2111 460 2120 --
475 2095 613 2128 Nitidus
623 2120 631 2134 ,
657 2093 708 2127 nil
722 2093 789 2127 nisi
803 2093 924 2127 clarus.

250 2145 367 2179 Etiam
397 2144 544 2179 Heroid.
563 2145 653 2188 XV,
684 2147 743 2189 157
763 2171 773 2188 ,
797 2147 925 2179 nitidus

238 2197 333 2239 som.
341 2214 385 2221 —
397 2199 499 2239 Quem
509 2201 766 2240 nequepastores
773 2204 836 2230 etc.
847 2197 926 2231 sons

248 2246 348 2293 plan'e
364 2249 535 2283 intactus:
551 2252 678 2292 integer
681 2248 769 2292 fons
785 2248 924 2283 Lucret.

251 2302 288 2344 Ι,
306 2303 391 2348 9253
410 2301 534 2334 Horat.
552 2300 568 2336 I
584 2325 594 2343 ‚
614 2299 683 2334 Od.
702 2310 790 2334 xxm
805 2326 814 2343 ,
837 2301 868 2335 6.
882 2319 927 2327 —-

248 2356 372 2388 Monte.
387 2354 460 2388 Aut
470 2353 738 2398 subintelligitur
751 2356 789 2387 in
809 2354 924 2398 (quod

183 2441 189 2445 .
249 2405 455 2439 vocabulum
469 2404 599 2439 habent
609 2404 764 2450 plerique
780 2411 815 2438 et
826 2405 925 2438 omit-

250 2463 330 2489 tunt
346 2457 456 2491 nostri
480 2455 623 2502 Regii),
643 2463 701 2490 aut
718 2469 812 2490 mons
829 2469 926 2491 nunc

249 2514 301 2541 est
317 2506 425 2540 herba
444 2507 480 2541 in
495 2515 637 2549 monte;
655 2507 732 2541 vide
747 2508 926 2541 Burman-

251 2572 349 2594 num.
367 2578 412 2588 ι·-
428 2562 570 2604 Lapsus.
587 2560 645 2595 sic
661 2567 696 2594 et
712 2561 820 2594 nostri
846 2561 925 2594 Re-

251 2612 305 2655 gii.
317 2629 360 2638 --
370 2611 453 2646 Duo
466 2638 475 2655 ‚
495 2617 626 2655 raptus,
655 2611 759 2657 idque
776 2611 922 2646 adblan-

249 2661 408 2696 diebatur
423 2663 581 2697 Heinsio.
594 2681 638 2690 —
653 2664 767 2698 Lacus
781 2671 925 2698 vocatur

250 2721 286 2749 et
301 2727 403 2749 versu
423 2717 498 2748 500.
526 2715 620 2749 Eum
638 2715 766 2761 frigore
783 2728 927 2751 suavem

250 2764 443 2800 desesibere
466 2766 594 2807 voluit;
618 2766 677 2800 sed
694 2766 749 2800 hic
765 2772 927 2809 tepescere

990 1368 1147 1415 displicet
1157 1395 1167 1412 ,
1183 1368 1263 1414 quia
1279 1373 1371 1412 lepor
1384 1374 1502 1413 gratus
1517 1373 1578 1402 est.
1591 1367 1668 1402 Me*

988 1420 1054 1455 lius
1067 1421 1192 1455 Horat.
1210 1420 1246 1455 II
1256 1446 1266 1464 ,
1280 1418 1350 1455 Od.
1369 1430 1430 1463 xv,
1445 1433 1466 1466 9
1482 1432 1490 1454 :
1504 1420 1671 1455 Excludi!

989 1475 1091 1507 ictus·
1097 1473 1251 1517 fervidos
1280 1475 1393 1515 sparsa
1416 1475 1520 1507 ramis
1543 1471 1666 1506 laurea.

990 1524 1159 1559 Similiter
1183 1525 1275 1559 infra
1289 1524 1345 1568 V,
1370 1524 1446 1571 389.
1465 1540 1509 1551 *-
1526 1524 1666 1559 Lassus.

992 1575 1113 1610 Codex
1128 1575 1258 1621 Regius
1273 1575 1305 1609 A
1309 1575 1430 1619 fissus
1436 1587 1449 1618 ,-
1462 1575 1610 1610 vividior
1622 1576 1667 1610 au·

989 1625 1136 1660 debilior
1147 1626 1189 1660 sit
1199 1626 1262 1660 ista
1274 1625 1376 1660 lectio
1386 1637 1460 1659 non
1470 1625 1593 1660 dicam.
1601 1627 1667 1659 Ed.

1032 1680 1069 1722 41
1077 1681 1106 1722 4.
1121 1680 1274 1723 Seqm'tm
1288 1678 1402 1713 locum
1417 1679 1445 1712 is
1453 1704 1464 1722 ‚
1481 1679 1541 1724 qui
1551 1690 1667 1713 amoe—

989 1729 1098 1763 nitate
1119 1730 1194 1775 ejus
1219 1729 1360 1763 allectus
1375 1741 1458 1764 eum
1483 1728 1564 1763 adit.
1593 1728 1667 1764 Cic.

990 1781 1048 1826 11,
1068 1782 1171 1828 Legg.
1190 1793 1226 1817 1:
1244 1783 1347 1817 Hanc
1361 1786 1588 1817 amenitalem
1603 1785 1674 1818 loci

987 1846 1113 1879 sequor.
1126 1835 1246 1871 Potest
1257 1841 1375 1869 tamen
1389 1839 1546 1880 sequutus
1562 1842 1599 1870 et
1614 1847 1669 1875 exf

990 1886 1107 1931 plicari
1121 1912 1129 1928 ‚
1148 1886 1314 1931 impulsus
1330 1886 1416 1921 facie
1429 1913 1438 1930 ‚
1454 1893 1598 1933 propter
1609 1888 1668 1921 sa-

990 1938 1091 1973 ciem.
1108 1939 1199 1973 Plin.
1221 1939 1254 1973 X
1267 1965 1277 1982 ,
1306 1939 1372 1985 Ep.
1386 1941 1431 1987 94
1442 1967 1450 1980 ‚
1472 1952 1577 1975 mons
1594 1940 1669 1984 ejus

990 1994 1155 2034 sequutus.
1172 1990 1255 2025 Non
1266 1990 1428 2036 ineptum
1439 1990 1555 2026 linum
1571 2002 1668 2036 ρη-

991 2041 1066 2076 buit
1087 2042 1293 2076 vocabulum
1318 2046 1419 2084 sitis,
1446 2042 1540 2088 quod
1563 2050 1600 2078 et
1623 2042 1667 2077 de

991 2094 1256 2129 vehementiore
1283 2095 1438 2140 appetitu
1465 2095 1602 2130 dicitur.
1624 2113 1671 2121 --
1690 2089 1692 2091 ¹

992 2147 1127 2186 Altera,
1151 2146 1214 2180 alia
1227 2172 1236 2190 ,
1255 2146 1339 2181 alius
1351 2146 1497 2192 generis.
1509 2148 1669 2181 —Btbm

991 2198 1219 2233 Burmannus
1237 2198 1337 2233 malit
1356 2200 1467 2239 videt,
1501 2198 1666 2244 quiajam

992 2262 1094 2284 versu
1110 2250 1279 2295 superiori
1293 2251 1492 2286 Narcissum
1508 2253 1668 2285 bibentem

992 2301 1218 2346 descripserit.
1239 2302 1356 2336 Immo
1379 2302 1426 2336 ibi
1450 2301 1558 2336 modo
1577 2304 1672 2346 cupit

992 2353 1122 2388 bibere.
1135 2372 1179 2379 —
1195 2354 1349 2388 Pessima
1371 2353 1443 2388 haec
1466 2354 1670 2398 conjectura

992 2405 1201 2439 Burmanni.
1221 2405 1338 2439 Nostri
1351 2404 1482 2439 habent
1497 2407 1589 2439 biba.
1603 2403 1670 2439 Ed.

993 2474 1037 2482 ·-·-
1052 2459 1203 2500 Imagt‘ne
1214 2483 1222 2497 ,
1236 2469 1354 2490 amore
1372 2456 1540 2501 imaginis.
1557 2458 1672 2500 Imago

993 2515 1110 2542 autem
1118 2507 1240 2550 sormae
1251 2508 1271 2542 i.
1285 2521 1316 2553 q.
1326 2508 1468 2548 umbra,
1486 2520 1592 2553 quam
1608 2518 1670 2553 per

993 2571 1137 2593 omnem
1155 2559 1190 2593 h.
1205 2559 1225 2593 Ι.
1242 2559 1341 2593 valde
1356 2559 1512 2594 variavit.
1529 2560 1572 2594 In
1589 2571 1672 2592 ver—

992 2612 1043 2645 bis
1061 2624 1152 2655 spem
1175 2615 1250 2645 siae
1274 2607 1407 2655 corpo'rc
1429 2617 1524 2646 amat
1543 2612 1670 2646 frustra

992 2663 1168 2698 haeserunt
1204 2664 1429 2710 Interpretes.
1458 2662 1670 2707 Intelligitur

994 2716 1118 2750 umbra
1128 2743 1136 2755 ‚
1157 2728 1261 2760 quam
1274 2729 1399 2761 corpus
1409 2728 1480 2750 esse
1490 2714 1648 2760 sperabat
1657 2740 1666 2756 ,

994 2780 1108 2811 neque
1125 2774 1243 2808 tamen
1261 2774 1345 2802 erat.
1370 2768 1446 2812 Ipse
1462 2766 1509 2801 sic
1526 2765 1670 2811 explicat
