1832 3100
353 260 1087 308 METAMORPHOSEON
1129 262 1262 305 LIB.
1307 263 1346 305 I.

1506 264 1562 307 85

140 360 230 411 Nat
250 356 386 424 lupus
407 357 526 405 inter
549 374 652 404 oves
677 376 687 403 z
712 353 860 403 fulvos
882 353 1004 403 vehit
1028 353 1146 402 unda
1169 353 1320 403 leones
1340 373 1351 411 ;

141 435 275 486 Unda
297 435 420 484 vehit
443 436 579 498 tigres
601 454 611 482 :
632 452 712 482 nec
736 433 851 482 vires
873 431 1074 480 fulminis
1094 451 1201 499 apro
1217 470 1228 491 ‚

1505 447 1569 481 305

145 515 286 564 Crura
304 532 384 562 nec
406 512 557 562 ablato
577 523 768 578 prosunt
794 509 960 560 velocia
981 529 1108 558 cervo
1133 531 1143 557 :

148 591 450 658 Quaesitisque
472 590 549 639 diu
574 590 725 647 terris,
750 590 831 638 ubi
858 588 1000 638 sidere
1023 588 1179 647 detur,

146 671 201 720 In
224 689 342 718 mare
365 667 538 717 lassatis
558 667 751 716 volucris
772 686 880 730 vaga
903 665 1070 715 decidit
1092 665 1187 714 alis.

148 747 376 797 Obruerat
400 746 596 795 tumulos
618 746 831 794 immensa
854 744 1031 794 licentia
1053 742 1184 811 ponti
1202 782 1215 803 ‚

148 825 483 892 Pulsabantque
506 825 611 873 novi
631 836 843 872 montana
865 823 1092 872 cacumina
1117 821 1292 871 fluctus.

1511 837 1576 873 διο

149 909 345 957 Maxima
363 927 467 976 pars
488 907 607 956 unda
633 907 806 974 rapitur
832 926 841 954 :
864 906 1031 973 quibus
1058 906 1177 954 unda
1196 905 1396 973 pepercit
1415 943 1428 964 ,

148 990 259 1041 Illos
280 991 414 1054 longa
436 990 620 1039 domant
642 990 767 1057 inopi
787 990 953 1056 jejunia
974 989 1110 1037 victu.

215 1075 402 1143 Separat
425 1074 597 1123 Aonios
621 1073 783 1123 Actaeis
809 1073 974 1121 Phocis
999 1072 1055 1121 ab
1080 1072 1221 1131 arvis,

153 1221 246 1244 rum.
253 1208 361 1247 Male.
373 1208 476 1254 Aqua
482 1208 580 1243 enim
589 1214 754 1253 stagnans
763 1219 837 1242 non

153 1263 268 1305 agitat
281 1261 433 1295 arbores.
450 1255 497 1295 Et
508 1259 592 1306 quid
607 1259 674 1294 hoc
682 1259 725 1294 ad
738 1272 813 1293 rem
827 1285 837 1302 ,

155 1312 340 1359 delphinos
362 1312 511 1359 pulsasse
537 1310 680 1347 arbores
700 1312 771 1357 jam
796 1312 838 1346 ab

157 1366 256 1412 aquis
271 1365 438 1413 agitatas?
457 1367 574 1402 Immo
589 1377 709 1400 sensus
722 1391 731 1408 ‚
751 1363 838 1409 pul-

155 1424 235 1453 sant
251 1418 394 1454 arbores
407 1417 456 1453 sic
466 1443 477 1461 ,
493 1424 533 1451 ut
551 1417 727 1462 agitentur
737 1442 746 1458 ,
761 1428 840 1449 ma-

157 1483 228 1516 gna
251 1470 286 1505 vi
305 1470 445 1517 pulsant
470 1483 479 1505 ε
502 1468 582 1504 vide
602 1467 646 1503 ad
672 1481 760 1502 vers.
786 1468 839 1501 32.

158 1522 372 1567 Noster-‚VL
380 1523 458 1567 248,
467 1524 601 1556 laniata
602 1526 741 1565 pectora
741 1523 841 1565 plan-

154 1588 238 1620 gens
247 1603 257 1618 ,
278 1575 447 1622 plangens
456 1575 505 1611 sic
518 1601 528 1620 ‚
546 1581 587 1610 ut
599 1575 818 1609 laniarentur
831 1588 839 1616 ;

158 1626 247 1672 XX,
261 1630 338 1676 591,
349 1626 451 1671 refert
459 1629 695 1667 oblata‚*retro
708 1625 789 1670 dat,
803 1632 843 1660 ut

158 1677 355 1716 offex-'antur
364 1695 374 1726 ς
384 1679 459 1717 Liv.
470 1682 521 1725 11,
533 1684 554 1715 5
565 1680 744 1724 :frumenti
751 1693 842 1716 acer-

159 1748 218 1771 vos
231 1737 362 1771 sedisse
377 1738 414 1770 in
432 1737 533 1770 vadis
548 1737 654 1770 illitos
675 1737 755 1770 lirno
766 1761 775 1776 ,
795 1734 842 1769 ita

159 1793 200 1822 ut
212 1786 436 1824 illinet-entur
449 1787 545 1822 limo.

203 1840 282 1885 304.
294 1842 368 1877 Nat
375 1843 476 1886 lupus
488 1847 552 1876 etc.
571 1839 685 1886 Quasi
695 1840 763 1875 hoc
774 1839 845 1874 mi—

160 1905 243 1928 rum
269 1901 358 1929 esset
371 1920 381 1938 ‚
408 1894 534 1941 lupum
554 1900 739 1929 mortuum
770 1905 844 1927 non

162 1945 344 1982 devorasse
361 1959 453 1982 oves.
482 1947 628 1992 Ineptus
643 1945 750 1980 etiam
772 1957 847 1979 sar-

162 2009 298 2032 casmus
323 2005 375 2033 est
395 1998 432 2033 in
455 1997 514 2032 illo
526 2024 537 2042 ,
561 2010 648 2032 vers.
665 2009 740 2042 sqq.
753 2022 763 2040 ‚
780 2009 846 2030 non

159 2054 304 2093 presunt
318 2053 407 2084 vir-es
421 2057 458 2084 et
472 2063 580 2084 crura.

157 2126 161 2130 -
210 2102 287 2136 305.
310 2103 406 2137 Vires
416 2101 596 2147 fulminis,
628 2100 718 2135 vires
737 2099 849 2135 terri-

167 2154 254 2189 biles
281 2180 292 2199 ,
321 2154 448 2200 quibus
478 2167 561 2201 aper
586 2154 706 2189 omnia
731 2159 850 2187 vastat.

169 2206 311 2242 Phaedr.
336 2207 353 2243 Ι
367 2233 378 2254 ,
410 2207 478 2242 sab.
496 2217 561 2242 xx1
578 2232 589 2250 ‚
623 2208 644 2240 5
659 2220 668 2249 ;
689 2205 857 2251 fulminei

169 2260 287 2294 dentes
299 2258 385 2305 apri.

215 2311 293 2346 306.
322 2313 429 2346 Crura
452 2323 514 2346 nec
533 2312 650 2345 ablato
674 2316 739 2344 etc.
758 2308 853 2346 ,Scio

172 2377 246 2414 esse
265 2364 326 2411 qui
346 2367 441 2399 alato
465 2365 604 2410 legant;
637 2362 733 2410 quod
753 2363 854 2399 nobis

171 2424 294 2453 tamen
318 2429 392 2452 non
414 2417 592 2463 probatur.
627 2416 829 2453 Praesertim
843 2442 853 2461 ,

174 2481 286 2515 quum
294 2475 335 2503 ut
345 2476 439 2504 recte
452 2469 490 2504 in
501 2482 565 2505 suo
576 2469 695 2505 codiee
708 2476 857 2504 notave-

174 2527 230 2555 rat
244 2519 420 2555 Gruterus
430 2546 440 2564 ‚
457 2520 529 2566 ipse
544 2528 665 2557 auctor
680 2521 770 2556 libro
788 2521 857 2556 hu-

175 2573 232 2619 jus
247 2572 362 2618 operis
374 2598 385 2616 ‚
408 2571 456 2607 ita
468 2572 604 2609 locutus
621 2573 674 2608 sit.
701 2573 758 2608 De
774 2573 858 2608 En—

176 2637 263 2671 rope
287 2636 418 2670 nempe
440 2634 449 2655 :
464 2630 569 2668 paret
589 2627 686 2668 ᾖσας
716 2628 861 2670 litusque

177 2680 299 2714 ablata
324 2679 476 2712 relatum
507 2679 670 2722 Respicit.
695 2679 750 2714 Ita
777 2678 836 2723 hic
849 2705 859 2723 ‚

181 2743 286 2766 cervo
300 2731 414 2766 ablato
425 2757 435 2775 ,
452 2731 596 2766 marinis
607 2758 616 2771 ,
634 2743 764 2777 nempe
779 2730 863 2766 fluc-

183 2784 285 2821 tibus.
298 2786 363 2819 Ed.
380 2803 424 2811 -
439 2786 578 2821 Ablata.
595 2783 783 2821 celeritate
799 2798 863 2831 pe-

904 1205 990 1241 dum
1007 1206 1189 1242 subducto.
1209 1207 1275 1241 Ed.
1299 1224 1344 1233 —-
1357 1206 1488 1241 Ablata
1509 1206 1582 1241 du-

904 1259 1040 1305 pliciter
1055 1259 1131 1304 capi
1150 1266 1265 1304 potest
1279 1274 1288 1299 ;
1313 1259 1447 1293 etenim
1460 1261 1591 1305 auferri

904 1309 976 1345 drr.
988 1318 1023 1345 et
1035 1311 1096 1356 qui
1110 1310 1331 1356 abripiuntur
1341 1311 1375 1345 vi
1392 1324 1563 1356 aquarum
1574 1338 1584 1355 ,

904 1369 941 1397 et
957 1363 1016 1408 qui
1028 1363 1133 1398 celeri
1148 1376 1183 1397 se
1199 1362 1412 1397 subtrahunt
1425 1364 1504 1409 suga
1519 1389 1529 1406 ,
1546 1371 1587 1398 ut

906 1415 967 1450 Sil.
981 1416 1035 1450 VI
1048 1441 1059 1459 ,
1076 1417 1138 1460 257
1154 1441 1164 1458 ,
1181 1418 1300 1449 ablato
1311 1419 1491 1450 instantem
1505 1418 1588 1450 elu—

905 1469 982 1501 dere
997 1480 1078 1512 equo
1090 1495 1098 1507 ‚
1122 1467 1179 1501 ubi
1198 1480 1228 1501 v.
1248 1468 1334 1502 Intt.

949 1519 1025 1564 307.
1033 1521 1146 1554 Sidere
1153 1519 1283 1555 Medic.
1295 1520 1449 1565 Reliqui,
1461 1523 1588 1556 sistere.

906 1572 998 1608 Illud
1006 1573 1137 1619 recepit
1148 1573 1272 1608 Heius.
1281 1580 1357 1608 tum
1368 1599 1377 1618 ,
1388 1586 1453 1620 pro
1459 1577 1590 1618 possit,

905 1628 1016 1667 detur,
1031 1639 1071 1660 ex
1083 1627 1199 1672 primo
1211 1627 1341 1662 Medic.
1351 1640 1424 1662 uno
1433 1627 1542 1662 Palat.
1554 1634 1591 1662 et

907 1679 1100 1727 Bonon,-—
1111 1681 1234 1721 Sidere,
1253 1683 1434 1719 considere.
1448 1683 1594 1715 insidere

907 1745 958 1777 pr.
968 1731 1010 1767 de
1019 1732 1138 1767 avibus
1148 1733 1184 1767 in
1193 1740 1324 1768 terram
1331 1747 1365 1767 se
1376 1733 1590 1768 demittenti-

907 1785 1034 1820 bus.-—
1049 1787 1146 1830 Vaga
1154 1787 1266 1831 poetis
1275 1786 1347 1820 drr.
1357 1786 1475 1820 omnia
1486 1813 1499 1829 ,
1514 1799 1592 1831 quae

908 1838 1032 1872 crebro
1045 1845 1243 1872 moventur.
1254 1839 1306 1873 Ita
1317 1845 1352 1872 et
1362 1851 1470 1882 vagus
1475 1844 1592 1873 nauta.

954 1890 1030 1937 309.
1044 1892 1212 1925 Immensa
1222 1893 1361 1925 licentia
1365 1895 1479 1934 ponti,
1499 1904 1592 1937 pon-

910 1949 984 1985 tus,
1004 1942 1063 1986 qui
1078 1949 1192 1976 totum
1205 1949 1381 1977 terrarum
1398 1943 1522 1977 orbem
1536 1956 1591 1978 oc-

911 2000 1106 2038 cupaverat.
1129 2013 1173 2020 —
1186 1997 1300 2035 Nova,
1327 2007 1405 2040 quae
1429 1995 1594 2031 inusitata

911 2052 994 2079 sunt
1021 2045 1058 2079 in
1084 2059 1149 2080 suo
1173 2059 1302 2092 genere
1320 2049 1466 2092 :fluctus
1488 2053 1588 2090 novi,

912 2109 1098 2142 nunquam
1137 2105 1240 2132 antea
1279 2098 1319 2133 in
1358 2099 1597 2135 cacuminibus

912 2149 1091 2184 montium
1106 2150 1178 2185 visi.

958 2204 1033 2239 312.
1057 2204 1199 2248 Jejunt'a
1224 2206 1327 2249 longa
1336 2231 1344 2244 ‚
1373 2205 1482 2240 sames
1497 2231 1507 2249 ,
1534 2207 1599 2240 do-

914 2261 1024 2297 mant,
1046 2257 1254 2299 absumunt,
1274 2260 1371 2302 inopi
1381 2261 1473 2292 victu
1485 2285 1493 2298 ,
1519 2258 1600 2292 ino-

915 2311 972 2357 pia
983 2311 1109 2352 victus‚
1130 2311 1224 2346 victu
1239 2311 1425 2346 destitutos
1439 2321 1447 2342 ἰ
1466 2314 1602 2347 domare

915 2364 1100 2399 interdum
1122 2364 1218 2400 idem
1240 2378 1347 2410 quam
1373 2364 1574 2400 interficere
1588 2392 1599 2409 ,

916 2429 1005 2451 vers.
1017 2418 1081 2462 447
1095 2431 1102 2458 ;
1117 2416 1297 2451 interdurn
1309 2416 1427 2450 minus
1439 2423 1508 2459 est,
1527 2416 1599 2459 lx,

921 2471 962 2516 74
979 2482 987 2504 ε
1004 2469 1038 2503 h.
1054 2469 1076 2503 l.
1090 2468 1134 2503 de
1151 2475 1266 2503 morte
1281 2468 1386 2502 lenta.

963 2521 1039 2555 313.
1071 2522 1205 2555 Aonios
1227 2521 1368 2555 Acteis.
1388 2520 1531 2555 Delrius
1557 2520 1602 2555 ad
1661 2524 1663 2526 ’

921 2574 1046 2610 Senec.
1061 2575 1169 2609 Herc.
1180 2574 1277 2618 Fur„
1287 2587 1376 2609 vers.
1391 2588 1404 2608 1
1414 2574 1470 2609 161
1479 2601 1488 2618 ,
1502 2574 1603 2621 legit,

921 2629 1037 2662 Ionios
1055 2628 1182 2661 OEtoen.
1205 2644 1251 2653 ·-
1265 2627 1387 2662 Actaea
1403 2640 1503 2667 arua,
1535 2627 1606 2663 At-

922 2679 990 2714 tica
1004 2704 1015 2723 ‚
1034 2679 1119 2714 olim
1136 2679 1226 2714 Acte
1240 2678 1332 2714 dicta
1347 2690 1355 2712 z
1381 2678 1460 2714 vide
1481 2678 1606 2725 Stepb.

924 2731 962 2766 in
972 2724 1066 2772 Ᾰκτή.
1075 2732 1253 2772 —Aonia,
1270 2731 1417 2773 Boeotia,
1430 2731 1472 2766 ab
1482 2731 1610 2766 Aoniis

927 2783 976 2820 sie
998 2783 1113 2830 dicta,
1139 2783 1198 2829 qui
1216 2791 1297 2819 ante
1316 2782 1445 2818 Cadmi
1470 2782 1611 2818 adven-
