1832 3100
298 242 353 306 74
668 246 719 289 P.
758 246 990 293 ov1n11
1028 247 1327 294 NASONIS

295 337 518 400 Sanguine
538 338 732 389 Caesareo
755 342 1007 390 Romanum
1031 343 1308 406 exstinguere
1331 357 1519 404 nomem

293 420 547 469 Attonitum
568 432 695 470 tantae
717 422 867 470 subito
889 435 1053 471 terrore
1076 424 1212 473 ruinae

296 502 549 552 Humanum
574 523 711 567 genus
734 517 822 562 est;
849 517 1058 572 totusque
1081 507 1335 573 perhorruit
1357 509 1492 557 orbis.

256 598 264 606 '
294 585 386 632 Nec
411 585 494 633 tibi
516 598 637 648 grata
658 587 804 635 minus
823 587 963 654 pietas
979 625 992 646 ‚
1017 589 1217 651 Auguste
1232 627 1244 647 ,
1274 601 1474 648 tuorum,

297 666 439 728 Quam
465 667 551 715 fuit
572 667 647 716 illa
665 669 777 716 Jovi.
807 669 899 733 Qui
922 682 1156 736 postquam
1180 690 1286 719 voce
1310 690 1532 738 manuque

1635 686 1700 721 205

294 747 523 796 Murmura
547 750 832 816 compressit3
859 763 1035 800 tenuere
1055 752 1227 801 silentia
1251 754 1410 802 cuncti.

293 830 503 878 Substitit
525 843 576 879 ut
599 831 782 891 clamor,
807 852 985 899 pressus
1008 835 1217 897 gravitate
1240 836 1432 898 regentis
1450 873 1463 893 ‚

291 912 467 978 Jupiter
490 912 575 961 hoc
598 914 757 962 iterum
779 933 978 964 sermone
1002 915 1174 965 silentia
1196 917 1390 983 rumpit:

296 1016 318 1035 «
343 992 423 1042 Ille
448 994 624 1060 quidem
647 1014 822 1061 poenas,
849 1016 997 1046 curam
1017 997 1130 1046 hanc
1156 998 1384 1057 dimittite,
1410 997 1570 1056 solvit;

289 1136 379 1169 bene
397 1135 527 1170 delecta
540 1162 549 1179 ,
566 1139 671 1180 impia
681 1149 690 1171 ,⁹
700 1137 823 1182 Virgil.
837 1137 964 1184 Georg.

293 1187 323 1230 1,
337 1187 413 1230 468,
427 1187 470 1221 ob
483 1184 576 1222 idem
586 1189 716 1224 facinus
727 1192 829 1233 impia
843 1193 966 1224 secula.

292 1257 336 1264 --
358 1240 458 1273 Sevi!
471 1243 677 1283 exstinguere
688 1268 696 1281 ‚
725 1241 824 1276 ardet
838 1242 965 1277 saevitia

291 1290 542 1335 exstinguendi.
560 1292 648 1326 Hor.
668 1293 705 1336 I,
724 1292 793 1327 Od.
811 1305 858 1328 xv
871 1320 880 1338 ,
898 1308 939 1339 ²7
953 1321 965 1338 ,

279 1341 372 1385 furit
380 1347 411 1376 te
417 1346 734 1387 testeam—mmm
741 1347 894 1386 Roman„
903 1346 965 1380 im-

291 1394 428 1439 perium
436 1395 553 1438 Rom,
563 1402 601 1429 ut
610 1408 709 1443 saepe.
721 1397 837 1443 Auget
847 1411 888 1432 au
894 1406 965 1433 tem

292 1453 393 1490 poeta
404 1459 480 1480 rem
494 1446 530 1480 in
546 1447 782 1482 adulationem
793 1449 940 1495 Augusti
954 1476 963 1493 ,

292 1499 389 1543 quasi
416 1498 552 1534 Caesare
582 1500 766 1538 interfecto
791 1509 963 1537 metuen—

292 1550 379 1584 dum
398 1551 503 1596 suerit
517 1577 526 1594 ‚
561 1564 605 1585 ne
633 1559 748 1587 totum
775 1553 963 1599 imperium

292 1602 396 1637 Rom.
413 1610 639 1638 everteretur.

332 1670 407 1690 201.
432 1658 653 1701 Eaeslinguere
664 1671 791 1692 nomen.
806 1659 962 1694 Barthol.

288 1707 379 1742 Adv.
390 1709 445 1751 58,
466 1722 517 1751 10,
532 1709 661 1752 mallet,
673 1714 878 1755 exstinguere
891 1726 962 1747 nu-

287 1760 961 1806 men.Temere-AEqueinfeliciterBurm.

287 1812 378 1858 conj.
398 1815 527 1854 lumen,
547 1821 691 1859 propter
704 1819 919 1859 exstinguere.

332 1878 408 1899 202.
438 1867 472 1899 T
467 1871 554 1900 antoe
572 1869 691 1901 subito.
722 1869 757 1901 Τ
751 1873 842 1902 anloe
852 1872 962 1903 subito

288 1917 411 1951 Burm.
430 1930 471 1952 ex
487 1918 595 1953 MSS.
610 1918 706 1953 dedit
722 1932 786 1964 pro
798 1924 892 1954 tanto
907 1933 960 1954 su-

288 1971 383 2009 bitte,
408 1970 500 2015 quod
524 1971 625 2016 plane
649 1971 774 2007 eodem
795 1972 895 2007 redit.
917 1990 961 1999 —

286 2022 417 2054 Βαίας.
433 2023 581 2056 Ruinam
600 2023 747 2058 Lenzius
763 2024 825 2058 int.
843 2024 962 2058 nomi—

287 2071 342 2106 nis
356 2072 457 2106 Rom.
470 2074 590 2108 Potest
607 2082 641 2109 et
657 2075 697 2109 ad
719 2075 893 2111 Caesarem
906 2090 961 2111 re-

286 2124 388 2165 serri;
416 2123 541 2158 dicitur
557 2126 652 2160 enim
677 2139 749 2161 non
775 2128 892 2162 minus
917 2128 960 2163 de

284 2176 474 2217 hominum
487 2190 708 2223 magnorum,
726 2192 831 2223 quam
839 2193 960 2215 rerum

287 2228 444 2264 interitu.
469 2230 594 2264 Horat.
612 2230 648 2264 ΙΙ
661 2255 670 2272 ,
696 2229 766 2265 Od.
791 2242 869 2265 xvn
881 2257 890 2274 ,
915 2233 935 2266 8
948 2259 958 2276 ,

287 2280 330 2315 de
342 2293 402 2316 sua
413 2288 449 2316 et
460 2282 661 2317 Maecenatis
672 2289 784 2317 morte
795 2282 958 2328 instante,

285 2336 346 2368 ille
364 2336 437 2368 dies
457 2338 627 2378 utramque
648 2336 747 2369 ducet
762 2338 901 2368 ruinam.
916 2354 960 2362 —

291 2386 448 2426 Tuorum,
461 2386 577 2431 populi
587 2386 738 2421 Romani
748 2385 891 2421 Caesaris
901 2400 960 2420 ne-

286 2450 365 2471 cem
389 2437 604 2475 vindicantis.
630 2437 809 2473 Caeterum
827 2438 959 2473 Rodius

286 2502 418 2522 manum
439 2492 573 2533 emptum
597 2490 700 2524 vertit
724 2493 797 2524 eine
817 2492 960 2533 gottlose

288 2541 396 2573 Faust
406 2567 414 2579 ‚
427 2548 619 2585 monetque
634 2541 778 2586 intelligi
790 2541 959 2587 conspira—

248 2621 253 2624 .
281 2591 421 2634 ¹tionem
431 2600 551 2627 contra
562 2594 669 2628 vitam
681 2593 829 2640 Augusti
841 2621 851 2638 ,
865 2593 958 2639 quod

287 2650 322 2678 et
339 2644 395 2678 alii
411 2644 494 2678 olim
511 2652 687 2689 putarunt.

327 2695 403 2729 203.
420 2692 609 2730 Humanum
621 2710 726 2741 genus
741 2704 776 2732 et
787 2702 888 2732 totum
902 2712 957 2733 or-

286 2748 358 2782 bem
370 2748 547 2792 nominat,
566 2748 646 2793 quia
660 2761 781 2784 omnes
794 2750 866 2784 fere
879 2762 958 2795 gen-

1029 1145 1079 1174 tes
1096 1139 1263 1184 parebant
1280 1139 1427 1185 imperio
1439 1140 1544 1175 Rom.
1555 1139 1646 1175 etsie
1656 1139 1700 1175 ad

1030 1203 1152 1225 omnes
1165 1191 1361 1236 pertinebat
1372 1190 1521 1226 Caesaris
1528 1190 1699 1225 interitus.

1073 1245 1147 1276 205.
1173 1244 1243 1285 Qui
1245 1247 1422 1287 postquam
1438 1255 1518 1277 voce
1529 1248 1592 1277 etc.
1604 1242 1700 1276 Inest

1028 1294 1066 1328 in
1082 1294 1135 1330 his
1150 1295 1262 1331 verbis
1283 1295 1410 1340 aliquid
1429 1295 1643 1341 tautologiae;
1663 1301 1701 1329 et

1028 1347 1120 1382 varie
1130 1347 1213 1382 olim
1222 1348 1308 1383 lecta
1318 1353 1399 1382 sunt
1408 1346 1502 1383 :vide
1511 1346 1612 1383 Vax-r.
1621 1346 1699 1382 leet.

1072 1400 1146 1434 206.
1155 1401 1327 1434 Murmura
1336 1402 1536 1444 compressit.
1546 1398 1700 1446 Longius

1028 1453 1164 1487 aberrat
1180 1466 1269 1488 unus
1285 1453 1434 1499 Regius,
1452 1452 1488 1488 in
1508 1464 1578 1498 quo
1593 1453 1701 1487 lacre,-⁴

1021 1508 1099 1549 put't
1106 1508 1216 1539 subito
1225 1530 1235 1548 ‚
1254 1512 1288 1539 et
1300 1504 1429 1550 Regius
1440 1504 1526 1539 alter
1537 1517 1620 1539 cum
1629 1502 1700 1539 Ar-

1027 1564 1161 1603 gentor.
1183 1561 1301 1591 terruit
1317 1558 1501 1591 adstantes.
1530 1557 1574 1591 In
1599 1556 1698 1591 Voss.

1026 1608 1110 1642 alius
1121 1615 1197 1653 post
1206 1608 1300 1642 hune
1311 1620 1398 1642 vers.
1409 1607 1560 1642 insertus
1572 1632 1582 1650 ,
1595 1606 1700 1655 sigma

1025 1662 1118 1694 dedit
1127 1687 1135 1700 ,
1154 1662 1265 1694 subito
1280 1663 1409 1694 tenuere
1421 1661 1558 1694 silentia
1570 1661 1698 1694 cuncti.

1070 1724 1145 1758 ²07·
1171 1713 1311 1746 Pressas
1320 1737 1329 1755 ,
1354 1710 1448 1745 idem
1465 1723 1572 1755 quam
1593 1722 1697 1745 oom-

1026 1776 1171 1809 pressus.
1184 1762 1369 1798 Interdum
1382 1769 1501 1808 auctor
1514 1768 1592 1808 post
1602 1774 1699 1797 com-

1025 1814 1176 1860 positum
1191 1813 1317 1860 repetit
1331 1813 1424 1847 verb.
1438 1813 1600 1859 simplex:
1613 1826 1700 1848 vers.

1027 1868 1106 1907 158,
1125 1868 1326 1905 incaluisse,
1354 1867 1572 1909 calidumque.

1068 1931 1142 1965 ²⁰9·
1150 1919 1330 1952 Dt'mittite.
1335 1918 1547 1951 Dt'rnittimus
1553 1929 1594 1951 ea
1602 1942 1612 1960 ,
1621 1929 1699 1963 quae

1024 1970 1181 2016 ejicimus
1195 1982 1235 2003 ex
1247 1969 1364 2003 animo
1376 1994 1386 2012 ‚
1404 1980 1557 2014 quorum
1566 1968 1699 2004 oblivis-

1025 2023 1193 2057 cimur.—
1200 2022 1350 2064 Tempus,
1362 2020 1565 2066 perversitas
1575 2019 1694 2055 homi-

1025 2087 1114 2109 num
1123 2073 1226 2119 hujus
1233 2072 1410 2118 temporis.
1422 2071 1526 2118 Apud
1537 2071 1699 2118 Apollod.

1026 2128 1179 2163 filiorum
1204 2125 1372 2174 Lycaonis
1401 2125 1561 2171 impietas
1581 2132 1700 2160 movet

1025 2180 1153 2214 Jovem
1165 2205 1174 2222 ,
1187 2179 1271 2213 utin
1283 2185 1413 2213 terram
1425 2177 1613 2212 delabatur.
1625 2176 1698 2212 Sed

1026 2233 1154 2267 Noster
1165 2257 1174 2274 ,
1203 2231 1262 2276 qui
1283 2229 1506 2265 Deucalionis
1528 2229 1699 2272 diluvium

1024 2297 1105 2319 cum
1119 2284 1186 2318 hoc
1200 2282 1323 2330 mytho
1338 2283 1553 2328 conjungere
1568 2281 1695 2326 voluit,

1023 2336 1184 2371 latiorem
1199 2335 1414 2380 impietatem
1433 2346 1697 2377 commemora-

1023 2388 1084 2421 vit.
1100 2405 1142 2413 —-
1157 2388 1287 2421 Delabi
1296 2385 1451 2419 solemne
1469 2384 1512 2419 de
1529 2383 1697 2420 descensu

1024 2437 1183 2472 Deorum
1193 2437 1229 2471 in
1240 2443 1358 2475 terras.
1366 2437 1584 2477 -Lustrare,
1599 2436 1694 2471 obire

1023 2488 1321 2535 circumspiciendi
1345 2501 1446 2524 causa
1465 2501 1473 2524 :
1491 2489 1564 2524 XII
1582 2515 1593 2533 ,
1620 2491 1694 2534 527.

1020 2544 1132 2577 -Sub
1140 2546 1282 2587 magiae
1295 2569 1303 2582 ,
1322 2542 1478 2577 adsumta
1488 2543 1601 2577 forma
1613 2555 1622 2576 ε
1634 2542 1693 2586 II,

1021 2596 1097 2634 805.
1125 2594 1336 2629 Mercenarii
1361 2595 1512 2629 sormam
1534 2593 1694 2639 Apollod.

1023 2652 1207 2680 memorat.
1233 2664 1277 2671 —-
1303 2647 1418 2680 ,Μίνων
1444 2659 1530 2680 vem.
1555 2645 1693 2689 Maiora

1023 2711 1174 2744 namque
1186 2697 1313 2733 scelera
1324 2705 1358 2732 et
1369 2698 1467 2744 plura
1478 2698 1519 2732 ab
1530 2698 1618 2732 Jove
1630 2697 1694 2732 de-

1022 2749 1193 2796 prehensa
1207 2750 1323 2793 suere,
1342 2761 1447 2794 quam
1460 2748 1671 2784 serebantur.
