1832 3100
338 241 1038 290 METAMORPHOSEON
1070 244 1201 287 LIB.
1236 244 1363 289 VII.

137 337 370 405 AEripedes
392 337 533 396 tauri;
556 348 768 403 tactaeque
792 335 1031 401 vaporibus
1054 335 1204 386 herbae
1257 356 1267 363 ‘

1480 242 1566 298 483

1501 353 1563 386 105

137 415 340 465 Ardent:
359 427 498 481 utque
516 413 663 463 solent
683 412 806 480 pleni
829 431 1036 462 resonare
1059 413 1243 471 camini,

138 493 234 547 Aut
254 491 335 541 ubi
356 481 532 541 'terrena
555 489 700 539 silices
723 490 901 540 fornace
926 490 1063 539 soluti

141 569 413 636 Concipiunt
435 569 584 633 ignem
607 568 877 635 liquidarum
900 568 1164 636 adspergine
1189 588 1429 635 aquarum:

139 638 328 698 Pectora
348 647 412 696 sic
432 647 556 696 intus
578 646 748 696 clausas
768 645 989 696 volventia
1010 646 1205 695 flammas
1221 685 1234 706 ,

145 727 429 793 Gutturaque·
446 737 548 775 usta
568 737 732 775 sonant
750 745 760 773 :
781 737 930 774 tamen
947 723 1036 773 illis
1060 725 1230 774 AEsone
1254 737 1386 774 natus

1514 751 1575 775 110

142 805 318 856 Obvius
340 806 405 855 it:
425 817 594 855 vertere
615 816 764 853 truces
784 803 1002 852 venientis
1022 802 1076 850 ad
1100 822 1178 852 ora

139 885 382 936 Terribiles
404 884 554 933 vultus
568 921 580 942 ‚
604 882 870 950 praefixaque
891 901 1058 930 cornua
1082 880 1198 929 ferro
1217 901 1229 939 ;

140 964 491 1030 Pulvereumque
513 961 660 1011 solum
683 960 795 1028 pede
818 959 1049 1027 pulsavere
1066 958 1243 1008 bisulco
1261 979 1272 1019 3

140 1042 455 1109 Fumificisque
473 1040 620 1090 locum
643 1039 892 1103 mugitibus
910 1036 1158 1104 implevere.

143 1120 379 1185 Diriguere
402 1130 523 1167 metu
547 1117 714 1184 Minyae
734 1138 743 1165 ε
766 1116 891 1166 subit
912 1115 1014 1174 ille;
1034 1134 1114 1164 nec
1136 1115 1261 1179 ignes

1520 1130 1580 1164 115

145 1199 296 1248 Sensit
316 1195 575 1254 anhelatos;
595 1206 769 1243 tantum
791 1194 1081 1243 medicamina
1106 1206 1300 1261 possunt
1319 1196 1328 1242 Ξ

144 1275 434 1343 Pendulaque
451 1273 607 1324 audaci
630 1271 795 1322 mulcet
816 1272 1008 1340 palearia
1030 1273 1210 1322 dextra:

147 1421 232 1457 dicti
249 1419 474 1456 Antimacho,
496 1417 586 1454 Inde
604 1425 639 1453 et
657 1417 834 1453 habebant

148 1475 268 1520 χάλκεα
280 1476 420 1518 στόματα
428 1497 438 1515 ,
452 1471 584 1507 Nostro
593 1472 831 1511 adamanteas,

147 1527 302 1570 ferreas,
326 1535 439 1559 natvs.
457 1539 501 1551 ·-
524 1521 694 1567 mperes,
725 1522 836 1568 ignes.

151 1577 350 1614 Claudiano
361 1601 372 1620 ,
388 1585 510 1611 xxvm
518 1601 528 1618 ,
540 1574 624 1619 346,
638 1581 723 1609 sunt
734 1574 834 1620 ignes

146 1629 304 1666 fulminis
315 1655 325 1673 ,
336 1628 463 1674 quibus
475 1627 611 1662 sommi
623 1625 832 1667 dissolvitur.

195 1682 271 1718 106.
280 1682 423 1716 Ardent.
432 1679 601 1714 Heinsius
610 1678 709 1712 malit
716 1679 833 1713 Arent.

148 1741 195 1765 -'-
205 1736 279 1772 Par
291 1741 372 1770 erut*
382 1732 646 1768 vehementiam
661 1744 834 1778 vaporum

145 1786 435 1826 similitudinibus
446 1784 629 1820 illustrare.
641 1782 745 1819 Prior
756 1796 835 1830 pro·

145 1841 262 1879 banda
276 1848 350 1885 est,
367 1851 442 1875 mm
457 1835 551 1875 item'
566 1839 742 1885 posterior
755 1853 763 1880 ;
782 1842 836 1872 si-

146 1899 231 1932 lices
246 1895 345 1931 enim
358 1891 570 1940 'adspergine
589 1904 690 1938 aquae
703 1892 836 1927 strido—

147 1959 225 1984 rem
235 1947 363 1990 edunt,
373 1945 530 1980 alienum
539 1943 638 1979 illum
651 1957 669 1978 a
679 1944 835 1980 saucibus

149 2008 345 2036 taurorum.
352 1996 574 2043 Apollonius,
583 1995 676 2031 dicto
683 1996 836 2039 loco,eos

150 2064 233 2089 cum
259 2050 398 2086 follibus
421 2055 600 2095 eomparat
616 2048 736 2095 ignem
752 2060 835 2083 cum

148 2103 298 2151 strepitu
304 2099 690 2145 excitantibus-Hem}
704 2109 835 2147 nempe

150 2157 434 2193 flammarum—
439 2155 594 2189 Temena.
604 2153 835 2188 Burmannus

149 2210 371 2255 conjecturat
390 2207 564 2253 Tyrrhena
579 2219 589 2240 :
606 2218 716 2251 quum
738 2205 835 2241 enim

115 2276 119 2281 ·
151 2261 190 2297 in
207 2259 351 2296 Etruria
366 2256 488 2293 multe
504 2257 639 2292 suerint
658 2257 811 2304 figulinae
823 2281 833 2301 ,

153 2314 229 2350 veri
243 2324 319 2348 non
335 2324 408 2348 esse
426 2310 590 2346 dissimile
601 2317 637 2345 et
646 2311 776 2346 calcem
788 2310 836 2346 ibi

153 2379 227 2402 esse
257 2371 405 2401 coctam.
432 2361 535 2409 Regii
564 2363 675 2398 nostri
704 2362 837 2398 habent

152 2423 297 2459 terrena,
315 2416 378 2452 sed
394 2427 458 2462 per
479 2415 742 2462 compendium.
762 2413 837 2450 Ter*

153 2484 252 2513 mna,
267 2483 310 2505 ex
324 2469 490 2505 lateribus
504 2469 610 2505 coctis
627 2476 837 2504 constructa.

156 2523 259 2563 hyles,
271 2521 345 2557 calx
354 2529 465 2565 cocta,
478 2532 556 2567 quae
565 2522 624 2557 ubi
632 2522 714 2556 arsit
723 2521 759 2556 in
770 2522 837 2556 sor-

155 2587 256 2619 nace,
268 2574 366 2620 aquis
375 2575 592 2611 accenditur:
601 2574 692 2610 Plin.
701 2585 815 2610 xxxvl
826 2602 835 2620 ,

159 2629 211 2664 23.
222 2646 266 2654 —
277 2628 398 2669 ιςοῖαίἰ,
414 2628 517 2663 mites
539 2628 631 2664 sacti.
643 2647 688 2654 —-
704 2630 740 2663 V
733 2631 839 2662 oluere

156 2680 358 2726 exquisitius
369 2706 378 2724 ,
408 2693 515 2725 quam
527 2707 536 2723 ‚
565 2693 719 2715 vomere.
747 2680 839 2715 Illud

158 2733 256 2768 enim
278 2732 383 2767 simul
409 2732 590 2767 volumina
615 2732 778 2777 exprimit
805 2740 840 2767 et

160 2784 279 2831 globos
294 2784 518 2819 flammarum
532 2797 573 2820 ex
589 2797 649 2820 ore
666 2784 839 2830 prodeun-

900 1418 1000 1452 tium.
1019 1417 1181 1452 Tibullus
1193 1444 1202 1462 ,
1222 1417 1278 1453 III
1292 1444 1300 1460 ,
1319 1429 1380 1462 lv,
1398 1419 1442 1453 86
1453 1421 1583 1465 ,flam-

898 1483 987 1503 mam
1015 1472 1151 1503 volvens
1177 1483 1233 1504 ore
1259 1471 1424 1504 Chimoera
1439 1470 1531 1515 fito.
1540 1490 1584 1497 ——-

905 1523 1011 1563 Usta,
1034 1521 1204 1557 ardentia.

900 1586 915 1602 -’
948 1574 1023 1612 iia.-
1038 1575 1303 1622 Praefitafcrm',
1319 1577 1461 1623 praefixo
1473 1579 1583 1622 ferro,

896 1629 1048 1664 omnino
1059 1630 1185 1664 ferrea.
1193 1631 1502 1677 ——Pulvefieumque
1519 1639 1584 1667 etc.

898 1682 1126 1727 pulsaverunt
1133 1683 1246 1717 solum
1255 1683 1316 1726 sic,
1326 1691 1366 1718 ut
1375 1684 1486 1729 pulvis
1495 1698 1586 1730 spar-

900 1740 1064 1780 geretur,
1087 1742 1187 1769 more
1205 1742 1390 1770 taurorum
1414 1746 1585 1782 pugnan—

899 1787 998 1822 tium.
1017 1787 1143 1822 senec.
1160 1788 1235 1831 Ira,
1251 1789 1279 1822 Ι.
1298 1789 1432 1823 Cornua
1440 1790 1586 1833 jactan-

899 1843 955 1872 tut
967 1842 1004 1873 fn
1017 1851 1160 1873 vacuum
1176 1844 1212 1874 et
1227 1852 1331 1874 arena
1341 1843 1447 1884 pulsu
1463 1846 1588 1886 pedum

898 1894 1074 1934 spargitur.

949 1945 1020 1986 114.
1046 1944 1238 1988 Fumosae,
1261 1944 1401 1987 sumum
1420 1946 1586 1982 efficien-

898 1994 1002 2029 tibus.
1017 1995 1084 2029 Ed.
1095 2012 1141 2021 ·-
1153 1997 1354 2040 Implevere5
1369 1997 1538 2043 spondaeo
1548 2000 1584 2034 in

901 2047 1025 2092 quinta
1038 2057 1159 2082 versus
1181 2047 1265 2083 sede
1286 2061 1367 2085 usus
1384 2057 1436 2085 est
1458 2059 1561 2097 poeta
1573 2079 1583 2096 ‚

899 2106 941 2134 ut
956 2100 1066 2134 boum
1084 2100 1238 2146 mugitus
1254 2101 1478 2138 redderetur.
1494 2106 1560 2140 Ed.

948 2154 1022 2189 115.
1043 2154 1141 2189 Subit
1154 2157 1235 2199 1'lle5
1251 2168 1312 2190 nec
1332 2159 1436 2201 egrnes.
1462 2157 1585 2192 Codex

902 2205 1035 2252 Regius
1050 2206 1082 2241 A
1095 2232 1106 2250 ‚
1125 2210 1237 2242 subito
1253 2210 1312 2243 ille
1327 2221 1396 2243 nec*
1404 2211 1493 2243 illos.
1514 2209 1588 2244 Co-

901 2260 968 2295 dex
982 2261 1013 2295 B
1027 2287 1037 2305 ,
1054 2263 1166 2296 subito
1187 2264 1245 2296 ille
1260 2272 1322 2297 nec
1340 2265 1438 2296 ullos.
1464 2263 1586 2298 Lectio

899 2313 998 2353 illos,
1020 2319 1138 2349 tauros
1149 2340 1158 2358 ,
1178 2326 1251 2349 non
1263 2314 1403 2349 videtur
1414 2315 1500 2349 mihi
1517 2328 1585 2361 ge—

900 2365 1012 2400 nuina
1023 2392 1032 2410 ‚
1043 2366 1200 2412 quamvis
1209 2369 1303 2411 &nes
1313 2367 1402 2401 sorte
1414 2367 1456 2401 ab
1467 2380 1586 2402 emen-

903 2417 1045 2453 datione
1069 2419 1310 2454 recentiorum
1337 2420 1586 2465 proficiscatur.

902 2470 1255 2511 an—Medicamma,
1262 2471 1378 2506 herbae
1385 2472 1486 2506 incan
1493 2480 1584 2518 tatae,
1609 2484 1615 2490 ·

903 2533 1053 2566 venena,
1064 2524 1216 2572 φάρμακα.
1230 2522 1317 2574 Inde
1331 2528 1583 2576 fupuoexnirpmz,

902 2573 1148 2609 incantatrices
1163 2602 1172 2618 ,
1191 2581 1226 2609 et
1243 2579 1502 2625 ᾳαρμακεὺετθαι,
1521 2578 1585 2612 in-

904 2634 1055 2662 cantare.
1074 2628 1223 2671 Noster,
1242 2629 1389 2664 Heroid.
1407 2630 1501 2673 XII,
1524 2635 1583 2675 15,

904 2680 994 2713 Isse!
1006 2681 1184 2714 anhelalos
1198 2694 1264 2715 non
1277 2685 1535 2726 proemedz'catus
1551 2687 1585 2717 in

903 2735 1008 2775 125⁷nes.
1024 2751 1068 2758 —
1081 2732 1136 2767 De
1147 2737 1356 2778 palearibus,
1373 2735 1454 2769 vide
1473 2735 1513 2769 ad
1530 2736 1584 2778 ll,

906 2788 981 2830 854.
995 2805 1039 2813 --
1052 2786 1205 2833 Dejugo
1216 2816 1224 2830 ,
1243 2789 1323 2823 vide
1348 2789 1390 2823 ad
1420 2790 1479 2833 11,
1502 2801 1564 2836 ¹⁰9
1576 2815 1585 2832 ,

1178 2915 1196 2932 Ι
