1832 3100
281 284 367 328 538

648 288 699 331 P.
747 289 983 336 OVIDII
1003 290 1008 292 ’
1028 291 1329 339 NASONIS

277 376 447 435 Pestis;
473 390 517 426 et
539 378 672 428 exitio
695 381 825 430 multi
848 403 1143 450 pecorumque
1164 403 1334 452 suoque

277 455 512 518 Rurigenae
535 476 690 523 pavere
714 459 848 508 feram
869 481 878 508 ε
899 461 1042 509 vicina
1060 461 1267 526 juventus

281 534 523 590 Venimus;
547 547 590 582 et
614 535 728 584 latos
753 537 959 600 indagine
977 538 1199 589 ‘cinximus
1221 559 1363 602 agros.

276 610 359 659 Illa
382 610 465 659 levi
490 610 617 659 velox
638 615 875 679 superabat
897 615 1007 663 retia
1028 615 1142 664 saltu
1161 635 1173 673 ;

279 690 548 754 Summaque
575 691 793 739 transibat
814 692 1061 757 positarum
1083 691 1173 741 lina
1195 691 1439 759 plagarum.

278 766 453 833 Copula
471 767 715 815 detrahitur
737 768 922 818 canibus
936 807 948 827 ‚
977 788 1085 836 quas
1108 769 1183 818 illa
1207 781 1441 836 sequentes

275 844 451 907 Effugit
466 883 478 903 ‚
502 857 547 893 et
568 844 737 893 volucri
759 865 852 894 non
877 847 1054 908 segnius
1075 847 1178 896 alite
1201 846 1331 895 ludit.

1637 876 1701 911 77⁰

278 923 446 970 Poscor
469 934 514 970 et
535 923 630 988 ipse
650 942 797 971 meum
819 943 1036 972 consensu
1058 924 1234 992 Laelapa
1257 945 1439 989 magno,

275 1000 477 1048 Muneris
501 1000 589 1048 hoc
613 1019 774 1049 nomen
792 1021 806 1048 ⁴:
831 1001 1088 1066 jamdudum
1115 1001 1291 1050 vincula
1314 1014 1483 1069 pugnat

274 1079 445 1126 Exuere
468 1077 562 1144 ipse
587 1078 700 1136 Sibi,
727 1077 932 1144 colloque
956 1078 1175 1127 morantia
1196 1078 1350 1127 tendit.

283 1155 370 1203 Vix
394 1155 505 1203 bene
529 1155 692 1204 missus
716 1167 835 1214 erat,
858 1174 939 1204 nec
957 1155 1044 1220 jam
1067 1167 1321 1221 poteramus
1336 1193 1348 1213 ‚
1373 1154 1454 1203 ubi
1477 1167 1592 1205 esset
1608 1194 1620 1214 ‚

318 1282 391 1326 764.
399 1285 522 1323 Pcstzze,
535 1282 649 1317 bellua
661 1289 793 1317 terram
803 1290 954 1327 vastans,

273 1341 313 1368 ut
327 1338 435 1378 pestis
451 1336 602 1375 Nemea,
630 1335 779 1369 Heroid.
795 1336 847 1370 IX
865 1361 874 1378 ,
900 1336 954 1370 61.

273 1387 472 1432 Descriptio
488 1400 636 1433 sequens
659 1387 783 1432 lupum
799 1387 953 1422 indicare

273 1439 432 1481 vid-etun
452 1439 513 1474 sed
530 1453 571 1474 ex
586 1439 770 1474 Antonino
785 1447 821 1475 et
835 1440 955 1485 Apol-

272 1490 396 1524 lodoro
412 1491 554 1536 vulpem
572 1492 677 1526 fuisse
692 1492 828 1527 scimus.
851 1492 956 1527 Dicta

273 1549 325 1577 est
343 1543 531 1577 Teumesia
560 1556 580 1577 a
604 1544 781 1578 Teumeso
796 1570 806 1588 ,
831 1550 954 1578 monte

273 1593 428 1628 Boeotiae.
463 1594 516 1628 Ea
544 1594 812 1642 Amphitryonis
839 1596 855 1641 (
880 1608 954 1629 non

276 1647 463 1693 OEdipodis
483 1648 497 1691 )
525 1654 684 1693 tempore
710 1648 856 1682 molesta
880 1655 955 1682 erat

275 1698 464 1733 Thebanis.
487 1699 555 1742 Ei,
581 1712 627 1733 ne
651 1699 767 1744 plures
792 1706 952 1744 raperet,

275 1750 436 1785 Thebani
463 1763 577 1785 unum
607 1751 749 1796 singulis
776 1751 954 1785 mensibus

274 1814 425 1846 puerum
450 1801 693 1836 devorandum
722 1803 961 1847 apponebant„

271 1853 496 1896 Antoninus,
510 1853 777 1898 Appollodorus.
792 1853 888 1888 Hinc
905 1867 956 1889 ar-

273 1905 417 1940 cessitur
435 1904 612 1949 Cephalus
625 1918 705 1940 cum
721 1918 806 1940 cane
824 1918 898 1940 suo.
910 1924 954 1931 —-

274 1958 454 2000 Bangenos
465 1969 598 1991 novum
614 1958 831 1992 vocabulum.
842 1976 886 1984 —
895 1960 928 1993 V
923 1961 955 1991 i-

275 2012 355 2043 cina
363 2009 533 2052 juventus.
546 2009 639 2043 Vide
657 2009 701 2043 ad
719 2010 810 2043 VIII
824 2035 834 2053 ,
852 2010 929 2044 300.

321 2060 394 2106 767.
412 2061 511 2094 Leuis
529 2064 654 2101 sallus,
680 2067 719 2095 ut
733 2061 901 2096 Phaedrus
916 2062 954 2106 I,

274 2110 388 2145 sabula
406 2121 459 2144 ΧΠ
472 2137 481 2154 ,
501 2112 521 2145 8
534 2137 544 2154 ‚
569 2113 692 2146 Cursus
711 2114 811 2151 leuis,
839 2112 952 2156 celer,

274 2162 371 2207 quasi
385 2175 509 2207 corpus
524 2163 597 2197 leve
610 2170 709 2198 esset.
718 2164 880 2210 Hyginus
889 2191 899 2208 ,
914 2165 954 2199 Ρ.

275 2215 319 2249 A.
336 2210 379 2249 35
390 2241 400 2259 ‚
418 2217 551 2259 vulpes,
569 2219 629 2249 cui
638 2218 753 2250 datum
766 2218 948 2256 dicebatur,

273 2271 313 2302 ul
334 2280 449 2302 omues
473 2280 577 2302 canes
601 2268 748 2312 effugere
769 2274 895 2311 posset.
911 2287 955 2294 —

275 2319 407 2354 Versus
423 2319 619 2363 Summaque
634 2326 698 2354 etc.
714 2319 955 2354 redundanter

274 2370 430 2414 adjectus
454 2370 680 2415 superiori—
697 2370 738 2404 In
764 2370 831 2406 hoc
852 2384 956 2406 versu

276 2422 480 2458 Basileensis
493 2421 614 2456 Codex
626 2422 863 2466 datpz'clarum.
879 2436 954 2458 non

274 2475 496 2520 improbante
507 2475 716 2509 Burmanno
727 2501 736 2518 ,
754 2476 833 2520 quia
847 2476 955 2521 plagae

273 2527 375 2561 variis
386 2527 587 2571 plumarum
598 2527 768 2562 coloribus
783 2527 954 2563 distinctae

276 2579 419 2613 suerint.

321 2631 394 2676 769.
420 2632 547 2674 Copula
566 2633 751 2665 delraht'lur
774 2637 837 2665 etc.
863 2631 954 2666 Haec

276 2681 431 2716 narratio
448 2690 562 2717 exacta
578 2682 657 2716 satis
674 2690 726 2717 est
741 2689 775 2717 et
791 2683 954 2717 minutis-

275 2735 361 2770 sima
378 2747 524 2780 quaeque
541 2742 621 2769 ante
638 2735 754 2770 oculos
768 2735 877 2780 ponit.
891 2735 953 2770 Illa

276 2794 395 2822 autem
414 2786 591 2832 diligentia
608 2800 693 2832 opus
717 2794 811 2830 erat,
842 2800 952 2833 quum

1022 1282 1197 1329 Cephalus
1214 1283 1316 1318 vellet
1327 1288 1362 1317 et
1375 1289 1537 1318 naturam
1549 1285 1699 1320 monstri

1019 1334 1163 1369 immissi
1181 1341 1216 1369 et
1235 1334 1449 1369 celeritatem
1472 1334 1566 1369 canis
1585 1335 1638 1370 sui
1660 1335 1699 1369 in

1019 1386 1095 1420 luce
1112 1385 1289 1421 collocare.
1307 1386 1355 1420 Et
1369 1386 1406 1420 in
1422 1385 1525 1421 rebus
1537 1413 1546 1430 ,
1574 1386 1698 1432 quibus

1021 1437 1138 1472 devoti
1153 1450 1291 1480 sumus,
1310 1437 1513 1473 enarrandis
1533 1445 1607 1473 tam
1629 1451 1697 1474 eo—

1019 1491 1105 1536 piosi
1121 1504 1192 1527 esse
1209 1488 1426 1526 solemus.·'--
1438 1491 1585 1535 Copula,
1602 1492 1699 1526 suni-

1019 1545 1116 1579 culus
1125 1570 1134 1587 ,
1146 1556 1216 1589 quo
1226 1544 1404 1579 ducuntur
1414 1557 1517 1579 canes
1527 1545 1673 1580 venatici
1685 1571 1695 1587 ‚

1019 1595 1199 1629 vinculum
1213 1621 1222 1638 ,
1243 1608 1313 1640 quo
1327 1595 1489 1641 ligantur.
1504 1614 1552 1640 —·-
1564 1597 1698 1630 Detra-

1017 1648 1126 1688 bitur5
1138 1647 1270 1690 primus
1280 1647 1476 1690 Palatinus,
1487 1649 1693 1686 distrahitur.

1018 1703 1058 1731 ut
1073 1698 1233 1742 copulam
1254 1705 1398 1742 ruptam
1418 1698 1552 1743 impetu
1569 1710 1698 1733 canum

1017 1748 1196 1794 significet.
1204 1766 1248 1774 ·-
1255 1749 1356 1794 Regii
1365 1749 1493 1792 nostri,
1502 1751 1696 1788 detramur,

1018 1808 1054 1835 et
1065 1814 1146 1835 mox
1154 1827 1163 1844 ,
1172 1814 1329 1846 proquas
1341 1804 1406 1835 illa
1413 1828 1421 1842 ‚
1438 1814 1520 1845 quos
1531 1803 1699 1838 illa—Et

1018 1855 1220 1887 volucrinon
1227 1855 1381 1897 segnium
1398 1853 1502 1898 vulgo
1510 1878 1521 1897 ‚
1535 1857 1570 1887 el
1580 1858 1698 1888 cetum

1017 1908 1230 1949 nonsegm‘or.
1241 1904 1312 1939 Sed
1322 1907 1452 1939 volucri
1459 1905 1495 1939 in
1503 1917 1576 1939 uno
1587 1906 1697 1941 Hein-

1017 1957 1079 1999 sii,
1103 1957 1216 2001 primo
1233 1955 1462 1990 Gronoviano
1475 1982 1484 2000 ,
1509 1956 1596 1991 etin
1612 1955 1698 1991 Sixii

1018 2021 1083 2054 pro
1095 2008 1228 2042 diversa
1244 2008 1391 2043 lectione
1404 2020 1412 2042 ε
1430 2008 1596 2043 Heinsius
1607 2008 1698 2042 mal-

1017 2061 1086 2105 let,
1113 2065 1232 2095 coetum
1252 2073 1318 2094 non
1340 2063 1467 2099 secius,
1495 2060 1579 2105 quia
1590 2060 1697 2095 iidem

1017 2113 1066 2148 illi
1088 2117 1230 2158 segnius.
1250 2132 1294 2140 ·-
1319 2114 1420 2159 Regii
1437 2114 1547 2148 nostri
1565 2114 1696 2148 habent

1017 2166 1191 2210 vulgatam
1203 2191 1213 2208 ‚
1229 2166 1358 2200 scilicet
1372 2170 1408 2200 et
1422 2170 1542 2200 caelum
1560 2179 1626 2200 non
1647 2178 1695 2199 se·

1014 2220 1114 2261 gnior
1125 2220 1208 2252 alite
1219 2220 1308 2251 ludit
1323 2229 1331 2252 :
1346 2216 1448 2252 lectio
1461 2216 1567 2251 altera
1577 2229 1696 2251 recen-

1018 2270 1108 2313 tior,
1135 2277 1169 2304 et
1191 2277 1311 2304 nostro
1335 2269 1465 2315 judicio
1491 2277 1542 2305 sat
1564 2269 1695 2305 inutilis

1018 2322 1229 2356 emendatio.
1246 2324 1311 2356 Ed.
1319 2340 1365 2348 —
1372 2322 1478 2356 Ludit
1484 2324 1670 2367 pro-eludit
1679 2348 1689 2362 ‚

1018 2373 1111 2417 quod
1126 2374 1218 2408 VIII
1231 2399 1241 2417 ‚
1258 2373 1320 2418 687
1341 2373 1409 2408 :sic
1425 2375 1592 2412 deludere,
1610 2373 1696 2407 Ha·-

1016 2425 1112 2460 lieut.
1130 2429 1170 2461 25
1188 2440 1196 2467 ;
1214 2428 1384 2471 ludficari
1391 2452 1399 2466 ‚
1415 2424 1520 2460 Silius
1535 2425 1693 2468 Italicus,

1017 2475 1090 2511 VII
1103 2502 1112 2519 ‚
1132 2476 1205 2520 642.
1215 2496 1259 2502 —
1268 2478 1404 2520 Loelaps
1415 2475 1545 2511 Graecis
1555 2475 1694 2522 proprie

1016 2535 1068 2562 est
1086 2528 1198 2563 turbo.
1212 2546 1255 2554 —
1269 2528 1301 2562 A
1311 2528 1491 2562 velocitate
1507 2534 1542 2563 et
1556 2528 1693 2573 impetu

1015 2591 1147 2613 nomen
1164 2578 1231 2614 hoc
1249 2578 1404 2613 inditum
1417 2579 1485 2613 fuit
1499 2579 1587 2629 cani7
1603 2580 1671 2613 Ed.

1060 2631 1133 2677 773.
1148 2632 1298 2673 Exuere5
1317 2630 1462 2676 quidam
1475 2636 1636 2665 excutere.
1647 2649 1691 2656 --

1014 2685 1150 2727 Pugnat
1161 2695 1298 2724 exuere‚·
1321 2691 1468 2718 conatur
1484 2683 1666 2718 detrahere
1678 2708 1687 2725 ,

1015 2737 1167 2774 vincula,
1193 2735 1306 2769 lorum
1325 2747 1395 2780 quo
1411 2735 1615 2778 tenebatur,
1636 2734 1689 2768 vel

1013 2787 1122 2832 ipsam
1139 2786 1310 2831 copulam.
1327 2787 1392 2821 Ed.
