1832 3100
299 252 978 303 METAMORPHOSEON
1010 256 1138 299 LIB.
1174 257 1300 301 νη,
1428 256 1513 318 507

94 351 460 418 Flagrantemque
485 350 665 398 domum
686 348 803 412 regis
824 368 942 397 mare
965 349 1077 397 vidit
1100 362 1367 418 utrumque3

1453 365 1518 411 395

97 430 317 494 Sanguine
340 441 544 478 natorum
568 427 852 495 perfunditur
869 426 1034 492 impius
1056 426 1198 485 ensis;

100 507 292 574 Ultaque
309 526 356 556 se
381 506 492 555 male
510 517 673 563 mater,
699 505 870 559 Iasonis
895 504 1052 567 effugit
1076 524 1206 553 arma.

166 586 244 633 VI.
273 585 390 632 Hinc
412 584 653 634 Titaniacis
676 583 821 633 ablata
846 583 1136 640 draconibuS,
1158 583 1294 631 intrat

101 660 318 711 Palladias
341 682 486 721 arces;
512 682 608 729 quae
632 674 672 711 te
687 700 699 719 ‚
724 661 964 728 justissima
985 661 1143 717 Phini,

99 741 250 807 Teque
266 778 278 799 ,
304 740 646 807 senex'Peripha
660 778 671 799 ,
696 740 862 808 pariter
884 740 1030 790 videre
1053 738 1277 796 volantes,

98 901 182 923 men
197 887 338 924 habent.
354 906 399 916 ·--
416 889 512 924 Nova
526 892 631 933 nupta
647 888 689 923 ab
706 888 778 924 aliis

98 939 230 975 Glauce
245 947 388 975 vocatur
399 965 409 983 ,
427 940 470 975 ab
487 940 559 975 aliis
573 939 706 975 Creusa
716 967 725 984 ,
744 947 779 975 et

97 991 170 1036 jam
181 991 266 1026 olim
276 991 511 1035 dubitabatur,
522 999 642 1027 utrum
654 993 779 1028 verius.

100 1042 216 1078 Schol.
234 1043 410 1089 Euripidis
422 1070 431 1087 ,
459 1043 502 1078 ad
522 1044 707 1086 Medeam,
731 1058 780 1091 ¹9·

100 1095 170 1130 Sed
181 1096 271 1131 bene
278 1096 413 1131 notavit
420 1097 660 1141 Burmannus,
675 1097 780 1131 Creu-

99 1162 173 1184 sam
187 1162 262 1185 non
273 1163 346 1186 esse
357 1163 492 1186 nomen
503 1151 686 1197 proprium
696 1177 705 1194 ,
721 1150 781 1186 sed

99 1202 209 1237 filiam
221 1203 311 1249 regis
321 1206 667 1243 notare—Venena,
681 1203 783 1237 donis

99 1255 302 1290 venenatis:
320 1255 502 1299 Horatius,
515 1255 710 1302 Epod.11-1‚
730 1255 781 1298 13,

102 1309 259 1342 delibatis
272 1309 378 1343 donis.
386 1308 535 1343 Miserat
547 1308 671 1353 pallam
685 1314 719 1342 et
730 1319 785 1342 co-

103 1372 231 1395 ronam
243 1387 252 1404 ,
271 1364 378 1397 κε’πλον
392 1367 445 1397 καὶ
459 1365 563 1408 στέφος
575 1367 763 1406 χρυσήλατον
775 1388 784 1405 ,

106 1413 310 1460 Euripides,
325 1416 408 1462 9493
427 1414 544 1450 Valer.
558 1415 698 1450 Flaccus
708 1441 717 1458 ‚
734 1416 780 1458 V,

107 1467 190 1514 4493
215 1466 349 1502 Seneca
365 1493 374 1510 ,
402 1466 500 1502 Med.
519 1469 595 1514 570.
614 1467 676 1501 llla
694 1466 788 1501 dona

104 1518 272 1553 infecerat
282 1518 452 1564 naphtha,
463 1532 503 1553 ex
511 1519 704 1553 multorum
714 1518 788 1564 qui-

105 1571 188 1606 dem
211 1572 378 1617 opinione
394 1598 404 1615 ,
433 1583 511 1616 quae
527 1571 610 1606 inde
629 1571 719 1606 dicta
737 1578 788 1606 est

104 1628 244 1663 Μιδείας
254 1625 418 1673 φάρμακον.
427 1623 509 1658 Vid.
522 1623 731 1666 Munkerus,
744 1623 787 1657 ad

106 1677 238 1725 Hygin.
253 1676 287 1711 d.
301 1676 320 1711 l.
336 1676 508 1722 Naphthae
517 1688 644 1721 magna
658 1688 784 1722 cogna-

104 1728 310 1775 tioignium,
321 1729 381 1774 qui
390 1729 550 1774 protinus
560 1728 594 1762 in
605 1741 681 1763 eam
696 1722 788 1762 tran-

103 1780 224 1817 siliunt
239 1794 247 1816 :
265 1781 413 1825 Plinius,
428 1781 463 1816 ΙΙ
477 1807 487 1825 ,
509 1782 584 1825 ιο5,
600 1780 657 1814 ubi
671 1779 787 1815 addit:

105 1831 288 1876 Itafenmt
304 1846 328 1868 a
344 1833 465 1867 Medea
478 1834 633 1876 pellicem
652 1844 789 1867 crema-

106 1888 191 1925 tam,
204 1889 382 1929 postquam
397 1886 631 1930 sacrficalura
646 1885 697 1916 ad
707 1895 789 1916 aras

107 1942 298 1973 accesserat
307 1964 315 1976 ,
334 1949 460 1971 corona
470 1940 546 1980 igne
557 1940 665 1979 rapta.
676 1937 791 1970 Vocat

113 1991 240 2025 colcha
252 2002 402 2033 venena,
419 1988 501 2035 quia
511 1987 641 2024 Medea
651 1986 792 2022 Colchis

110 2056 150 2077 us
166 2055 238 2077 usa.

154 2093 230 2142 396.
247 2093 417 2138 Sangm‘m'
425 2097 578 2128 natorum
592 2097 657 2126 etc.
674 2091 794 2126 Inter-

111 2149 219 2183 sectos
231 2147 320 2183 filios
332 2160 351 2182 a
362 2146 556 2182 Corinthiis
569 2173 578 2190 ,
592 2145 685 2191 quod
700 2145 798 2179 donar

113 2202 319 2245 attulissent,
331 2208 452 2236 auctor
461 2207 513 2235 est
522 2198 796 2241 Pausanias,Co-

113 2253 222 2289 rinth.
236 2267 270 2300 p.
289 2254 369 2293 1183
386 2252 550 2297 idemque
565 2251 673 2292 addit,
685 2254 796 2295 (fuum

114 2305 174 2340 filii
191 2306 398 2340 innocentes
413 2310 528 2339 essent
548 2302 703 2346 inventi,
724 2300 796 2336 Co-

114 2358 263 2394 rinthios
279 2358 317 2393 in
333 2371 377 2393 eo
393 2358 467 2404 ipso
482 2357 558 2392 loco
571 2383 580 2400 ,
607 2355 666 2391 ubi
683 2356 797 2390 inter-

113 2411 194 2446 fecti
205 2417 332 2454 essent,
347 2411 490 2446 Pavoris
501 2410 690 2456 imaginem
702 2407 797 2443 dedi-

113 2475 203 2499 casse
213 2490 223 2506 ,
241 2463 284 2498 ad
294 2476 547 2509 eamquevsacra
558 2461 795 2497 anniversaria

114 2516 244 2550 secisse.
259 2515 430 2550 Similiter
448 2514 609 2561 Apollod.
631 2521 666 2549 et
683 2513 795 2548 AElia-

116 2580 201 2608 nus,
220 2568 267 2601 V.
285 2568 332 2602 H.
348 2568 399 2611 V,
419 2581 469 2602 21.
489 2569 530 2603 ln
551 2566 698 2602 Scholiis
714 2566 797 2601 Eu-

116 2620 237 2668 ripidis
261 2619 303 2656 ad
328 2621 425 2655 Med.
446 2620 631 2666 Euripides
650 2619 798 2654 traditur

118 2674 272 2720 quinque
297 2673 435 2708 talentis
454 2686 473 2707 a
495 2672 688 2707 Corinthiis
711 2685 798 2706 cor—

119 2731 241 2771 ruptus
259 2737 350 2767 esse,
374 2731 413 2758 ut
430 2724 466 2758 in
487 2723 654 2758 Medeam
677 2730 799 2757 trans-

121 2778 229 2813 ferret
248 2778 341 2813 illam
360 2776 500 2813 caedem-
527 2775 619 2811 Rem
639 2775 798 2821 disquirit

1453 750 1519 795 4⁰⁰

844 889 1032 924 Barnesius
1050 888 1088 922 in
1105 887 1190 922 Vita
1209 885 1407 932 Euripidis,
1426 885 1456 930 S.
1477 898 1526 930 17.

844 943 937 977 Vide
967 950 1002 977 et
1028 941 1210 987 Boettigeri
1241 939 1458 986 prolusiones
1482 937 1526 972 de

846 995 977 1030 Medea
991 993 1191 1039 Euripidea.

891 1048 965 1095 397.
980 1048 1122 1092 Ultaque
1129 1058 1166 1080 se
1172 1046 1328 1079 malcetc.
1336 1043 1445 1078 Hunc
1453 1055 1527 1077 ver-

847 1113 924 1135 sum
943 1112 1007 1145 pro
1024 1098 1180 1144 genuino
1201 1110 1274 1132 non
1289 1095 1394 1131 habet
1412 1095 1530 1130 Hein-

847 1151 927 1186 sius.
937 1170 982 1176 —
993 1151 1138 1196 Legitur
1155 1156 1274 1184 tamen
1289 1148 1326 1182 in
1341 1147 1531 1182 Codicibus

848 1204 975 1239 nostris
993 1202 1122 1248 Regiis.

893 1258 1061 1304 398·492.
1071 1258 1165 1290 Hinc
1176 1256 1366 1289 Titaniacis
1375 1260 1439 1287 etc.
1450 1252 1533 1287 Me-

851 1309 915 1344 dea
930 1309 1086 1343 Athenas
1100 1308 1187 1353 sugit
1199 1333 1208 1351 ,
1225 1306 1283 1341 ubi
1297 1307 1338 1340 ab
1350 1306 1463 1350 AEgeo
1477 1318 1533 1339 ex-

850 1363 990 1408 cipitur,
1008 1362 1106 1406 cujus
1122 1360 1235 1394 filium
1251 1358 1397 1393 venenis
1413 1358 1533 1392 inter-

852 1415 957 1449 ficere
972 1420 1129 1448 conatur.
1147 1411 1283 1458 Excipit
1294 1422 1372 1446 eam
1386 1409 1532 1455 AEgeus,

853 1473 1038 1511 postquam
1064 1465 1241 1510 juraverat
1254 1489 1264 1507 ,
1291 1476 1326 1498 se
1355 1475 1434 1497 eam
1458 1473 1532 1496 non

853 1518 1061 1562 ejecturum.
1072 1514 1259 1561 Euripides
1269 1541 1278 1558 ,
1296 1526 1361 1561 709
1372 1526 1446 1558 sqq.
1456 1512 1534 1558 Ipsa

853 1569 1002 1614 pollicita
1022 1575 1119 1611 erat,
1145 1581 1181 1602 se
1198 1566 1345 1601 orbitate
1361 1565 1536 1599 liberatu-

853 1633 930 1655 ram
947 1620 1069 1666 AEgea.
1095 1618 1325 1662 Plutarchus,
1350 1616 1457 1652 Thes.
1478 1627 1536 1650 12:

854 1674 926 1708 filio
936 1680 1072 1708 servato
1083 1700 1091 1717 ,
1105 1672 1309 1707 convivium
1322 1669 1517 1705 instituitur
1527 1695 1536 1711 ‚

855 1725 948 1772 quod
959 1732 1100 1761 resonat
1107 1725 1235 1760 Thesei
1247 1723 1406 1758 laudibus
1431 1721 1538 1757 Cous.

844 1763 989 1826 ‘Hygia
1008 1778 1072 1819 253
1099 1776 1204 1811 Diod.
1222 1775 1290 1810 Sic.
1308 1775 1375 1818 IV,
1388 1776 1431 1819 54
1444 1788 1537 1820 sqq.;

856 1832 1005 1866 Pausan.
1018 1830 1073 1873 II,
1091 1830 1130 1871 3,
1144 1827 1306 1874 Apollod.
1320 1828 1356 1871 Ι,
1368 1837 1424 1870 lx,
1439 1827 1537 1861 28.—

863 1887 1072 1925 Titaniactk‚
1103 1895 1190 1928 quos
1214 1896 1232 1917 a
1255 1881 1326 1916 sole
1349 1885 1539 1926 acceperat.

858 1936 1102 1982 Apollodorus.
1117 1953 1162 1961 --
1176 1935 1354 1979 Periphas,
1384 1944 1445 1966 rex
1467 1944 1540 1966 an·-

857 1988 1069 2034 tiquissimus
1100 1987 1225 2022 Atticae
1258 1992 1339 2020 ante
1373 1982 1539 2029 Cecropis

858 2048 1027 2086 tempora.
1051 2040 1146 2074 Eum
1164 2038 1307 2085 Jupiter
1327 2037 1364 2071 in
1386 2034 1539 2081 aquilam

857 2093 1025 2138 mutavit,
1044 2093 1188 2137 ejusque
1202 2090 1410 2136 conjugem,
1430 2099 1541 2134 quum

859 2146 1011 2192 separari
1036 2145 1147 2180 nollet
1170 2157 1190 2179 a
1210 2143 1359 2187 marito,
1386 2142 1423 2177 in
1442 2146 1542 2192 ἔριθοι

861 2202 1004 2244 σύννομον
1018 2225 1027 2243 ,
1052 2197 1088 2233 id
1105 2205 1178 2242 est,
1202 2197 1239 2232 in
1262 2195 1388 2231 iisdem
1410 2193 1543 2240 pascuis

860 2260 1057 2289 versantem
1070 2278 1079 2296 ,
1098 2264 1169 2286 una
1185 2251 1362 2285 viventem
1378 2275 1387 2292 ,
1411 2259 1541 2291 nempe

861 2307 897 2340 in
910 2310 1004 2353 φήνην
1018 2332 1027 2350 ,
1044 2305 1218 2339 falconem
1229 2302 1452 2347 ossifragum:
1466 2299 1543 2333 An-

864 2360 1007 2394 toninus
1023 2358 1138 2393 Liber.
1155 2357 1188 2391 6.
1212 2356 1295 2390 Jam
1319 2354 1488 2400 quoniam
1504 2359 1540 2387 et

862 2424 957 2446 nunc
970 2411 1012 2446 de
1023 2410 1159 2445 duobus
1169 2421 1285 2444 sermo
1295 2415 1346 2443 est
1352 2410 1483 2453 pariter
1489 2420 1544 2440 vo-

860 2466 1019 2503 lantibus,
1033 2465 1181 2498 Phineus
1192 2468 1310 2495 autem
1324 2460 1411 2506 (qui
1425 2459 1462 2494 in
1477 2459 1546 2494 lec-

860 2519 957 2553 tione
975 2517 1111 2564 vulgata
1127 2513 1304 2560 occurrit)
1321 2513 1435 2549 nullus
1450 2512 1545 2559 apud

862 2572 1011 2605 Veteres
1022 2568 1172 2604 occurrit
1182 2594 1192 2612 ,
1209 2566 1254 2601 ad
1265 2579 1371 2613 quem
1385 2565 1457 2600 haec
1469 2577 1544 2611 per-

864 2625 999 2659 tineant
1016 2650 1025 2667 ,
1055 2621 1247 2657 admodum
1276 2619 1439 2656 credibile
1464 2626 1541 2661 est,

864 2677 956 2722 quod
969 2674 1153 2711 Schrader.
1165 2673 1208 2708 ad
1219 2673 1544 2716 Antoninum,con-

863 2730 944 2775 jecit
956 2756 965 2774 ,
989 2742 1052 2776 pro
1061 2729 1253 2773 justttesme
1269 2729 1398 2762 Phineu
1417 2726 1545 2772 legen-

864 2782 949 2817 dum
976 2794 1046 2816 esse
1063 2807 1073 2826 ‚
1088 2781 1288 2827 J'usttlrsima
1307 2781 1431 2821 mim,
1459 2789 1543 2811 nam
