1832 3100
290 240 373 296 114

662 242 714 285 P.
755 242 991 288 OVIDII
1025 244 1330 292 NASONIS

278 333 464 382 Effusus
486 332 654 393 Pindo,
680 336 905 401 spumosis
929 336 1121 386 volvitur
1143 339 1277 388 undis
1299 359 1310 398 ;

280 412 555 479 Dejectuque
579 412 700 475 gravi
723 424 878 462 tenues
900 414 1111 477 agitantia
1133 415 1281 465 fumos

279 488 447 537 Nubila
471 488 704 547 conducit,
731 508 1013 557 summasque
1035 491 1296 558 adspergine
1318 492 1448 542 silvas

278 567 490 635 Impluit3
517 580 560 616 et
581 568 731 616 sonitu
752 567 855 634 plus
880 588 1012 634 quam
1032 569 1175 618 vicina
1195 570 1363 634 fatigat.

278 646 382 693 Haec
406 645 587 703 domus,
609 645 702 693 haec
721 645 846 694 sedes
861 683 873 703 ‚
897 645 990 693 haec
1013 657 1118 693 sunt
1135 645 1377 712 penetralia
1394 649 1542 711 magni

275 723 434 771 Amnis
457 743 465 770 :
489 723 537 770 in
553 723 667 781 hoc,
692 723 889 771 residens
912 722 1030 771 facto
1049 723 1102 771 de
1122 723 1327 772 cautibus
1351 737 1478 773 antro
1493 763 1506 784 ‚
1638 741 1704 788 575

274 801 420 850 Undis
441 801 541 866 jura
565 801 719 859 dabat,
747 799 1055 867 Nymphisque
1081 800 1332 849 colentibus
1356 802 1511 851 undas.

277 879 565 927 Conveniunt
586 878 694 926 illuc
716 878 951 945 popularia
972 878 1154 926 flumina
1175 879 1368 945 primum
1382 919 1394 939 ‚

269 1006 387 1047 niter,
416 1005 453 1038 in
475 1003 623 1037 modum
649 1003 727 1037 olei.
759 1003 897 1037 Verum
918 1010 955 1037 et

269 1057 388 1091 Livius
405 1069 413 1090 ε
441 1057 555 1089 Terret
568 1060 602 1088 el
616 1058 745 1089 sonitus
760 1059 794 1088 el
810 1057 954 1089 altitudo

262 1122 326 1153 per
337 1110 480 1142 mediam
490 1109 611 1140 vallem
613 1108 754 1150 fluentis
766 1107 954 1140 Peneiam-

268 1165 331 1196 nis.
352 1162 395 1196 Is.
414 1159 558 1194 Vossius
569 1159 611 1193 ad
622 1158 757 1192 Melam
772 1184 781 1201 ,
801 1158 836 1193 II
853 1184 861 1201 ,
881 1170 927 1192 111
941 1185 950 1202 ,

273 1213 334 1258 176
361 1219 396 1246 et
417 1223 455 1245 lv
472 1237 481 1254 ,
511 1211 554 1245 38
570 1237 579 1254 ,
615 1217 674 1244 aut
691 1210 797 1244 verba
816 1212 860 1243 ab
885 1213 952 1243 imo

270 1266 380 1299 Pindo
397 1270 560 1308 corrupta
578 1275 649 1297 esse
662 1289 671 1305 ‚
696 1269 757 1296 aut
773 1262 892 1296 Penea
911 1274 952 1296 ex

267 1319 335 1352 alto
368 1330 431 1362 per
464 1323 601 1350 meatus
626 1316 773 1350 latentes
800 1314 924 1349 cadere
941 1341 950 1358 ,

269 1371 471 1416 priusquam
485 1369 520 1402 in
531 1374 756 1413 conspectum
769 1373 931 1412 erumpat
939 1393 949 1410 ,

267 1422 420 1468 putabat.
440 1420 545 1454 Male.

311 1477 385 1520 570.
412 1474 584 1517 spumosis
600 1473 708 1506 undis.
734 1470 817 1505 Non
838 1470 950 1504 sertur

266 1525 401 1571 placido
428 1537 531 1559 cursu
546 1550 555 1567 ,
582 1523 644 1558 sed
669 1522 814 1567 rapid03
844 1529 879 1556 et
903 1522 948 1555 ob

262 1591 340 1613 saxa
357 1577 500 1611 latentia
518 1575 613 1609 unda
629 1574 762 1620 spumis
780 1574 947 1608 incanes-

262 1633 318 1668 cit.
345 1633 411 1667 Ed.
428 1651 473 1657 —
494 1632 673 1674 spumosis.
705 1629 867 1671 Viviani,
897 1632 949 1662 si—

263 1687 388 1719 nuosis.
407 1702 452 1709 -·
476 1685 635 1718 Volvitur.
652 1681 742 1716 Cod.
765 1689 886 1717 noster
902 1682 945 1717 R.

262 1738 305 1772 A.
323 1740 468 1771 vertitur.

306 1792 380 1835 571.
409 1789 554 1831 Dejectu
574 1789 679 1831 gravi.
705 1785 943 1829 vehementi,

200 1862 202 1864 ·
262 1841 428 1887 praecipiti
443 1840 549 1885 lapsu.
560 1841 625 1874 Ed.
641 1856 686 1863 —
698 1839 861 1881 Defectus
871 1851 943 1872 non

259 1894 326 1927 suit
338 1892 379 1926 ad
391 1893 541 1935 sontem,
552 1890 613 1924 sed
631 1890 688 1923 ubi
701 1890 814 1923 amnis
830 1891 949 1924 fauces·

258 1947 331 1980 illas
355 1945 518 1979 intrabat.
541 1962 585 1969 ——
612 1944 813 1986 Agzranlia,
844 1955 884 1976 ex
907 1955 943 1976 se

258 1995 629 2043 propellentia,sumos,
642 1993 826 2039 particulas
832 2006 942 2037 aquae,

259 2062 411 2096 quarum
436 2048 588 2082 tenuitas
609 2047 767 2081 imitatur
792 2047 942 2080 sumum.

258 2103 330 2138 Pro
354 2105 541 2146 agitantia,
569 2100 700 2145 Regius
720 2107 754 2134 et
769 2099 941 2144 Neapolit.

258 2157 438 2192 imitantia,
456 2159 491 2186 et
498 2158 618 2186 noster
626 2151 715 2185 R.A.
725 2150 942 2185 interlineas.

302 2206 480 2254 572-573..
493 2206 658 2239 Conducil
666 2230 673 2241 ‚
692 2204 815 2236 excitat
825 2215 832 2236 ε
842 2202 940 2247 Virg.

254 2261 408 2302 collzgiere
419 2259 522 2291 nubes,
530 2274 573 2281 —
583 2256 798 2297 summasque
799 2281 861 2288 ......
878 2258 940 2287 im-

247 2316 347 2357 pluil.
377 2311 574 2345 Cacumina
599 2309 764 2342 arborum
791 2307 939 2341 adstan-

254 2365 367 2407 tium,
388 2363 512 2409 pluviae
530 2360 722 2395 decidentis
737 2359 859 2402 instar,
880 2359 940 2393 ad-

251 2417 389 2462 spergit.
402 2414 566 2460 Respexit
578 2412 651 2446 haec
660 2411 782 2446 Sidon.
802 2412 856 2454 11,
872 2412 936 2457 Ep.

252 2479 282 2502 Π
297 2482 305 2502 :
321 2469 485 2502 Arborum
497 2467 617 2503 comis,
636 2476 706 2507 qua·
718 2466 865 2506 margini
875 2467 937 2496 in-

249 2524 383 2557 sistunt,
399 2517 594 2561 superjecta
605 2513 941 2558 adsperginisfragor

251 2573 393 2613 impluit.
411 2569 512 2603 Idem
530 2567 650 2601 Carm.
669 2576 747 2600 xxn
759 2592 768 2608 ,
791 2565 849 2600 ιδ’).
861 2591 870 2609 ,
890 2564 933 2599 de

252 2629 409 2657 torrente
420 2647 429 2664 ,
443 2625 528 2665 Ipsis
544 2622 738 2663 adspergine
755 2622 852 2652 lectis·
866 2620 936 2651 Im-

244 2677 344 2718 pluit.
359 2673 413 2707 De
426 2686 458 2707 v.
470 2674 627 2715 impluere
642 2678 676 2704 et
687 2670 855 2714 cognatis,
867 2669 935 2703 vid.

256 2725 433 2760 Heinsius.
446 2743 488 2748 —
504 2725 652 2757 Sonitu...
663 2722 814 2765 fatigat,
848 2721 935 2755 adeo

251 2778 393 2823 strepit,
418 2784 457 2811 ut
480 2776 522 2810 ad
540 2776 778 2821 fatigationem
797 2775 934 2808 aurium

1022 1015 1096 1037 non
1113 1003 1222 1037 modo
1238 1017 1302 1049 per
1315 1004 1478 1039 viciniam
1489 1031 1499 1048 ‚
1519 1005 1579 1040 sed
1595 1006 1702 1042 etiam

1018 1055 1224 1090 remotiores
1236 1056 1395 1101 regiones
1407 1056 1577 1093 audiatur.
1588 1059 1643 1094 lta
1653 1058 1700 1103 V,

1020 1107 1127 1141 Trist.
1146 1107 1162 1141 I
1177 1133 1186 1150 ‚
1203 1107 1244 1140 62
1260 1133 1269 1150 ,
1278 1107 1433 1151 fatigare
1447 1121 1537 1142 saxa
1552 1123 1643 1145 voce.

1063 1160 1136 1205 574.
1154 1161 1355 1193 Penelralia.
1374 1159 1531 1195 Antrum
1542 1188 1550 1201 ‚
1573 1174 1613 1195 ex
1627 1159 1699 1207 'quo

1017 1211 1143 1246 ssuvius
1155 1212 1308 1257 erumpit
1318 1238 1327 1255 ,
1344 1213 1455 1257 poetis
1469 1213 1596 1248 dicitur
1604 1216 1699 1261 regia

1017 1262 1113 1297 fluvii
1125 1289 1133 1306 ,
1145 1270 1187 1297 et
1202 1262 1303 1297 sedes
1319 1263 1576 1310 Nympharum.
1596 1266 1639 1300 In
1656 1278 1699 1300 eo

1017 1326 1124 1359 porro
1143 1311 1244 1348 antro
1261 1313 1401 1360 fingunt
1417 1314 1587 1350 thalamos
1601 1342 1610 1360 ,
1630 1329 1699 1362 pe·—

1017 1366 1163 1401 netralia
1174 1394 1182 1410 ,
1202 1373 1236 1401 et
1251 1367 1400 1412 reliquas
1419 1368 1595 1413 regiarum
1611 1382 1697 1415 par-

1016 1428 1077 1456 tes.
1111 1420 1183 1455 Sed
1209 1421 1320 1455 Penei
1340 1420 1439 1455 sedes
1464 1421 1506 1455 ad
1533 1422 1697 1466 dejectum

1013 1473 1112 1507 illum
1133 1471 1330 1507 collocatur.
1362 1472 1438 1508 Cur
1454 1481 1573 1509 autem
1594 1483 1696 1520 poeta

1014 1523 1071 1558 hic
1088 1530 1139 1558 tot
1154 1523 1295 1558 vocabb.
1312 1525 1563 1569 cumulaverit,
1591 1533 1695 1571 atque

1013 1574 1101 1609 adeo
1116 1574 1293 1619 anaphora
1309 1575 1433 1610 abusus
1450 1576 1514 1620 sit,
1539 1590 1614 1611 non
1631 1591 1696 1612 re-

1012 1626 1121 1671 perio.
1138 1626 1235 1660 Num
1252 1626 1403 1661 miratur
1414 1653 1423 1670 ,
1450 1627 1555 1662 talem
1568 1628 1694 1672 dejec—

1012 1685 1089 1712 tum
1099 1677 1233 1722 placere
1244 1690 1374 1724 magno
1387 1678 1690 1724 Amni?—Magni‚

1010 1733 1090 1775 μέγα
1112 1736 1215 1774 χεῦμα
1239 1730 1272 1763 ei
1296 1730 1418 1765 tribuit
1439 1730 1642 1767 Callimach.
1658 1732 1693 1767 h.

1010 1782 1090 1817 Del.
1124 1793 1186 1817 110
1201 1807 1211 1824 ‚
1238 1789 1274 1816 et
1297 1782 1480 1817 interdum
1500 1784 1567 1820 κατ’
1583 1787 1693 1830 ἐξοχὴ-ι

1011 1835 1279 1879 diciturfluoius.

1054 1889 1128 1933 575.
1147 1889 1189 1921 In
1206 1890 1278 1922 hoc.
1294 1887 1413 1923 Nostri
1431 1886 1546 1922 Codd.
1561 1891 1597 1922 in
1612 1891 1668 1923 bis
1679 1916 1689 1932 ,

1011 1939 1139 1973 rectius
1155 1946 1249 1973 certe
1263 1965 1271 1982 ,
1297 1939 1325 1973 si
1343 1939 1475 1984 virgula
1491 1952 1690 1985 reponere-

1005 1999 1066 2026 tur
1084 1998 1161 2037 post
1174 1993 1332 2025 residens.
1349 1991 1442 2025 Nam
1457 1996 1538 2025 sunt
1549 1995 1667 2026 domus
1677 2020 1686 2033 ,

1005 2048 1102 2080 sedes
1112 2072 1120 2087 ‚
1132 2047 1337 2089 penetralia,
1358 2056 1436 2089 quae
1454 2043 1549 2080 inter
1562 2058 1598 2079 se
1613 2044 1689 2080 dif-

1005 2099 1134 2132 serunt.
1154 2099 1221 2132 Ed.

1050 2150 1124 2195 576.
1135 2151 1223 2182 Jura
1233 2150 1323 2189 dare,
1335 2148 1518 2193 imperare.
1529 2151 1622 2184 —N
1611 2162 1687 2196 ym—

999 2202 1099 2244 phis,
1121 2200 1232 2234 Penei
1255 2199 1399 2235 filiabus.
1427 2199 1484 2235 Cf.
1507 2199 1684 2235 Theocrit.

1004 2253 1056 2288 Id.
1074 2254 1112 2296 Ι,
1129 2254 1193 2294 66;
1215 2252 1415 2289 Callimach.
1432 2253 1465 2288 d.
1479 2254 1498 2288 l.
1509 2267 1595 2289 vers.
1610 2267 1682 2301 ¹⁰9-

1003 2304 1057 2339 Ex
1068 2305 1121 2339 his
1132 2304 1367 2339 memorabilis
1385 2304 1527 2351 Cyrene
1537 2330 1546 2348 ,
1560 2304 1682 2350 virgil.

1004 2357 1133 2402 Georg.
1153 2357 1224 2399 IV,
1244 2358 1318 2391 321.

1048 2413 1086 2454 57
1093 2423 1120 2455 7.
1129 2411 1320 2453 Popularia.
1335 2408 1427 2452 Quae
1433 2416 1516 2443 sunt
1523 2408 1682 2453 ejusdem

1001 2468 1117 2503 terrae,
1130 2473 1258 2505 nempe
1271 2459 1484 2495 Thessalicae.
1493 2479 1538 2486 ——
1548 2462 1683 2495 Conve—

999 2516 1104 2546 niunt.
1122 2513 1163 2547 Is.
1174 2512 1328 2555 Vossius,
1340 2512 1383 2546 ad
1394 2513 1518 2558 Pomp.
1531 2513 1616 2547 Mel.
1630 2512 1679 2556 II,

1000 2565 1020 2598 3
1037 2571 1120 2598 extr.
1147 2564 1268 2609 accipit
1292 2577 1356 2609 pro
1369 2589 1378 2607 ,
1409 2564 1657 2609 ingrediuntur
1670 2590 1679 2606 ‚

998 2614 1148 2659 ideoque
1165 2615 1392 2660 reprehendit
1407 2622 1548 2660 poetam
1561 2640 1572 2658 ‚
1599 2615 1680 2659 quia

998 2674 1034 2702 et
1045 2668 1252 2713 Spercheos,
1264 2676 1300 2703 et
1310 2668 1539 2715 Amphrysos,
1550 2674 1585 2702 et
1594 2668 1678 2703 AEas

998 2723 1065 2756 alio
1082 2730 1327 2758 exonerentur.
1350 2723 1418 2758 Sed
1437 2725 1607 2756 convenire
1622 2721 1677 2756 hic

998 2788 1071 2809 non
1091 2788 1162 2810 esse
1180 2775 1328 2810 influere
1346 2801 1355 2819 ,
1380 2773 1532 2809 ostendit
1544 2799 1554 2818 ,
1582 2772 1675 2819 quod
