1832 3100
301 223 385 264 512

672 223 722 265 P.
755 222 990 268 OVIDII
1021 222 1326 267 NASONIS

300 338 324 358 2>
349 317 484 363 Terra
505 327 636 377 negat
657 315 827 373 sedem,
853 315 997 364 sedem
1019 328 1149 378 negat
1173 317 1350 365 ossibus
1371 316 1515 374 unda,

1631 330 1697 376 44⁵

302 414 324 434 »
353 392 464 454 Quae
481 391 637 456 jactata
660 392 734 440 diu
761 393 899 442 fertur
922 388 1096 441 durasse
1119 405 1310 442 vetustas

303 490 325 510 »
352 470 405 516 In
430 468 666 535 scopulos:
692 469 884 536 scopulis
906 489 1065 517 nomen
1091 470 1282 517 Scironis
1302 471 1494 519 inhaeret.

301 567 324 587 »
351 544 399 592 Si
422 545 575 594 titulos
593 583 604 604 ‚
630 566 854 613 annosque
878 559 977 594 tuos
997 559 1223 595 numerare
1241 547 1423 596 velimus
1439 585 1451 606 ,

303 643 326 663 »
353 622 485 670 Facta
507 636 705 688 premant
728 642 865 672 annos
887 643 895 670 :
916 642 997 688 pro
1023 635 1063 670 te
1079 660 1091 680 ,
1116 623 1346 672 fortissime
1361 661 1373 682 ‚
1400 636 1502 672 vota

303 720 324 739 »
349 698 533 746 Publica
551 700 814 764 suscipimus
833 719 843 746 :
865 699 1025 746 Bacchi
1045 699 1127 747 tibi
1145 699 1354 748 sumimus
1370 699 1566 748 haustus.
1590 721 1613 743 »
1633 713 1699 759 450

300 775 527 823 Consonat
547 775 732 824 adsensu
755 775 935 840 populi,
959 776 1253 842 precibusque
1276 776 1496 825 faventum

298 851 461 914 Regia3
483 870 563 899 nec
583 863 675 899 tota
699 852 836 900 tristis
860 851 981 900 locus
1004 851 1156 900 ullus
1144 871 1191 898 ln
1215 852 1323 900 urbe
1346 864 1423 900 est.

360 929 460 975 VII.
486 930 577 976 Nec
602 940 766 986 tamen,
791 932 955 994 (usque
978 928 1085 977 adeo
1107 928 1219 977 nulli
1236 930 1402 978 sincera
1424 929 1625 996 voluptas
1640 966 1653 987 ,

299 1005 572 1072 Sollicitique
594 1006 759 1072 aliquid
782 1005 891 1054 laetis
915 1006 1204 1068 intervenitl)
1230 1008 1395 1069 AEgeus

301 1083 469 1131 Gaudia
493 1083 713 1149 percepit,
737 1095 842 1131 nato
868 1101 1018 1131 secura
1040 1096 1228 1150 recepto,

1633 1098 1700 1144 455

297 1160 419 1209 ‚Bella
444 1173 569 1227 parat
589 1161 761 1218 Minos3
787 1161 862 1228 qui
885 1180 1134 1227 quanquam
1152 1161 1288 1209 milite
1303 1199 1314 1219 ‚
1341 1175 1589 1228 quanquam

300 1237 448 1286 Classe
473 1237 611 1295 valet,
636 1238 777 1304 patria
800 1250 942 1286 tamen
962 1250 1026 1286 est
1043 1237 1316 1286 firmissimus
1338 1238 1428 1286 ira:

294 1369 350 1411 tri,
362 1371 550 1412 sparsisque
564 1369 734 1401 latronis...
750 1369 890 1401 ossibus.
902 1367 967 1402 Ed.

332 1422 404 1464 448.
415 1422 554 1459 Titulos,
564 1420 708 1465 gloriose
720 1420 969 1454 factas—Facta

291 1477 445 1517 premant
454 1485 582 1516 annos,·
602 1479 694 1518 gesta
711 1479 769 1507 tua
786 1485 894 1507 annos
911 1486 971 1507 su-

298 1527 477 1570 perabunt.
486 1525 630 1574 -Regii
641 1525 749 1559 nostri
760 1525 870 1559 haben
877 1532 888 1559 t
892 1538 968 1569 pre-

291 1581 400 1617 menn
413 1576 471 1610 sed
489 1579 628 1609 velimus
644 1575 717 1609 vult
728 1580 892 1619 premanl.
903 1575 967 1610 Ed.

338 1626 522 1669 453—560.
548 1627 618 1659 Nec
634 1630 743 1660 lamen
763 1633 825 1660 etc.
850 1626 969 1660 Minos

296 1677 340 1711 ob
359 1677 470 1711 filium
492 1677 721 1722 Androgeum
744 1677 969 1711 intersectum

296 1730 425 1764 bellum
441 1736 559 1763 movet
576 1729 845 1764 Atheniensibus
859 1755 867 1771 ,
883 1729 969 1774 qui-

297 1782 359 1815 bus
375 1780 537 1815 auxilium
551 1780 731 1825 pollicetur
742 1780 867 1814 AEacus
882 1806 891 1823 ,
910 1792 969 1813 rex

297 1833 446 1878 AEginae,
454 1833 551 1876 cujus
560 1832 662 1874 cives,
674 1844 692 1865 a
701 1839 794 1876 peste
809 1832 967 1875 absumti,

299 1884 389 1918 miro
400 1882 664 1928 quodammodo
671 1883 816 1928 suppleti
825 1890 923 1917 erant
930 1896 970 1917 ex

298 1936 459 1971 formicis.
477 1936 612 1980 Nempe
629 1937 858 1981 stl'yrmt'dones
872 1935 971 1980 prisci

298 1988 435 2033 AEginae
468 1987 589 2021 incolae
607 2013 615 2030 ,
646 1986 705 2031 qui
745 1994 861 2032 postea
894 1988 970 2021 Pe·-

300 2041 395 2074 leum
418 2038 554 2083 sequuti
580 2038 791 2073 Thessaliam
815 2039 971 2072 incolue—

297 2097 389 2125 runt.
407 2090 587 2134 Quoniam
599 2090 751 2124 formicae
763 2089 892 2124 Graecis
901 2094 969 2134 μύ-

299 2145 402 2192 ρυηκίς
410 2141 574 2176 dicuntur
585 2167 594 2184 ,
614 2141 757 2175 Hesiod.
772 2142 826 2185 (fr.
841 2154 873 2186 p.
886 2143 947 2184 445
959 2167 967 2183 ,

299 2192 416 2239 Lips.)
439 2201 558 2228 auctor
578 2195 698 2238 coepit,
724 2193 969 2240 etymologiam

296 2258 456 2292 perverse
480 2258 643 2290 premens
656 2272 665 2289 ,
692 2246 823 2291 fingere
850 2259 907 2281 eos
929 2260 970 2280 ex

295 2298 447 2332 formicis
457 2298 560 2332 factos
573 2323 581 2340 ,
594 2296 687 2342 quod
698 2298 798 2331 multi
809 2297 968 2343 deinceps

298 2350 522 2395 repetierunt.
536 2349 584 2383 Et
601 2349 658 2382 illo
673 2349 812 2393 quidem
830 2357 967 2384 auctore

298 2401 437 2446 Jupiter
453 2400 488 2435 id
505 2402 639 2444 effecit,
664 2413 771 2445 quum
789 2401 914 2435 AEacus
932 2402 968 2435 in

299 2453 440 2497 AEgina,
455 2452 565 2486 insula
575 2451 721 2494 deserta,
733 2451 790 2485 ubi
806 2451 969 2486 educatus

298 2511 373 2538 erat
383 2510 418 2538 et
428 2503 641 2546 adoleverat,
657 2503 747 2537 solus
759 2510 855 2537 esset.
866 2503 923 2537 Sic
935 2511 969 2537 et

300 2555 458 2600 Apollod.
474 2556 547 2597 ΙΙΙ,
567 2566 638 2598 ΧΠ,
656 2556 676 2588 6
687 2581 696 2598 ,
714 2555 770 2588 ubi
782 2554 859 2589 vide
875 2555 969 2600 Hey-

299 2607 416 2647 nium3
434 2606 493 2640 sed
512 2607 713 2648 Pausanias,
733 2607 789 2649 11,
803 2619 860 2652 29,
879 2606 913 2639 in
926 2618 968 2639 eo

299 2657 487 2701 discrepat,
515 2657 608 2702 quod
630 2657 788 2691 homines
805 2657 878 2691 illos
895 2669 966 2690 nou

301 2722 343 2743 ex
352 2708 521 2753 formicis,
534 2708 594 2743 sed
604 2722 643 2743 ex
654 2717 745 2744 terra
758 2716 856 2743 natos
866 2721 967 2742 men-

1030 1368 1125 1404 titur.
1147 1368 1287 1402 Pestem
1310 1379 1393 1401 vero
1415 1374 1450 1401 et
1474 1367 1699 1402 formicarum

1030 1420 1260 1454 mutationem
1271 1445 1280 1463 ‚
1296 1419 1517 1454 cunrNostro
1528 1412 1567 1453 in
1574 1418 1637 1453 hac
1647 1419 1680 1453 sa
1687 1437 1700 1444 -

1030 1472 1109 1506 bula
1119 1497 1128 1515 ,
1140 1471 1266 1506 Strabo
1278 1497 1288 1514 ‚
1299 1471 1410 1514 VIII,
1429 1484 1461 1516 p.
1473 1471 1537 1517 576
1547 1496 1556 1514 ,
1571 1477 1605 1504 et
1615 1470 1702 1518 Hy-

1032 1525 1131 1571 ginus
1144 1551 1151 1565 ,
1171 1523 1283 1558 sabula
1294 1526 1334 1558 52
1345 1550 1354 1567 ‚
1370 1529 1702 1558 commemorant.—

1031 1578 1129 1611 Nulli
1141 1580 1270 1611 sincera
1289 1579 1454 1620 voluptas.
1478 1575 1702 1610 Burmannus

1031 1627 1148 1661 mallet
1157 1630 1250 1661 nulla
1259 1631 1311 1661 est
1316 1631 1456 1667 sincera,
1474 1626 1567 1671 quod
1580 1637 1701 1660 omnes

1031 1685 1174 1712 tuentur
1191 1685 1316 1723 praeter
1334 1678 1440 1721 duos,
1465 1677 1559 1711 unde
1580 1677 1702 1711 Hein—

1031 1728 1099 1762 sius
1125 1731 1213 1762 nulli
1232 1728 1371 1772 recepit.
1392 1746 1435 1753 —
1456 1727 1572 1761 Ambo
1593 1727 1703 1760 nostri

1033 1780 1134 1826 Regii
1149 1780 1233 1814 dant
1245 1780 1415 1814 Allamen.
1427 1804 1435 1811 .
1448 1804 1456 1811 .
1467 1781 1562 1812 nulla
1570 1783 1623 1812 est
1629 1781 1703 1812 sin-

1031 1845 1117 1866 cera.
1132 1850 1175 1857 -—
1187 1832 1353 1865 Sincerum
1365 1856 1373 1869 ,
1401 1830 1455 1864 cui
1474 1829 1560 1863 nihil
1577 1829 1701 1870 alieni,

1032 1884 1142 1918 vitiosi
1154 1894 1164 1927 ³,
1179 1883 1212 1917 h.
1224 1884 1244 1917 l.
1256 1882 1383 1916 doloris
1392 1908 1402 1925 ,
1415 1882 1612 1916 immixtum
1622 1907 1631 1924 ,
1644 1882 1701 1915 in-

1033 1942 1246 1980 corruptum.
1270 1934 1325 1968 Ab
1344 1934 1410 1969 hoc
1426 1946 1521 1968 nunc
1536 1945 1610 1968 non
1628 1932 1702 1967 dif-

1032 1988 1100 2021 fert
1115 1999 1274 2020 securum.

1077 2041 1150 2084 457.
1182 2041 1298 2073 Classe
1313 2039 1412 2072 valet.
1435 2037 1620 2072 Cretenses
1643 2036 1701 2071 illo

1033 2098 1189 2136 tempore
1223 2097 1294 2124 arte
1326 2089 1462 2124 nautica
1492 2089 1703 2124 excellebant

1034 2143 1194 2176 omnibus
1224 2141 1381 2187 gentibus
1403 2154 1411 2176 ε
1434 2142 1548 2175 ΛΙιίιω·
1571 2141 1702 2186 primus

1032 2195 1218 2240 imperium
1241 2194 1344 2228 maris
1367 2194 1506 2235 habuit;
1530 2193 1701 2238 classeque

1033 2246 1197 2280 instructa
1222 2245 1379 2290 purgavit
1400 2257 1496 2279 mare
1521 2258 1540 2279 a
1564 2245 1701 2290 piratis:

1034 2297 1276 2343 Thucydides,
1293 2297 1346 2340 X,
1364 2307 1396 2339 1,
1418 2298 1457 2339 4;
1478 2296 1679 2330 Herodotus
1691 2321 1700 2337 ,

1034 2348 1089 2382 III
1098 2374 1107 2391 ,
1125 2362 1183 2381 122
1197 2362 1205 2389 ;
1218 2347 1393 2381 Diodorus
1405 2347 1557 2389 Siculus,
1572 2346 1637 2389 IV,
1648 2347 1702 2380 60.

1033 2400 1087 2433 De
1104 2399 1192 2434 bello
1209 2399 1275 2433 hoc
1290 2399 1395 2433 etiam
1412 2398 1584 2433 Plutarch.
1597 2398 1700 2433 Thes.

1038 2453 1094 2492 153
1113 2451 1310 2492 Pausanias,
1325 2450 1362 2493 1,
1376 2463 1435 2495 273
1451 2449 1700 2495 Apollodorus,

1034 2502 1107 2544 III,
1127 2513 1173 2536 xv
1186 2528 1195 2544 ‚
1214 2503 1254 2542 8;
1273 2502 1455 2548 Hyginus,
1476 2502 1588 2536 fabula
1603 2503 1702 2545 41.—

1031 2555 1310 2595 —fi't'rmzssimus‚·
1323 2554 1474 2598 plurimi,
1480 2553 1699 2597 forulo-simus,

1032 2618 1050 2637 e
1068 2605 1212 2639 solemni
1234 2604 1498 2648 permutatione.
1524 2606 1700 2639 M‘rmissaez

1033 2669 1115 2696 mus,
1127 2656 1363 2699 validissimus,
1376 2656 1558 2701 saepissime
1570 2656 1611 2688 de
1621 2655 1700 2688 belli

1032 2708 1290 2753 potentia.Vide
1301 2708 1505 2744 Gronov.ad
1518 2708 1589 2742 Liv.
1598 2707 1697 2750 XXI,
