1832 3100
290 206 375 250 352

660 205 713 251 P.
752 207 987 254 OVIDII
1022 207 1330 255 NASONIS

290 298 503 364 Sertaque
526 297 774 364 dependent
797 301 946 358 tectis;
968 300 1137 368 lotique
1151 340 1163 361 ,
1188 301 1377 370 lyraeque
1392 316 1408 361 ,“

288 379 533 446 Tibiaque,
558 391 603 428 et
625 392 802 440 cantus,
827 381 961 430 animi
984 382 1125 432 felicia
1147 383 1235 432 laeti

287 462 563 524 Argumenta
584 499 596 519 ‚
621 475 779 511 sonant
802 482 812 511 :
836 464 1037 513 reseratis
1059 483 1188 513 aurea
1208 464 1343 513 valvis

286 543 417 591 Atria
440 555 532 592 tota
555 554 708 610 patent
725 582 737 602 ‚
761 544 1038 611 pulchroque
1055 545 1268 594 instructa
1287 557 1444 612 paratu

287 625 544 691 Cephenum
564 645 766 692 proceres
789 627 946 675 ineunt
966 626 1164 675 convivia
1185 626 1314 690 regis.

285 707 530 774 Postquam
556 702 698 776 epulis
721 709 886 768 functi,
914 710 1116 773 generosi
1137 728 1316 759 munere
1334 710 1497 758 Bacchi

284 838 361 873 loco
372 838 463 873 infra
473 839 579 874 citato
596 838 773 884 Propertii
787 839 960 885 corrigen-

285 890 369 925 dum
390 897 451 926 est.
468 891 534 925 Ed.
554 890 791 932 Schirachius‚
821 890 880 936 qui
897 891 960 926 ad—

283 941 378 976 misit
396 943 614 985 praeculiunt,
639 941 888 987 interpretatur
906 942 958 977 vel

285 993 446 1038 quatiunt
454 993 666 1038 simpliciter,
674 993 815 1029 velante
822 994 959 1039 nuptias

253 1038 259 1051 '
284 1045 456 1090 quatiunt.
482 1045 610 1079 Melius
632 1044 779 1080 Gesner.
796 1046 833 1080 in
855 1046 959 1081 Thes.

283 1099 378 1133 inter
389 1097 646 1143 praeserendum
659 1105 739 1133 ante
749 1111 914 1144 sponsum
924 1106 959 1134 et

284 1163 453 1196 sponsam
465 1150 637 1196 quatiunt.
663 1150 823 1186 Debebat
846 1151 959 1187 dicere

278 1203 479 1247 pra-ferunt,
508 1201 569 1237 sed
596 1202 717 1237 maluit
747 1202 829 1237 illud
840 1229 850 1247 ‚
879 1204 960 1248 quia

284 1257 383 1299 quati
401 1255 491 1289 faces
508 1254 677 1289 solebant.
699 1255 859 1300 Propert.
881 1255 956 1298 ΙΙΙ,

283 1317 360 1349 xrv,
376 1320 389 1340 1
394 1306 415 1339 6
426 1319 434 1340 :
445 1307 522 1350 Ipse
529 1306 637 1340 Amor
642 1310 962 1350 accensaspraecutit

283 1357 476 1402 anlesaces.
495 1358 732 1392 Praeserebant
743 1371 799 1393 eas
809 1358 959 1404 plerum-

285 1421 352 1453 que
365 1409 455 1443 servi
469 1423 478 1451 ;
493 1408 553 1443 sed
570 1409 607 1443 in
621 1409 673 1444 his
687 1410 816 1455 nuptiis
830 1409 865 1444 id
877 1422 959 1443 mu-

283 1474 350 1497 nus
364 1463 562 1508 Hymenaeus
571 1469 606 1497 et
618 1463 727 1497 Amor
738 1463 956 1508 praestabant,

282 1513 584 1558 quemadmodum
611 1514 648 1548 in
669 1514 826 1550 infaustis
851 1515 956 1549 Terei

283 1565 412 1610 nuptiis
423 1565 716 1607 Eumenides.VI‚
728 1567 958 1612 429.—Igues

285 1623 321 1652 et
336 1621 442 1662 pasci
461 1617 644 1659 dicuntur,
671 1624 727 1659 et,
755 1617 895 1662 quando
920 1616 956 1650 id

283 1669 410 1713 largius
434 1666 495 1710 fit,
520 1671 650 1702 satiari.
677 1667 895 1702 Susfimentis
918 1667 955 1701 in

284 1719 414 1754 oedibus
429 1718 578 1753 accensis
599 1718 858 1753 delectabantur
873 1719 955 1752 lau-

283 1772 390 1806 tiores
399 1771 436 1806 in
448 1771 597 1805 Oriente
606 1769 766 1805 homines
775 1797 784 1813 ‚
794 1771 883 1804 sorte
895 1783 955 1804 va—

282 1823 446 1859 letudinis
467 1821 712 1858 conservandae
735 1835 846 1857 causa.
866 1822 954 1857 Eam

283 1876 321 1911 in
346 1889 423 1910 rem
441 1876 537 1910 focus
562 1874 597 1908 in
625 1874 742 1908 medio
768 1881 859 1909 tecto
884 1887 956 1919 po—

282 1929 376 1964 situs.
394 1927 516 1972 Virgil.
532 1926 672 1961 AEneid.
686 1927 759 1962 VII
772 1952 782 1969 ,
803 1927 851 1960 13.

328 1982 401 2025 759.
422 1979 525 2012 Sertis
552 1978 586 2015 in
607 1978 703 2011 omni
719 1978 834 2012 laetitia
848 2003 857 2020 ,
881 1990 955 2023 pu-

281 2030 367 2066 blica
374 2037 412 2065 ‘et
423 2030 554 2075 privata
563 2057 572 2073 ‚
584 2030 797 2064 exornabant
810 2031 955 2065 Veteres

279 2074 401 2126 januas
415 2109 424 2126 ,
442 2082 590 2116 maxime
609 2090 726 2117 tamen
745 2082 780 2116 in
803 2081 954 2127 nuptiis:

280 2134 360 2169 vide
378 2134 537 2180 Sagittar.
563 2134 605 2168 de
625 2135 748 2168 Januis
766 2134 858 2168 Vett.
881 2147 953 2179 cap.

281 2186 323 2221 30
335 2212 344 2230 ,
362 2186 381 2230 S
396 2188 416 2220 8
433 2199 504 2230 sqq.
514 2188 705 2230 —Lotique
718 2186 884 2221 debemus
899 2187 955 2220 in-

281 2238 389 2284 geniis
414 2237 582 2271 Gronovii
608 2244 643 2271 et
668 2237 823 2280 Heinsii,
843 2251 953 2282 quum

279 2295 441 2334 corrupte
460 2289 632 2333 legeretur
646 2293 681 2321 et
693 2291 819 2332 ubique.
843 2288 953 2331 Quod

280 2340 451 2375 mendum
461 2347 644 2374 senserunt
659 2346 695 2373 et
707 2339 789 2373 olim
804 2339 930 2373 librarii
941 2354 950 2380 ;

278 2392 362 2427 hinc
372 2392 427 2426 alii
437 2398 661 2426 correxerunt
676 2393 882 2435 citharaque,
897 2391 951 2425 alii

278 2447 426 2489 lt'luique.
441 2462 485 2470 --
507 2443 607 2488 Regii
633 2443 741 2477 nostri
767 2442 897 2477 habent
919 2447 955 2476 el

278 2500 398 2542 ubique
407 2525 415 2538 ‚
435 2510 501 2532 nec
510 2495 611 2531 video
622 2496 704 2541 quid
717 2496 837 2531 mendi
845 2497 950 2530 latere

280 2549 385 2592 possit
401 2549 437 2582 in
454 2548 518 2582 hac
529 2548 685 2582 lectione.
707 2547 805 2591 Quid
821 2547 876 2582 hic
890 2549 956 2581 loli

278 2611 360 2632 cum
377 2602 460 2646 lynlr
478 2607 514 2634 et
534 2602 626 2633 lz'bt‘tlr
638 2600 657 2634 P
682 2598 736 2633 Cl.
759 2600 876 2642 Gt‘erig
889 2599 951 2633 in-

279 2656 490 2694 terpretatur
508 2655 589 2690 loti,
608 2652 698 2686 tibiae
715 2665 755 2686 ex
771 2651 832 2686 loti
850 2651 950 2695 (vide

279 2701 414 2745 insra);
437 2702 483 2737 ita
507 2702 674 2738 habemus
698 2703 735 2737 in
761 2702 827 2738 hoe
850 2714 950 2738 versu

1024 842 1127 874 libias
1143 846 1177 875 et
1193 842 1320 874 libiam.
1335 840 1440 875 Hanc
1454 839 1698 886 repetitionem

1023 891 1196 937 ingratam
1211 892 1247 926 in
1266 899 1424 926 mentem
1438 898 1549 937 poetae
1566 892 1697 937 nostri,

1023 943 1086 979 etsi
1097 944 1199 989 paulo
1210 943 1427 989 loquacioris,
1443 943 1600 978 incidisse
1610 957 1700 978 nun-

1025 1008 1130 1040 quam
1148 995 1357 1030 crediderim
1374 1008 1382 1030 :
1402 1007 1468 1030 vox
1490 997 1609 1040 ubique
1626 996 1700 1030 vim

1025 1047 1211 1092 quamdam
1221 1047 1326 1081 habet
1336 1046 1378 1081 ad
1390 1050 1597 1082 consensum
1610 1059 1701 1082 una-

1023 1099 1158 1134 nimem
1174 1098 1438 1144 designandum.
1455 1099 1521 1133 Ed.
1535 1115 1581 1125 —-
1591 1098 1676 1133 Lati
1682 1125 1692 1139 ‚

1023 1152 1116 1198 tibiae
1149 1165 1189 1186 ex
1218 1151 1301 1194 loti,
1328 1151 1466 1197 Libycae
1492 1150 1526 1184 in
1556 1150 1676 1196 primis
1688 1176 1698 1193 ,

1024 1203 1253 1238 arundinibus
1266 1215 1274 1237 ι
1285 1202 1351 1238 vid.
1364 1201 1520 1236 Gronov.
1532 1200 1618 1236 obs.
1631 1202 1697 1246 lv,

1027 1257 1077 1288 15.
1106 1274 1150 1280 -
1178 1254 1387 1298 Argumenta
1402 1280 1410 1294 ,
1440 1253 1548 1298 signa.
1581 1251 1699 1287 Etiam

1024 1307 1115 1352 apud
1132 1308 1280 1342 Homer.
1292 1307 1332 1342 Il.
1348 1307 1379 1341 E
1390 1333 1399 1350 ,
1418 1307 1482 1354 493
1495 1332 1505 1349 ,
1519 1305 1556 1340 in
1569 1306 1700 1352 nuptiis

1023 1362 1185 1404 ὑμέναιος,
1205 1363 1290 1395 αὐλοὶ
1305 1365 1340 1393 et
1358 1361 1524 1408 φόρμιγγες.

1067 1412 1139 1457 76ι.
1169 1413 1212 1447 In
1227 1414 1325 1446 atriis
1342 1410 1497 1445 convivia
1513 1409 1698 1444 habeban-

1022 1472 1090 1502 tur.
1113 1465 1203 1501 Vide
1224 1464 1387 1500 Servium
1407 1463 1451 1498 ad
1468 1462 1588 1509 Virgil.
1614 1461 1698 1497 AEn.

1022 1518 1039 1553 I
1052 1544 1061 1561 ,
1082 1518 1164 1559 1383
1185 1518 1221 1552 ΙΙ
1239 1517 1315 1551 init.
1330 1535 1373 1542 —
1389 1515 1523 1557 Aurea,
1544 1514 1598 1550 vel
1620 1526 1700 1549 om-

1020 1570 1107 1604 nino
1131 1569 1290 1614 pulchra,
1312 1568 1367 1602 vel
1395 1568 1564 1603 instructa
1586 1566 1698 1601 aureis

1021 1620 1245 1654 ornamentis.
1271 1638 1314 1645 —
1337 1621 1461 1653 Patent
1473 1646 1481 1660 ,
1510 1631 1587 1663 quae
1603 1630 1698 1653 con—

1019 1665 1102 1717 spici
1118 1677 1270 1716 possunt.
1292 1687 1336 1695 —
1354 1671 1568 1714 Pulchroque.
1594 1670 1698 1704 Unus

1020 1722 1200 1758 Mediceus
1213 1749 1222 1765 ‚
1250 1724 1443 1765 patrioque5
1460 1733 1534 1755 non
1555 1721 1696 1766 impro—

1019 1774 1121 1808 bante
1139 1774 1287 1809 Heinsio
1300 1799 1310 1816 ,
1329 1772 1388 1817 qui
1407 1772 1555 1806 malebat
1572 1779 1692 1807 tamen

1018 1828 1182 1870 lautaque.
1209 1824 1355 1860 Codices
1379 1823 1490 1858 nostri
1511 1823 1612 1870 Regii
1631 1824 1695 1858 ha·-

1020 1877 1106 1912 bent
1115 1879 1324 1921 pulchroque.
1345 1893 1388 1901 —-
1408 1877 1536 1911 Parata
1551 1902 1560 1915 ‚
1589 1888 1696 1921 appa-

1020 1936 1108 1963 ratu.
1118 1928 1165 1954 ’-·
1181 1930 1365 1972 Cephenum
1381 1933 1445 1962 etc.
1470 1926 1621 1972 Vulgata
1638 1926 1695 1961 ha-

1019 1982 1122 2016 bebat
1142 1979 1288 2024 Cepheni
1304 1986 1364 2013 aut
1379 1979 1557 2023 Cephenis,
1574 1986 1611 2014 et
1628 1978 1695 2014 hoc

1020 2033 1165 2068 dederat
1185 2032 1226 2066 cl.
1250 2033 1386 2075 θὼν-ιζ,
1415 2030 1547 2065 etiamsi
1566 2030 1695 2066 lectio—

1019 2097 1103 2119 nem
1118 2111 1128 2127 ,
1154 2096 1257 2128 quam
1283 2082 1405 2117 damus
1417 2108 1427 2126 ,
1454 2082 1694 2127 pretiosiorem

1019 2136 1152 2170 dixerit.
1168 2134 1332 2169 Heinsius
1349 2133 1507 2179 spurium
1521 2133 1695 2178 judicabat

1019 2188 1115 2223 hunc
1124 2200 1278 2227 versum;
1288 2186 1476 2221 dicendum
1485 2186 1581 2220 enim
1590 2185 1693 2220 fuisse

1021 2241 1205 2283 Cephenum
1216 2245 1276 2272 aut
1290 2239 1462 2281 Cephenes.
1476 2237 1607 2282 Regius
1615 2249 1693 2272 nose-

1017 2299 1072 2325 ter
1088 2291 1118 2325 A
1131 2290 1190 2324 dat
1208 2291 1409 2333 Cephenum‚·
1427 2287 1589 2322 CodexB
1601 2314 1611 2331 ‚
1632 2289 1693 2321 Ce—

1012 2345 1122 2386 pheni.
1137 2341 1202 2376 Ed.
1225 2343 1388 2384 Cephenes
1401 2346 1483 2375 sunt
1497 2339 1691 2384 AEthiopes.

1019 2394 1066 2428 Et
1099 2391 1286 2438 legendum
1312 2390 1404 2424 haud
1433 2390 1536 2424 dubie
1566 2392 1692 2434 Cephe-

1016 2458 1102 2478 num.
1133 2444 1357 2477 Burmannus
1385 2449 1502 2476 tamen
1531 2443 1691 2485 Cephenis

1018 2497 1166 2537 retinet,
1183 2502 1218 2529 et
1235 2506 1316 2528 cum
1330 2498 1419 2538 regis
1433 2493 1626 2539 conjungit.

1051 2549 1122 2592 764.
1129 2550 1304 2591 Postquam
1310 2549 1415 2590 epulis
1413 2546 1532 2590 suncli
1533 2559 1551 2580 e
1555 2546 1690 2580 tc.Fini-

1017 2599 1058 2634 tis
1070 2599 1213 2633 demum
1231 2599 1339 2644 epulis
1357 2602 1468 2633 vinum
1479 2598 1687 2633 sumebatur.

1015 2647 1687 2693 —Generosum‚vininobilissimiepithe-

1016 2709 1077 2737 ton
1088 2728 1098 2746 ,
1109 2702 1151 2737 ad
1162 2702 1274 2747 ipsum
1282 2701 1459 2738 Bacchum
1471 2700 1687 2735 translatum.
