1832 3100
317 259 403 303 508

685 262 738 305 P.
775 262 1007 308 OVIDII
1041 263 1349 309 NASONIS
1387 265 1389 267 ’

316 352 602 419 Innixamque
622 355 747 403 novis
768 367 943 422 neptem
964 356 1273 422 Polypemonis
1291 349 1393 405 alis.-

313 429 492 496 Excipit
513 431 624 480 hanc
647 433 834 494 AEgeus,
859 433 973 481 facto
995 433 1265 482 damnandus
1287 434 1334 481 in
1355 451 1446 481 uno
1467 452 1478 480 :

313 511 405 557 Nec
429 510 533 558 satis
554 510 796 576 hospitium
818 522 904 568 est,
930 509 1108 558 thalami
1134 528 1311 576 quoque
1330 510 1490 558 foedere
1510 508 1667 574 jungit.

303 587 497 652 'Jamque
521 587 668 635 aderat
688 587 883 635 Theseus
897 625 908 644 ‚
932 586 1080 652 proles
1099 587 1248 649 ignara
1269 587 1462 653 parenti,

315 660 406 725 Qui
429 663 589 712 virtute
612 683 689 713 sua
709 664 920 712 bimarem
941 676 1167 729 pacaverat
1189 664 1396 712 isthmon.

1655 675 1720 721 405

315 739 461 803 Hujus
484 738 531 786 in
553 739 733 788 exitium
753 740 906 788 miscet
929 740 1087 789 Medea
1101 778 1112 798 ‚
1140 741 1261 807 quod
1285 740 1391 788 olim

312 815 534 864 Attulerat
557 835 703 864 secum
725 817 939 883 Scythicis
962 817 1170 866 aconiton
1193 819 1248 867 ab
1274 819 1378 866 oris.

312 890 431 939 Illud
455 892 690 940 Echidneae
712 906 955 942 memorant
978 913 1000 942 e
1025 895 1231 943 (lentibus
1256 906 1404 943 ortum

311 968 422 1016 Esse
449 969 566 1017 canis
587 989 596 1017 :
621 988 776 1036 specus
800 982 865 1019 est
889 972 1123 1021 tenebroso
1149 991 1286 1021 caecus
1310 972 1463 1029 hiatu;

314 1089 391 1130 ᾳίνις
406 1084 500 1119 idem
517 1086 611 1130 quod
634 1091 721 1132 φῆνη.
749 1087 870 1122 Potuit
890 1088 987 1122 enim

314 1138 440 1173 mulier
451 1152 582 1173 nomen
595 1140 663 1174 avis
674 1139 801 1174 habere
811 1166 820 1184 ,
834 1140 870 1174 in
882 1153 987 1185 quam

313 1198 445 1226 mutata
472 1199 523 1227 est
542 1218 551 1236 ,
583 1199 621 1227 ut
649 1192 798 1238 Daphne
830 1194 959 1228 arboris
976 1220 985 1238 ,

312 1242 474 1278 Arachne
486 1255 619 1278 araneae
629 1250 693 1278 etc.
705 1243 849 1278 Accedit
860 1251 895 1278 et
906 1244 985 1287 hoc,

313 1293 407 1338 quod
419 1294 454 1328 in
464 1293 698 1340 Argumenta,
717 1295 885 1330 Lactantii
897 1309 987 1331 unus

313 1346 394 1381 MS.
408 1349 541 1381 Pheneo
556 1347 668 1382 habet.
682 1347 931 1391 Coniecturam
946 1348 988 1382 il-

310 1397 381 1432 lam
393 1424 402 1441 ,
415 1398 595 1443 probatam
608 1405 643 1433 et
655 1399 784 1433 Lenzio
794 1425 803 1443 ‚
820 1399 989 1444 recepi.—

313 1448 413 1495 Regii
423 1449 534 1484 nostri
547 1449 632 1484 dant
641 1450 829 1492 justis-sone
839 1452 983 1492 Phineu,-

313 1514 417 1545 quam
434 1501 619 1536 lectionem
636 1501 732 1537 dedit
748 1502 861 1536 editor
876 1506 990 1536 vatio—

310 1566 396 1592 rum,
414 1559 448 1586 et
459 1559 620 1597 praestare
632 1566 768 1588 censeo.
778 1555 844 1587 Ed.
855 1571 899 1578 —
908 1555 989 1587 Jus-

311 1605 443 1637 lt'sst'ma
468 1603 524 1637 illa
547 1610 689 1637 vocatur
705 1604 749 1637 ob
766 1604 932 1647 pietatem
951 1603 988 1637 in

310 1655 507 1699 conjugem.
521 1673 565 1679 —
578 1656 714 1699 Neptem
730 1657 962 1701 Polypemonis·
972 1680 981 1696 ‚

314 1705 551 1753 Halcyonem,
570 1705 722 1740 Scironis
739 1705 868 1748 filiam3
891 1718 987 1751 quae,

315 1757 409 1801 quod
432 1770 556 1802 corpus
576 1757 746 1802 vulgasset
760 1783 769 1800 ‚
797 1770 816 1791 a
840 1764 935 1802 patre
951 1757 988 1791 in

313 1822 410 1844 mare
433 1809 567 1854 dejecta
593 1809 630 1842 in
650 1809 702 1843 sui
722 1809 875 1843 nominis
890 1821 990 1843 avem

313 1869 447 1897 mutata
472 1869 533 1898 est.
550 1862 685 1897 Probus
710 1861 753 1896 ad
775 1861 962 1907 Virgilium
978 1887 988 1905 ,

314 1915 441 1960 Georg.
460 1914 498 1957 I,
518 1915 583 1962 399
596 1941 605 1958 ,
623 1927 641 1949 e
659 1913 859 1948 Theodoro.
871 1932 914 1939 -—
929 1916 992 1948 In-

315 1968 383 2000 m'li
399 1972 458 2000 aut
479 1969 547 2000 niti
561 1969 629 1999 alis
653 1965 791 2011 proprie
808 1964 852 1999 de
873 1965 990 2000 avibus

320 2017 524 2052 volantibus.

359 2070 433 2112 403.
458 2071 617 2103 Thalami
616 2067 752 2111 foederc.
770 2067 943 2102 Junianus
956 2074 991 2102 et

316 2121 539 2156 Florentinus
551 2147 560 2164 ,
569 2121 709 2165 federa,
734 2120 826 2166 quod
837 2133 910 2154 non
923 2121 992 2154 im-

319 2172 443 2217 probat
469 2172 705 2206 Burmannus.
733 2171 833 2217 Regii
856 2172 964 2206 nostri
979 2197 989 2216 ,

307 2219 435 2269 sae'dere
449 2225 581 2268 junxit.
601 2243 644 2249 —
663 2223 753 2259 Vide
778 2224 820 2258 ad
837 2225 903 2267 IV,
923 2224 988 2268 60,

317 2281 409 2313 taedae
416 2279 507 2322 jure.

361 2333 435 2375 404.
453 2333 593 2376 Ignara,
617 2331 735 2376 ignota
749 2357 758 2374 ,
781 2330 929 2375 passive,
951 2337 991 2364 ut

321 2382 410 2418 VIII
424 2409 433 2426 ,
459 2385 518 2419 188
531 2396 539 2418 :
554 2383 620 2417 vid.
634 2382 784 2426 Gellius,
802 2382 846 2416 N.
860 2381 903 2415 A.
916 2381 987 2424 IX,

323 2449 334 2468 1
342 2450 372 2469 2.
385 2436 528 2481 Ignotus
539 2442 613 2470 erat
622 2435 777 2469 Theseus
789 2434 894 2479 patri,
910 2433 990 2478 quia

317 2486 407 2531 apud
423 2486 603 2521 Pittheum
620 2499 723 2520 avum
740 2484 916 2520 Troezenis
927 2496 990 2517 na-

318 2545 373 2572 tus
385 2545 420 2572 et
430 2537 593 2573 educatus
604 2544 695 2579 erat;
706 2551 800 2572 nunc
811 2550 907 2581 vero,
919 2544 992 2572 tan-

321 2602 425 2632 quam
441 2589 551 2635 virgo,
564 2598 657 2625 veste
671 2590 767 2625 talari
782 2596 816 2623 et
828 2589 991 2623 decenter

317 2642 407 2686 pexis
433 2643 559 2687 capillis
581 2643 741 2677 veniebat
758 2655 765 2676 :
784 2642 989 2684 Pausanias,

319 2693 424 2727 Attic.
438 2706 470 2738 p.
488 2695 539 2737 44.
555 2693 683 2728 Medea
699 2694 803 2739 igitur
818 2693 914 2727 facile
924 2693 993 2727 im·-

318 2743 404 2788 pulit
414 2744 536 2790 AEgea,
545 2752 687 2790 propter
696 2745 903 2781 seditionem
914 2757 991 2779 om-

1051 1087 1110 1122 nia
1117 1094 1346 1131 metuentem,
1356 1095 1395 1123 ut
1401 1087 1724 1132 Thesea‚›tanquam

1052 1140 1237 1185 hospitem,
1251 1141 1410 1175 convivio
1426 1140 1597 1185 exciperet
1605 1165 1614 1183 ,
1624 1146 1659 1175 et
1669 1153 1724 1174 ve-

1052 1205 1146 1228 neno
1158 1193 1304 1227 tolleret.
1314 1192 1519 1228 Plutarchus
1530 1217 1540 1235 ,
1555 1191 1658 1226 Thes.
1674 1205 1724 1225 ιιι.

1097 1245 1172 1287 405.
1201 1245 1270 1286 Qui
1283 1246 1403 1277 virtute
1423 1255 1487 1277 sua
1509 1248 1572 1277 etc.
1596 1241 1725 1276 Totam

1051 1296 1145 1330 illam
1160 1295 1251 1330 viam
1263 1321 1275 1338 ,
1294 1307 1371 1340 quae
1382 1294 1551 1329 Troezene
1570 1293 1725 1328 Athenas

1052 1346 1399 1391 ducebat,latroniciis
1409 1352 1627 1391 purgaverat:
1637 1345 1727 1380 Pau-

1050 1400 1173 1442 sanias,
1189 1399 1350 1434 Corinth.
1361 1412 1393 1444 p.
1405 1400 1726 1433 122.·-P›1careso-

1051 1451 1155 1485 lenne
1173 1451 1210 1485 in
1226 1450 1290 1485 hac
1305 1463 1354 1485 re.
1381 1448 1520 1484 AEneid.
1538 1449 1593 1484 VI
1607 1474 1616 1493 ,
1635 1450 1698 1484 805
1715 1462 1724 1484 :

1053 1503 1109 1536 He
1113 1502 1222 1537 rcules
1229 1504 1432 1549 Erymanthi
1432 1504 1574 1545 pacavit
1578 1512 1725 1544 nemora,·

1051 1555 1186 1589 Seneca
1205 1554 1247 1589 de
1268 1555 1390 1589 Benes.
1417 1554 1434 1588 I
1446 1579 1455 1597 ,
1486 1553 1551 1587 13:
1569 1557 1726 1588 terrarum

1050 1610 1213 1650 marisque
1230 1610 1397 1650 pacatam·
1425 1605 1533 1640 Silius-
1546 1604 1582 1639 II
1601 1631 1611 1648 ,
1637 1605 1720 1648 483:

1051 1660 1181 1693 Nemea·
1195 1662 1347 1701 pacator.
1366 1675 1409 1684 ·-
1429 1659 1608 1692 Bimarem.
1629 1656 1721 1691 Vide

1055 1708 1097 1742 ad
1114 1710 1161 1752 V,
1180 1710 1254 1754 407.

1095 1761 1167 1804 407.
1190 1761 1358 1794 Aconiton
1378 1759 1539 1794 omnium
1562 1770 1726 1792 veneno-

1052 1825 1134 1845 rum
1154 1812 1384 1859 ocyssimum,
1410 1812 1451 1846 de
1477 1824 1546 1856 quo
1568 1811 1724 1854 Plinius,

1054 1864 1209 1906 XXVII,
1225 1877 1243 1897 2
1255 1871 1290 1898 et
1300 1864 1320 1897 3
1331 1878 1340 1905 ς
1353 1863 1618 1908 Τὶιεορὴι-εεὶεε,
1634 1862 1725 1897 Hist.

1054 1915 1158 1960 plant.
1172 1915 1236 1958 IX,
1253 1915 1515 1949 16.—-Acon1‘lon
1531 1914 1665 1950 dictum
1674 1921 1727 1949 est

1056 1968 1174 2008 ἄπὸτὴς
1186 1967 1311 2010 ἀκόνης,
1329 1966 1396 2001 hoc
1406 1974 1457 2001 est
1473 1979 1491 2000 a
1508 1973 1608 2001 caute
1620 1991 1630 2009 ,
1647 1966 1727 2011 quia

1053 2018 1092 2052 in
1107 2018 1260 2052 cautibus
1279 2018 1440 2052 nascitur.
1461 2019 1526 2051 Ed.
1538 2019 1727 2051 —Echid-

1053 2083 1139 2110 neoe,
1159 2069 1238 2114 quia
1256 2068 1430 2103 Cerberus
1444 2082 1484 2103 ex
1502 2067 1660 2104 Echidna
1674 2080 1727 2102 or·

1056 2128 1128 2156 tus:
1142 2120 1272 2155 Hesiod
1278 2120 1465 2166 us,Theog.
1477 2120 1560 2162 308;
1573 2119 1728 2164 Quintus

1056 2173 1258 2220 Smyrnaeus
1270 2199 1279 2216 ,
1296 2173 1348 2207 VI
1359 2198 1370 2215 ,
1387 2173 1460 2207 261.

1072 2252 1073 2255 η
1098 2227 1172 2272 409.
1194 2226 1318 2268 Specus
1339 2228 1392 2258 cst
1407 2250 1415 2265 ,
1444 2222 1634 2259 Acherusia
1650 2247 1667 2266 ‚.
1688 2223 1725 2257 in

1055 2277 1371 2324 Mariandynorum
1388 2275 1532 2319 finibus,
1551 2275 1592 2310 ad
1611 2276 1728 2310 Hera-

1055 2328 1164 2362 cleam
1177 2328 1360 2363 Ponticam
1374 2353 1383 2370 ,
1399 2339 1461 2371 per
1471 2338 1576 2371 quem
1585 2337 1727 2371 specum

1054 2380 1122 2414 iter
1133 2386 1184 2414 est
1200 2379 1242 2413 ad
1258 2379 1397 2413 inferos.
1417 2378 1569 2422 Plinius,
1587 2378 1640 2412 VI
1656 2404 1666 2422 ‚
1688 2391 1700 2411 ι
1716 2391 1726 2419 ;

1055 2431 1151 2465 Mela
1164 2457 1173 2474 ‚
1194 2431 1232 2474 I,
1261 2441 1322 2464 XIX
1341 2455 1350 2473 ,
1380 2431 1439 2473 54,
1457 2429 1572 2474 ibique
1595 2428 1727 2463 Schott.

1056 2483 1127 2516 Per
1138 2495 1219 2516 eum
1230 2493 1371 2526 specum
1385 2479 1580 2515 Cerberum
1589 2481 1630 2515 ab
1639 2481 1730 2515 Her--

1055 2535 1129 2570 cule
1144 2542 1333 2570 extractum
1346 2541 1519 2568 memorat
1530 2541 1565 2568 et
1576 2533 1707 2568 Plinius
1716 2558 1728 2575 ,

1055 2588 1210 2630 XXVII,
1225 2601 1253 2620 2.
1265 2588 1346 2621 Jam
1360 2587 1531 2632 quoniam
1546 2597 1671 2630 magna
1681 2584 1728 2618 ihi

1055 2644 1184 2675 aconiti
1204 2641 1323 2685 copia,
1342 2640 1424 2675 inde
1450 2639 1566 2674 fabula
1588 2638 1629 2672 de
1654 2637 1735 2681 ejus.

1056 2692 1189 2737 origine
1203 2693 1469 2735 orta.—-Coecus‚
1483 2691 1659 2733 obscurus,
1670 2701 1732 2723 ca-

1057 2744 1229 2790 liginosus.
