<?xml version="1.0" encoding="UTF-8"?>
<!DOCTYPE html PUBLIC "-//W3C//DTD XHTML 1.0 Transitional//EN"
    "http://www.w3.org/TR/xhtml1/DTD/xhtml1-transitional.dtd">
<html xmlns="http://www.w3.org/1999/xhtml" xml:lang="en" lang="en">
 <head>
  <title>
</title>
<meta http-equiv="Content-Type" content="text/html;charset=utf-8" />
  <meta name='ocr-system' content='tesseract 3.04.00' />
  <meta name='ocr-capabilities' content='ocr_page ocr_carea ocr_par ocr_line ocrx_word'/>
</head>
<body>
  <div class='ocr_page' id='page_1' title='image "./quaeextantomniao03oviduoft_0249.png"; bbox 0 0 1832 3100; ppageno 0'>
   <div class='ocr_carea' id='block_1_1' title="bbox 362 247 1364 302">
    <p class='ocr_par' dir='ltr' id='par_1_1' title="bbox 362 247 1364 302">
     <span class='ocr_line' id='line_1_1' title="bbox 362 247 1364 302; baseline -0.009 -1"><span class='ocrx_word' id='word_1_1' title='bbox 362 247 1078 302; x_wconf 85' lang='lat' dir='ltr'><strong>METAMORPHOSEON</strong></span> <span class='ocrx_word' id='word_1_2' title='bbox 1121 249 1252 293; x_wconf 92' lang='lat' dir='ltr'><strong>LIB.</strong></span> <span class='ocrx_word' id='word_1_3' title='bbox 1289 249 1364 293; x_wconf 90' lang='grc' dir='ltr'><strong>ΙΙ.</strong></span> 
     </span>
    </p>
   </div>
   <div class='ocr_carea' id='block_1_2' title="bbox 1481 262 1570 307">
    <p class='ocr_par' dir='ltr' id='par_1_2' title="bbox 1481 262 1570 307">
     <span class='ocr_line' id='line_1_2' title="bbox 1481 262 1570 307; baseline -0.011 -17"><span class='ocrx_word' id='word_1_4' title='bbox 1481 262 1570 307; x_wconf 80' lang='grc'><strong>217</strong></span> 
     </span>
    </p>
   </div>
   <div class='ocr_carea' id='block_1_3' title="bbox 145 335 1173 415">
    <p class='ocr_par' dir='ltr' id='par_1_3' title="bbox 145 335 1173 415">
     <span class='ocr_line' id='line_1_3' title="bbox 145 335 1173 415; baseline -0.015 -14"><span class='ocrx_word' id='word_1_5' title='bbox 145 352 298 401; x_wconf 79' lang='lat' dir='ltr'>Litora</span> <span class='ocrx_word' id='word_1_6' title='bbox 316 349 437 415; x_wconf 84' lang='lat' dir='ltr'><strong>jussa</strong></span> <span class='ocrx_word' id='word_1_7' title='bbox 457 356 643 415; x_wconf 88' lang='lat' dir='ltr'><strong>petunt,</strong></span> <span class='ocrx_word' id='word_1_8' title='bbox 663 335 744 393; x_wconf 88' lang='lat' dir='ltr'><strong>ubi</strong></span> <span class='ocrx_word' id='word_1_9' title='bbox 766 342 917 406; x_wconf 87' lang='lat' dir='ltr'><strong>magni</strong></span> <span class='ocrx_word' id='word_1_10' title='bbox 941 340 1032 390; x_wconf 86' lang='lat' dir='ltr'><strong>filia</strong></span> <span class='ocrx_word' id='word_1_11' title='bbox 1054 339 1173 402; x_wconf 82' lang='lat' dir='ltr'><strong>regis</strong></span> 
     </span>
    </p>
   </div>
   <div class='ocr_carea' id='block_1_4' title="bbox 144 416 1254 493">
    <p class='ocr_par' dir='ltr' id='par_1_4' title="bbox 144 416 1254 493">
     <span class='ocr_line' id='line_1_4' title="bbox 144 416 1254 493; baseline -0.013 -15"><span class='ocrx_word' id='word_1_12' title='bbox 144 427 345 493; x_wconf 74' lang='lat' dir='ltr'><strong>Ludere,</strong></span> <span class='ocrx_word' id='word_1_13' title='bbox 364 423 616 488; x_wconf 81' lang='lat' dir='ltr'><strong>virginibus</strong></span> <span class='ocrx_word' id='word_1_14' title='bbox 639 421 788 489; x_wconf 89' lang='lat' dir='ltr'><strong>Tyriis</strong></span> <span class='ocrx_word' id='word_1_15' title='bbox 812 420 1040 477; x_wconf 86' lang='lat' dir='ltr'><strong>comitata,</strong></span> <span class='ocrx_word' id='word_1_16' title='bbox 1068 416 1254 466; x_wconf 85' lang='lat' dir='ltr'><strong>solebat.</strong></span> 
     </span>
    </p>
   </div>
   <div class='ocr_carea' id='block_1_5' title="bbox 1508 429 1576 475">
    <p class='ocr_par' dir='ltr' id='par_1_5' title="bbox 1508 429 1576 475">
     <span class='ocr_line' id='line_1_5' title="bbox 1508 429 1576 475; baseline -0.044 -9"><span class='ocrx_word' id='word_1_17' title='bbox 1508 429 1576 475; x_wconf 74' lang='lat'><strong>⁸4⁵</strong></span> 
     </span>
    </p>
   </div>
   <div class='ocr_carea' id='block_1_6' title="bbox 145 495 1377 729">
    <p class='ocr_par' dir='ltr' id='par_1_6' title="bbox 145 495 1377 729">
     <span class='ocr_line' id='line_1_6' title="bbox 145 495 1377 558; baseline -0.013 -2"><span class='ocrx_word' id='word_1_18' title='bbox 145 508 251 556; x_wconf 84' lang='lat' dir='ltr'><strong>Non</strong></span> <span class='ocrx_word' id='word_1_19' title='bbox 273 505 389 554; x_wconf 91' lang='lat' dir='ltr'><strong>bene</strong></span> <span class='ocrx_word' id='word_1_20' title='bbox 413 501 709 558; x_wconf 88' lang='lat' dir='ltr'><strong>conveniunt,</strong></span> <span class='ocrx_word' id='word_1_21' title='bbox 732 518 813 549; x_wconf 87' lang='lat' dir='ltr'><strong>nec</strong></span> <span class='ocrx_word' id='word_1_22' title='bbox 836 498 885 547; x_wconf 89' lang='lat' dir='ltr'><strong>in</strong></span> <span class='ocrx_word' id='word_1_23' title='bbox 906 516 996 546; x_wconf 87' lang='lat' dir='ltr'><strong>una</strong></span> <span class='ocrx_word' id='word_1_24' title='bbox 1020 495 1122 545; x_wconf 86' lang='lat' dir='ltr'><strong>sede</strong></span> <span class='ocrx_word' id='word_1_25' title='bbox 1146 504 1377 543; x_wconf 86' lang='lat' dir='ltr'><strong>morantur</strong></span> 
     </span>
     <span class='ocr_line' id='line_1_7' title="bbox 146 572 1233 649; baseline -0.013 -16"><span class='ocrx_word' id='word_1_26' title='bbox 146 583 358 649; x_wconf 78' lang='lat' dir='ltr'><strong>Maiestas</strong></span> <span class='ocrx_word' id='word_1_27' title='bbox 372 592 424 631; x_wconf 85' lang='lat' dir='ltr'><strong>et</strong></span> <span class='ocrx_word' id='word_1_28' title='bbox 445 599 571 630; x_wconf 89' lang='lat' dir='ltr'><strong>amor</strong></span> <span class='ocrx_word' id='word_1_29' title='bbox 591 599 601 628; x_wconf 93' lang='lat'><strong>:</strong></span> <span class='ocrx_word' id='word_1_30' title='bbox 625 578 790 645; x_wconf 85' lang='lat' dir='ltr'><strong>sceptri</strong></span> <span class='ocrx_word' id='word_1_31' title='bbox 813 575 1026 641; x_wconf 86' lang='lat' dir='ltr'><strong>gravitate</strong></span> <span class='ocrx_word' id='word_1_32' title='bbox 1049 572 1202 622; x_wconf 89' lang='lat' dir='ltr'><strong>relicta</strong></span> <span class='ocrx_word' id='word_1_33' title='bbox 1220 609 1233 630; x_wconf 89' lang='lat'>‚</span> 
     </span>
     <span class='ocr_line' id='line_1_8' title="bbox 146 649 1321 729; baseline -0.012 -18"><span class='ocrx_word' id='word_1_34' title='bbox 146 660 229 710; x_wconf 85' lang='lat' dir='ltr'><strong>Ille</strong></span> <span class='ocrx_word' id='word_1_35' title='bbox 252 672 378 729; x_wconf 89' lang='lat' dir='ltr'><strong>pater</strong></span> <span class='ocrx_word' id='word_1_36' title='bbox 402 670 639 725; x_wconf 86' lang='lat' dir='ltr'><strong>rectorque</strong></span> <span class='ocrx_word' id='word_1_37' title='bbox 662 658 830 713; x_wconf 86' lang='lat' dir='ltr'><strong>Deum,</strong></span> <span class='ocrx_word' id='word_1_38' title='bbox 852 654 925 704; x_wconf 90' lang='lat' dir='ltr'><strong>cui</strong></span> <span class='ocrx_word' id='word_1_39' title='bbox 949 653 1100 702; x_wconf 84' lang='lat' dir='ltr'><strong>dextra</strong></span> <span class='ocrx_word' id='word_1_40' title='bbox 1125 649 1321 700; x_wconf 85' lang='lat' dir='ltr'><strong>trisulcis</strong></span> 
     </span>
    </p>
   </div>
   <div class='ocr_carea' id='block_1_7' title="bbox 148 733 1320 808">
    <p class='ocr_par' dir='ltr' id='par_1_7' title="bbox 148 733 1320 808">
     <span class='ocr_line' id='line_1_9' title="bbox 148 733 1320 808; baseline -0.011 -14"><span class='ocrx_word' id='word_1_41' title='bbox 148 744 338 808; x_wconf 85' lang='lat' dir='ltr'><strong>Ignibus</strong></span> <span class='ocrx_word' id='word_1_42' title='bbox 362 753 528 792; x_wconf 86' lang='lat' dir='ltr'><strong>armata</strong></span> <span class='ocrx_word' id='word_1_43' title='bbox 551 752 619 790; x_wconf 90' lang='lat' dir='ltr'><strong>est</strong></span> <span class='ocrx_word' id='word_1_44' title='bbox 633 778 646 799; x_wconf 90' lang='lat'>‚</span> <span class='ocrx_word' id='word_1_45' title='bbox 673 739 751 807; x_wconf 91' lang='lat' dir='ltr'><strong>qui</strong></span> <span class='ocrx_word' id='word_1_46' title='bbox 771 749 887 787; x_wconf 88' lang='lat' dir='ltr'><strong>nutu</strong></span> <span class='ocrx_word' id='word_1_47' title='bbox 911 735 1114 786; x_wconf 87' lang='lat' dir='ltr'><strong>concutit</strong></span> <span class='ocrx_word' id='word_1_48' title='bbox 1137 733 1320 791; x_wconf 91' lang='lat' dir='ltr'><strong>orbem,</strong></span> 
     </span>
    </p>
   </div>
   <div class='ocr_carea' id='block_1_8' title="bbox 148 817 1583 888">
    <p class='ocr_par' dir='ltr' id='par_1_8' title="bbox 148 817 1583 888">
     <span class='ocr_line' id='line_1_10' title="bbox 148 817 1583 888; baseline -0.012 -12"><span class='ocrx_word' id='word_1_49' title='bbox 148 826 359 876; x_wconf 87' lang='lat' dir='ltr'><strong>Induitur</strong></span> <span class='ocrx_word' id='word_1_50' title='bbox 379 825 536 875; x_wconf 87' lang='lat' dir='ltr'><strong>faciem</strong></span> <span class='ocrx_word' id='word_1_51' title='bbox 561 823 676 873; x_wconf 90' lang='lat' dir='ltr'><strong>tauri</strong></span> <span class='ocrx_word' id='word_1_52' title='bbox 689 861 701 881; x_wconf 90' lang='lat'>‚</span> <span class='ocrx_word' id='word_1_53' title='bbox 726 822 983 888; x_wconf 84' lang='lat' dir='ltr'><strong>mixtusque</strong></span> <span class='ocrx_word' id='word_1_54' title='bbox 1005 817 1204 885; x_wconf 88' lang='lat' dir='ltr'><strong>juvencis</strong></span> <span class='ocrx_word' id='word_1_55' title='bbox 1516 826 1583 862; x_wconf 77' lang='lat'><strong>850</strong></span> 
     </span>
    </p>
   </div>
   <div class='ocr_carea' id='block_1_9' title="bbox 149 897 1391 974">
    <p class='ocr_par' dir='ltr' id='par_1_9' title="bbox 149 897 1391 974">
     <span class='ocr_line' id='line_1_11' title="bbox 149 897 1391 974; baseline -0.012 -15"><span class='ocrx_word' id='word_1_56' title='bbox 149 909 324 974; x_wconf 68' lang='lat' dir='ltr'><strong>Mugst,</strong></span> <span class='ocrx_word' id='word_1_57' title='bbox 347 920 391 958; x_wconf 90' lang='lat' dir='ltr'><strong>et</strong></span> <span class='ocrx_word' id='word_1_58' title='bbox 411 901 460 956; x_wconf 84' lang='lat' dir='ltr'><strong>in</strong></span> <span class='ocrx_word' id='word_1_59' title='bbox 482 907 644 957; x_wconf 87' lang='lat' dir='ltr'><strong>teneris</strong></span> <span class='ocrx_word' id='word_1_60' title='bbox 671 905 895 954; x_wconf 91' lang='lat' dir='ltr'><strong>formosus</strong></span> <span class='ocrx_word' id='word_1_61' title='bbox 917 900 1181 952; x_wconf 83' lang='lat' dir='ltr'><strong>obambulat</strong></span> <span class='ocrx_word' id='word_1_62' title='bbox 1205 897 1359 946; x_wconf 91' lang='lat' dir='ltr'><strong>herbis</strong></span> <span class='ocrx_word' id='word_1_63' title='bbox 1380 914 1391 956; x_wconf 88' lang='lat'>;</span> 
     </span>
    </p>
   </div>
   <div class='ocr_carea' id='block_1_10' title="bbox 153 980 1324 1143">
    <p class='ocr_par' dir='ltr' id='par_1_10' title="bbox 153 980 1324 1143">
     <span class='ocr_line' id='line_1_12' title="bbox 153 980 1324 1060; baseline -0.012 -18"><span class='ocrx_word' id='word_1_64' title='bbox 153 993 336 1060; x_wconf 84' lang='lat' dir='ltr'><strong>Quippe</strong></span> <span class='ocrx_word' id='word_1_65' title='bbox 361 990 485 1041; x_wconf 92' lang='lat' dir='ltr'><strong>color</strong></span> <span class='ocrx_word' id='word_1_66' title='bbox 505 990 622 1039; x_wconf 89' lang='lat' dir='ltr'><strong>nivis</strong></span> <span class='ocrx_word' id='word_1_67' title='bbox 643 1001 729 1048; x_wconf 88' lang='lat' dir='ltr'><strong>est,</strong></span> <span class='ocrx_word' id='word_1_68' title='bbox 754 1008 887 1056; x_wconf 88' lang='lat' dir='ltr'><strong>quam</strong></span> <span class='ocrx_word' id='word_1_69' title='bbox 907 1005 990 1036; x_wconf 87' lang='lat' dir='ltr'><strong>nec</strong></span> <span class='ocrx_word' id='word_1_70' title='bbox 1011 983 1199 1048; x_wconf 82' lang='lat' dir='ltr'><strong>vestigia</strong></span> <span class='ocrx_word' id='word_1_71' title='bbox 1222 980 1324 1030; x_wconf 91' lang='lat' dir='ltr'><strong>duri</strong></span> 
     </span>
     <span class='ocr_line' id='line_1_13' title="bbox 156 1069 1282 1143; baseline -0.012 -16"><span class='ocrx_word' id='word_1_72' title='bbox 156 1075 386 1127; x_wconf 84' lang='lat' dir='ltr'><strong>Calcavere</strong></span> <span class='ocrx_word' id='word_1_73' title='bbox 408 1074 558 1143; x_wconf 88' lang='lat' dir='ltr'><strong>pedis,</strong></span> <span class='ocrx_word' id='word_1_74' title='bbox 583 1093 666 1123; x_wconf 90' lang='lat' dir='ltr'><strong>nec</strong></span> <span class='ocrx_word' id='word_1_75' title='bbox 691 1073 827 1122; x_wconf 86' lang='lat' dir='ltr'><strong>solvit</strong></span> <span class='ocrx_word' id='word_1_76' title='bbox 848 1070 1080 1139; x_wconf 59' lang='lat' dir='ltr'><strong>amiaticus</strong></span> <span class='ocrx_word' id='word_1_77' title='bbox 1103 1069 1282 1117; x_wconf 85' lang='lat' dir='ltr'><strong>Auster.</strong></span> 
     </span>
    </p>
   </div>
   <div class='ocr_carea' id='block_1_11' title="bbox 156 1209 847 1782">
    <p class='ocr_par' dir='ltr' id='par_1_11' title="bbox 156 1209 847 1782">
     <span class='ocr_line' id='line_1_14' title="bbox 156 1209 840 1261; baseline -0.006 -11"><span class='ocrx_word' id='word_1_78' title='bbox 156 1221 299 1261; x_wconf 86' lang='lat' dir='ltr'><strong>apparet</strong></span> <span class='ocrx_word' id='word_1_79' title='bbox 309 1240 318 1258; x_wconf 92' lang='lat'><em>,</em></span> <span class='ocrx_word' id='word_1_80' title='bbox 336 1213 444 1248; x_wconf 89' lang='lat' dir='ltr'><strong>etiam</strong></span> <span class='ocrx_word' id='word_1_81' title='bbox 460 1211 607 1248; x_wconf 83' lang='lat' dir='ltr'><strong>Hesiod.</strong></span> <span class='ocrx_word' id='word_1_82' title='bbox 624 1218 660 1246; x_wconf 92' lang='lat' dir='ltr'><strong>et</strong></span> <span class='ocrx_word' id='word_1_83' title='bbox 675 1209 840 1258; x_wconf 84' lang='lat' dir='ltr'><strong>Bacchyl.</strong></span> 
     </span>
     <span class='ocr_line' id='line_1_15' title="bbox 158 1264 841 1310; baseline -0.01 -7"><span class='ocrx_word' id='word_1_84' title='bbox 158 1267 334 1303; x_wconf 85' lang='lat' dir='ltr'><strong>Phoenicis</strong></span> <span class='ocrx_word' id='word_1_85' title='bbox 349 1266 459 1300; x_wconf 84' lang='lat' dir='ltr'><strong>filiam</strong></span> <span class='ocrx_word' id='word_1_86' title='bbox 473 1265 646 1300; x_wconf 82' lang='lat' dir='ltr'><strong>fecerunt.</strong></span> <span class='ocrx_word' id='word_1_87' title='bbox 669 1282 712 1290; x_wconf 98' lang='lat'><strong>—</strong></span> <span class='ocrx_word' id='word_1_88' title='bbox 733 1264 841 1310; x_wconf 75' lang='lat' dir='ltr'><strong>Tyrus</strong></span> 
     </span>
     <span class='ocr_line' id='line_1_16' title="bbox 158 1315 841 1358; baseline -0.01 -3"><span class='ocrx_word' id='word_1_89' title='bbox 158 1327 237 1355; x_wconf 86' lang='lat' dir='ltr'><strong>tum</strong></span> <span class='ocrx_word' id='word_1_90' title='bbox 252 1318 416 1354; x_wconf 89' lang='lat' dir='ltr'><strong>nondum</strong></span> <span class='ocrx_word' id='word_1_91' title='bbox 429 1316 591 1358; x_wconf 83' lang='lat' dir='ltr'><strong>condita;</strong></span> <span class='ocrx_word' id='word_1_92' title='bbox 606 1315 668 1351; x_wconf 89' lang='lat' dir='ltr'><strong>sed</strong></span> <span class='ocrx_word' id='word_1_93' title='bbox 682 1315 841 1350; x_wconf 87' lang='lat' dir='ltr'><strong>solemne</strong></span> 
     </span>
     <span class='ocr_line' id='line_1_17' title="bbox 160 1367 841 1419; baseline -0.009 -12"><span class='ocrx_word' id='word_1_94' title='bbox 160 1379 212 1407; x_wconf 84' lang='lat' dir='ltr'><strong>est</strong></span> <span class='ocrx_word' id='word_1_95' title='bbox 229 1370 470 1419; x_wconf 78' lang='lat' dir='ltr'><strong>Tyriosdicere</strong></span> <span class='ocrx_word' id='word_1_96' title='bbox 483 1371 671 1404; x_wconf 69' lang='lat' dir='ltr'><strong>Pha-mcz‘os</strong></span> <span class='ocrx_word' id='word_1_97' title='bbox 681 1380 689 1402; x_wconf 88' lang='lat'><strong>:</strong></span> <span class='ocrx_word' id='word_1_98' title='bbox 700 1368 756 1402; x_wconf 89' lang='lat'><strong>111</strong></span> <span class='ocrx_word' id='word_1_99' title='bbox 766 1394 776 1411; x_wconf 86' lang='lat'>‚</span> <span class='ocrx_word' id='word_1_100' title='bbox 785 1367 841 1410; x_wconf 87' lang='lat'><strong>35,</strong></span> 
     </span>
     <span class='ocr_line' id='line_1_18' title="bbox 166 1418 845 1471; baseline -0.009 -13"><span class='ocrx_word' id='word_1_101' title='bbox 166 1425 270 1471; x_wconf 76' lang='lat' dir='ltr'><strong>Tyria</strong></span> <span class='ocrx_word' id='word_1_102' title='bbox 284 1425 327 1458; x_wconf 78' lang='lat' dir='ltr'><strong>dc</strong></span> <span class='ocrx_word' id='word_1_103' title='bbox 338 1427 435 1467; x_wconf 69' lang='lat' dir='ltr'><strong>genle</strong></span> <span class='ocrx_word' id='word_1_104' title='bbox 444 1421 600 1466; x_wconf 55' lang='lat' dir='ltr'><strong>profecti.</strong></span> <span class='ocrx_word' id='word_1_105' title='bbox 616 1419 735 1454; x_wconf 89' lang='lat' dir='ltr'><strong>Etiam</strong></span> <span class='ocrx_word' id='word_1_106' title='bbox 752 1418 845 1465; x_wconf 85' lang='lat' dir='ltr'><strong>apud</strong></span> 
     </span>
     <span class='ocr_line' id='line_1_19' title="bbox 161 1471 844 1520; baseline -0.009 -11"><span class='ocrx_word' id='word_1_107' title='bbox 161 1474 286 1520; x_wconf 83' lang='lat' dir='ltr'><strong>Eurip.</strong></span> <span class='ocrx_word' id='word_1_108' title='bbox 302 1473 428 1509; x_wconf 84' lang='lat' dir='ltr'><strong>Phoen.</strong></span> <span class='ocrx_word' id='word_1_109' title='bbox 442 1473 507 1516; x_wconf 80' lang='lat'><strong>642</strong></span> <span class='ocrx_word' id='word_1_110' title='bbox 519 1499 528 1513; x_wconf 91' lang='lat'><strong><em>‚</em></strong></span> <span class='ocrx_word' id='word_1_111' title='bbox 548 1471 705 1507; x_wconf 89' lang='lat' dir='ltr'><strong>Cadmus</strong></span> <span class='ocrx_word' id='word_1_112' title='bbox 716 1474 825 1518; x_wconf 76' lang='grc' dir='ltr'>Τύριος</span> <span class='ocrx_word' id='word_1_113' title='bbox 834 1496 844 1514; x_wconf 89' lang='grc'><em>,</em></span> 
     </span>
     <span class='ocr_line' id='line_1_20' title="bbox 161 1524 847 1569; baseline -0.007 -7"><span class='ocrx_word' id='word_1_114' title='bbox 161 1527 223 1562; x_wconf 89' lang='lat' dir='ltr'><strong>ubi</strong></span> <span class='ocrx_word' id='word_1_115' title='bbox 233 1525 350 1562; x_wconf 83' lang='lat' dir='ltr'><strong>Sehol.</strong></span> <span class='ocrx_word' id='word_1_116' title='bbox 366 1531 491 1560; x_wconf 80' lang='lat' dir='ltr'><strong>monet</strong></span> <span class='ocrx_word' id='word_1_117' title='bbox 503 1551 513 1569; x_wconf 90' lang='lat'>,</span> <span class='ocrx_word' id='word_1_118' title='bbox 531 1524 726 1560; x_wconf 87' lang='lat' dir='ltr'><strong>Phoenicen</strong></span> <span class='ocrx_word' id='word_1_119' title='bbox 743 1530 847 1558; x_wconf 83' lang='lat' dir='ltr'><strong>antea</strong></span> 
     </span>
     <span class='ocr_line' id='line_1_21' title="bbox 163 1577 845 1628; baseline -0.007 -13"><span class='ocrx_word' id='word_1_120' title='bbox 163 1579 303 1628; x_wconf 78' lang='lat' dir='ltr'><strong>Tyrum</strong></span> <span class='ocrx_word' id='word_1_121' title='bbox 326 1578 467 1614; x_wconf 85' lang='lat' dir='ltr'><strong>dictam.</strong></span> <span class='ocrx_word' id='word_1_122' title='bbox 485 1577 622 1613; x_wconf 85' lang='lat' dir='ltr'><strong>Contra</strong></span> <span class='ocrx_word' id='word_1_123' title='bbox 646 1578 703 1612; x_wconf 92' lang='lat'><strong>111</strong></span> <span class='ocrx_word' id='word_1_124' title='bbox 718 1603 728 1621; x_wconf 95' lang='lat'><strong>‚</strong></span> <span class='ocrx_word' id='word_1_125' title='bbox 756 1590 819 1624; x_wconf 82' lang='lat'><strong>1²9</strong></span> <span class='ocrx_word' id='word_1_126' title='bbox 834 1602 845 1620; x_wconf 88' lang='lat'>,</span> 
     </span>
     <span class='ocr_line' id='line_1_22' title="bbox 163 1628 845 1674; baseline -0.006 -7"><span class='ocrx_word' id='word_1_127' title='bbox 163 1631 322 1667; x_wconf 79' lang='lat' dir='ltr'><strong>Cadmus</strong></span> <span class='ocrx_word' id='word_1_128' title='bbox 347 1632 507 1666; x_wconf 79' lang='lat' dir='ltr'><strong>Sidom&#39;us</strong></span> <span class='ocrx_word' id='word_1_129' title='bbox 526 1632 649 1674; x_wconf 75' lang='lat' dir='ltr'><strong>hospes</strong></span> <span class='ocrx_word' id='word_1_130' title='bbox 659 1656 669 1670; x_wconf 90' lang='lat'>‚</span> <span class='ocrx_word' id='word_1_131' title='bbox 702 1635 739 1664; x_wconf 84' lang='lat' dir='ltr'><strong>et</strong></span> <span class='ocrx_word' id='word_1_132' title='bbox 763 1628 818 1664; x_wconf 92' lang='lat' dir='ltr'><strong>IV</strong></span> <span class='ocrx_word' id='word_1_133' title='bbox 835 1655 845 1673; x_wconf 93' lang='lat'>‚</span> 
     </span>
     <span class='ocr_line' id='line_1_23' title="bbox 162 1680 847 1730; baseline -0.006 -11"><span class='ocrx_word' id='word_1_134' title='bbox 162 1686 224 1730; x_wconf 85' lang='lat'><strong>571</strong></span> <span class='ocrx_word' id='word_1_135' title='bbox 238 1709 250 1729; x_wconf 84' lang='lat'>,</span> <span class='ocrx_word' id='word_1_136' title='bbox 263 1683 386 1718; x_wconf 75' lang='lat' dir='ltr'><strong>Sidone</strong></span> <span class='ocrx_word' id='word_1_137' title='bbox 390 1681 575 1728; x_wconf 76' lang='lat' dir='ltr'><strong>profeclus.</strong></span> <span class='ocrx_word' id='word_1_138' title='bbox 590 1681 694 1717; x_wconf 83' lang='lat' dir='ltr'><strong>Adde</strong></span> <span class='ocrx_word' id='word_1_139' title='bbox 711 1680 847 1729; x_wconf 81' lang='lat' dir='ltr'><strong>Hygin-</strong></span> 
     </span>
     <span class='ocr_line' id='line_1_24' title="bbox 162 1735 845 1782; baseline -0.006 -12"><span class='ocrx_word' id='word_1_140' title='bbox 162 1735 232 1770; x_wconf 85' lang='lat' dir='ltr'><strong>fab.</strong></span> <span class='ocrx_word' id='word_1_141' title='bbox 251 1736 324 1782; x_wconf 82' lang='lat'><strong>178.</strong></span> <span class='ocrx_word' id='word_1_142' title='bbox 842 1744 845 1748; x_wconf 91' lang='lat'>·</span> 
     </span>
    </p>
   </div>
   <div class='ocr_carea' id='block_1_12' title="bbox 205 1785 849 1830">
    <p class='ocr_par' dir='ltr' id='par_1_12' title="bbox 205 1785 849 1830">
     <span class='ocr_line' id='line_1_25' title="bbox 205 1785 849 1830; baseline -0.005 -8"><span class='ocrx_word' id='word_1_143' title='bbox 205 1787 282 1830; x_wconf 77' lang='lat'><strong>846.</strong></span> <span class='ocrx_word' id='word_1_144' title='bbox 300 1787 376 1822; x_wconf 81' lang='lat' dir='ltr'><strong>Non</strong></span> <span class='ocrx_word' id='word_1_145' title='bbox 391 1788 473 1821; x_wconf 83' lang='lat' dir='ltr'><strong>bene</strong></span> <span class='ocrx_word' id='word_1_146' title='bbox 487 1788 695 1821; x_wconf 75' lang='lat' dir='ltr'><strong>conveniunt.</strong></span> <span class='ocrx_word' id='word_1_147' title='bbox 713 1785 849 1820; x_wconf 90' lang='lat' dir='ltr'><strong>Miram</strong></span> 
     </span>
    </p>
   </div>
   <div class='ocr_carea' id='block_1_13' title="bbox 116 1840 849 1876">
    <p class='ocr_par' dir='ltr' id='par_1_13' title="bbox 116 1840 849 1876">
     <span class='ocr_line' id='line_1_26' title="bbox 116 1840 849 1876; baseline -0.001 -1"><span class='ocrx_word' id='word_1_148' title='bbox 116 1872 118 1875; x_wconf 84' lang='lat'><strong>.</strong></span> <span class='ocrx_word' id='word_1_149' title='bbox 162 1840 724 1876; x_wconf 76' lang='lat' dir='ltr'><strong>transformationemnarraturus</strong></span> <span class='ocrx_word' id='word_1_150' title='bbox 734 1846 770 1874; x_wconf 89' lang='lat' dir='ltr'><strong>et</strong></span> <span class='ocrx_word' id='word_1_151' title='bbox 778 1852 849 1874; x_wconf 89' lang='lat' dir='ltr'><strong>am-</strong></span> 
     </span>
    </p>
   </div>
   <div class='ocr_carea' id='block_1_14' title="bbox 164 1892 859 2832">
    <p class='ocr_par' dir='ltr' id='par_1_14' title="bbox 164 1892 858 2518">
     <span class='ocr_line' id='line_1_27' title="bbox 164 1892 849 1939; baseline -0.001 -12"><span class='ocrx_word' id='word_1_152' title='bbox 164 1892 398 1939; x_wconf 74' lang='lat' dir='ltr'><strong>plificaturus,</strong></span> <span class='ocrx_word' id='word_1_153' title='bbox 422 1892 604 1938; x_wconf 68' lang='lat' dir='ltr'><strong>praemittit</strong></span> <span class='ocrx_word' id='word_1_154' title='bbox 624 1892 849 1927; x_wconf 88' lang='lat' dir='ltr'><strong>sententiam.</strong></span> 
     </span>
     <span class='ocr_line' id='line_1_28' title="bbox 166 1944 850 1991; baseline -0.003 -11"><span class='ocrx_word' id='word_1_155' title='bbox 166 1962 210 1971; x_wconf 88' lang='lat'><strong>—</strong></span> <span class='ocrx_word' id='word_1_156' title='bbox 219 1945 338 1986; x_wconf 81' lang='lat' dir='ltr'><strong>Sedes,</strong></span> <span class='ocrx_word' id='word_1_157' title='bbox 355 1957 506 1991; x_wconf 85' lang='lat' dir='ltr'><strong>persona</strong></span> <span class='ocrx_word' id='word_1_158' title='bbox 516 1970 526 1987; x_wconf 92' lang='lat'>‚</span> <span class='ocrx_word' id='word_1_159' title='bbox 540 1944 750 1988; x_wconf 76' lang='lat' dir='ltr'><strong>subiectum.</strong></span> <span class='ocrx_word' id='word_1_160' title='bbox 761 1945 850 1979; x_wconf 85' lang='lat' dir='ltr'><strong>Her.</strong></span> 
     </span>
     <span class='ocr_line' id='line_1_29' title="bbox 168 1997 857 2045; baseline -0.001 -13"><span class='ocrx_word' id='word_1_161' title='bbox 168 2009 249 2033; x_wconf 79' lang='lat' dir='ltr'><strong>xlx.</strong></span> <span class='ocrx_word' id='word_1_162' title='bbox 269 1998 331 2045; x_wconf 85' lang='lat'><strong>173</strong></span> <span class='ocrx_word' id='word_1_163' title='bbox 349 2011 358 2033; x_wconf 90' lang='lat'>:</span> <span class='ocrx_word' id='word_1_164' title='bbox 379 1999 476 2032; x_wconf 82' lang='lat' dir='ltr'><strong>Male</strong></span> <span class='ocrx_word' id='word_1_165' title='bbox 486 2010 539 2032; x_wconf 82' lang='lat' dir='ltr'><strong>res</strong></span> <span class='ocrx_word' id='word_1_166' title='bbox 543 1997 694 2042; x_wconf 73' lang='lat' dir='ltr'><strong>juncte,</strong></span> <span class='ocrx_word' id='word_1_167' title='bbox 715 1999 857 2032; x_wconf 73' lang='lat' dir='ltr'><strong>calore!</strong></span> 
     </span>
     <span class='ocr_line' id='line_1_30' title="bbox 168 2048 852 2095; baseline -0.004 -10"><span class='ocrx_word' id='word_1_168' title='bbox 168 2053 350 2086; x_wconf 67' lang='lat' dir='ltr'><strong>merentis</strong></span> <span class='ocrx_word' id='word_1_169' title='bbox 376 2054 542 2095; x_wconf 67' lang='lat' dir='ltr'><strong>pugnant.</strong></span> <span class='ocrx_word' id='word_1_170' title='bbox 577 2048 729 2094; x_wconf 84' lang='lat' dir='ltr'><strong>Quintil.</strong></span> <span class='ocrx_word' id='word_1_171' title='bbox 752 2048 852 2084; x_wconf 71' lang='lat' dir='ltr'><strong>Decl.</strong></span> 
     </span>
     <span class='ocr_line' id='line_1_31' title="bbox 174 2102 853 2149; baseline -0.004 -9"><span class='ocrx_word' id='word_1_172' title='bbox 174 2118 213 2140; x_wconf 65' lang='grc' dir='ltr'><strong>ια</strong></span> <span class='ocrx_word' id='word_1_173' title='bbox 230 2118 317 2141; x_wconf 85' lang='lat' dir='ltr'><em>:non</em></span> <span class='ocrx_word' id='word_1_174' title='bbox 325 2107 484 2140; x_wconf 76' lang='lat' dir='ltr'><strong>habitan!</strong></span> <span class='ocrx_word' id='word_1_175' title='bbox 492 2118 560 2139; x_wconf 84' lang='lat' dir='ltr'><strong>uua</strong></span> <span class='ocrx_word' id='word_1_176' title='bbox 567 2106 679 2149; x_wconf 81' lang='lat' dir='ltr'><strong>pudor</strong></span> <span class='ocrx_word' id='word_1_177' title='bbox 690 2102 853 2148; x_wconf 75' lang='lat' dir='ltr'><strong>elsames.</strong></span> 
     </span>
     <span class='ocr_line' id='line_1_32' title="bbox 172 2155 854 2203; baseline -0.003 -11"><span class='ocrx_word' id='word_1_178' title='bbox 172 2157 291 2203; x_wconf 82' lang='lat' dir='ltr'><strong>Atque</strong></span> <span class='ocrx_word' id='word_1_179' title='bbox 307 2157 412 2192; x_wconf 85' lang='lat' dir='ltr'><strong>etiam</strong></span> <span class='ocrx_word' id='word_1_180' title='bbox 428 2161 567 2194; x_wconf 84' lang='lat' dir='ltr'><strong>morari,</strong></span> <span class='ocrx_word' id='word_1_181' title='bbox 592 2156 629 2191; x_wconf 89' lang='lat' dir='ltr'><strong>id</strong></span> <span class='ocrx_word' id='word_1_182' title='bbox 646 2163 718 2199; x_wconf 87' lang='lat' dir='ltr'><strong>est,</strong></span> <span class='ocrx_word' id='word_1_183' title='bbox 747 2155 854 2191; x_wconf 87' lang='lat' dir='ltr'><strong>habi-</strong></span> 
     </span>
     <span class='ocr_line' id='line_1_33' title="bbox 172 2208 855 2256; baseline -0.004 -12"><span class='ocrx_word' id='word_1_184' title='bbox 172 2216 259 2244; x_wconf 85' lang='lat' dir='ltr'><strong>tare.</strong></span> <span class='ocrx_word' id='word_1_185' title='bbox 281 2209 451 2244; x_wconf 85' lang='lat' dir='ltr'><strong>Munker.</strong></span> <span class='ocrx_word' id='word_1_186' title='bbox 473 2208 518 2244; x_wconf 82' lang='lat' dir='ltr'><strong>ad</strong></span> <span class='ocrx_word' id='word_1_187' title='bbox 546 2208 679 2256; x_wconf 85' lang='lat' dir='ltr'><strong>Hygin.</strong></span> <span class='ocrx_word' id='word_1_188' title='bbox 700 2208 768 2243; x_wconf 87' lang='lat' dir='ltr'><strong>sab.</strong></span> <span class='ocrx_word' id='word_1_189' title='bbox 794 2219 855 2242; x_wconf 73' lang='grc' dir='ltr'><strong>ιιι.</strong></span> 
     </span>
     <span class='ocr_line' id='line_1_34' title="bbox 174 2260 855 2307; baseline -0.003 -10"><span class='ocrx_word' id='word_1_190' title='bbox 174 2261 366 2307; x_wconf 82' lang='lat' dir='ltr'><strong>Sequentia</strong></span> <span class='ocrx_word' id='word_1_191' title='bbox 376 2261 515 2296; x_wconf 82' lang='lat' dir='ltr'><strong>brevius</strong></span> <span class='ocrx_word' id='word_1_192' title='bbox 527 2273 684 2306; x_wconf 84' lang='lat' dir='ltr'><strong>expressa</strong></span> <span class='ocrx_word' id='word_1_193' title='bbox 694 2261 736 2295; x_wconf 87' lang='lat' dir='ltr'><strong>ab</strong></span> <span class='ocrx_word' id='word_1_194' title='bbox 751 2260 855 2296; x_wconf 84' lang='lat' dir='ltr'><strong>Auct.</strong></span> 
     </span>
     <span class='ocr_line' id='line_1_35' title="bbox 174 2313 856 2360; baseline -0.003 -11"><span class='ocrx_word' id='word_1_195' title='bbox 174 2313 274 2360; x_wconf 79' lang='lat' dir='ltr'><strong>Eleg.</strong></span> <span class='ocrx_word' id='word_1_196' title='bbox 290 2314 326 2348; x_wconf 93' lang='lat' dir='ltr'><strong>in</strong></span> <span class='ocrx_word' id='word_1_197' title='bbox 345 2313 497 2350; x_wconf 89' lang='lat' dir='ltr'><strong>Obitum</strong></span> <span class='ocrx_word' id='word_1_198' title='bbox 514 2313 617 2349; x_wconf 86' lang='lat' dir='ltr'><strong>Maec.</strong></span> <span class='ocrx_word' id='word_1_199' title='bbox 636 2313 679 2347; x_wconf 86' lang='lat'><strong>88</strong></span> <span class='ocrx_word' id='word_1_200' title='bbox 696 2326 704 2348; x_wconf 73' lang='grc' dir='ltr'>ε</span> <span class='ocrx_word' id='word_1_201' title='bbox 726 2314 856 2347; x_wconf 86' lang='lat' dir='ltr'><strong>Domi·—</strong></span> 
     </span>
     <span class='ocr_line' id='line_1_36' title="bbox 172 2367 858 2412; baseline -0.004 -10"><span class='ocrx_word' id='word_1_202' title='bbox 172 2371 277 2402; x_wconf 69' lang='grc' dir='ltr'><em>παίω·</em></span> <span class='ocrx_word' id='word_1_203' title='bbox 293 2367 433 2412; x_wconf 77' lang='lat' dir='ltr'><strong>Olympi</strong></span> <span class='ocrx_word' id='word_1_204' title='bbox 441 2368 581 2401; x_wconf 77' lang='lat' dir='ltr'><strong>Dicitur</strong></span> <span class='ocrx_word' id='word_1_205' title='bbox 590 2370 627 2400; x_wconf 80' lang='lat' dir='ltr'><strong>iu</strong></span> <span class='ocrx_word' id='word_1_206' title='bbox 638 2367 858 2410; x_wconf 83' lang='lat' dir='ltr'><strong>m‘tidumpro-</strong></span> 
     </span>
     <span class='ocr_line' id='line_1_37' title="bbox 173 2418 857 2463; baseline 0 -10"><span class='ocrx_word' id='word_1_207' title='bbox 173 2421 328 2454; x_wconf 62' lang='lat' dir='ltr'><strong>cubuisse</strong></span> <span class='ocrx_word' id='word_1_208' title='bbox 353 2421 477 2454; x_wconf 68' lang='lat' dir='ltr'><strong>bovem.</strong></span> <span class='ocrx_word' id='word_1_209' title='bbox 507 2419 734 2463; x_wconf 78' lang='lat' dir='ltr'><strong>Maiestatem</strong></span> <span class='ocrx_word' id='word_1_210' title='bbox 758 2418 857 2453; x_wconf 81' lang='lat' dir='ltr'><strong>Jovis</strong></span> 
     </span>
     <span class='ocr_line' id='line_1_38' title="bbox 176 2472 604 2518; baseline 0 -11"><span class='ocrx_word' id='word_1_211' title='bbox 176 2472 233 2508; x_wconf 83' lang='lat' dir='ltr'><strong>hic</strong></span> <span class='ocrx_word' id='word_1_212' title='bbox 249 2473 412 2518; x_wconf 80' lang='lat' dir='ltr'><strong>praeclare</strong></span> <span class='ocrx_word' id='word_1_213' title='bbox 430 2473 604 2508; x_wconf 83' lang='lat' dir='ltr'><strong>describit.</strong></span> 
     </span>
    </p>

    <p class='ocr_par' dir='ltr' id='par_1_15' title="bbox 176 2524 859 2832">
     <span class='ocr_line' id='line_1_39' title="bbox 221 2524 858 2569; baseline 0.002 -10"><span class='ocrx_word' id='word_1_214' title='bbox 221 2524 297 2568; x_wconf 82' lang='lat'><strong>848.</strong></span> <span class='ocrx_word' id='word_1_215' title='bbox 312 2526 385 2560; x_wconf 87' lang='lat' dir='ltr'><strong>Ille.</strong></span> <span class='ocrx_word' id='word_1_216' title='bbox 397 2525 607 2560; x_wconf 85' lang='lat' dir='ltr'><strong>Gebhardus</strong></span> <span class='ocrx_word' id='word_1_217' title='bbox 616 2525 768 2560; x_wconf 87' lang='lat' dir='ltr'><strong>malebat</strong></span> <span class='ocrx_word' id='word_1_218' title='bbox 778 2527 858 2569; x_wconf 76' lang='lat' dir='ltr'><strong>ipse.</strong></span> 
     </span>
     <span class='ocr_line' id='line_1_40' title="bbox 177 2577 859 2624; baseline 0.004 -14"><span class='ocrx_word' id='word_1_219' title='bbox 177 2577 242 2611; x_wconf 84' lang='lat' dir='ltr'><strong>Ille</strong></span> <span class='ocrx_word' id='word_1_220' title='bbox 259 2577 351 2612; x_wconf 90' lang='lat' dir='ltr'><strong>bene</strong></span> <span class='ocrx_word' id='word_1_221' title='bbox 369 2577 514 2612; x_wconf 83' lang='lat' dir='ltr'><strong>inservit</strong></span> <span class='ocrx_word' id='word_1_222' title='bbox 533 2577 771 2624; x_wconf 83' lang='lat' dir='ltr'><strong>magnitudini</strong></span> <span class='ocrx_word' id='word_1_223' title='bbox 788 2577 859 2613; x_wconf 87' lang='lat' dir='ltr'><strong>de-</strong></span> 
     </span>
     <span class='ocr_line' id='line_1_41' title="bbox 176 2630 859 2677; baseline 0.003 -12"><span class='ocrx_word' id='word_1_224' title='bbox 176 2630 360 2666; x_wconf 80' lang='lat' dir='ltr'><strong>clarandae.</strong></span> <span class='ocrx_word' id='word_1_225' title='bbox 375 2631 498 2677; x_wconf 88' lang='lat' dir='ltr'><strong>Virgil.</strong></span> <span class='ocrx_word' id='word_1_226' title='bbox 509 2632 651 2667; x_wconf 88' lang='lat' dir='ltr'><strong>AEneid.</strong></span> <span class='ocrx_word' id='word_1_227' title='bbox 665 2633 738 2667; x_wconf 92' lang='lat' dir='ltr'><strong>VII</strong></span> <span class='ocrx_word' id='word_1_228' title='bbox 751 2659 761 2676; x_wconf 88' lang='lat'>‚</span> <span class='ocrx_word' id='word_1_229' title='bbox 779 2645 859 2668; x_wconf 85' lang='lat'>110:</span> 
     </span>
     <span class='ocr_line' id='line_1_42' title="bbox 177 2683 859 2727; baseline 0.001 -10"><span class='ocrx_word' id='word_1_230' title='bbox 177 2686 230 2718; x_wconf 79' lang='lat' dir='ltr'><strong>sic</strong></span> <span class='ocrx_word' id='word_1_231' title='bbox 239 2684 375 2727; x_wconf 78' lang='lat' dir='ltr'><strong>Jupiter</strong></span> <span class='ocrx_word' id='word_1_232' title='bbox 381 2685 441 2716; x_wconf 76' lang='lat' dir='ltr'><strong>ille</strong></span> <span class='ocrx_word' id='word_1_233' title='bbox 450 2686 614 2719; x_wconf 82' lang='lat' dir='ltr'><strong>monebat.</strong></span> <span class='ocrx_word' id='word_1_234' title='bbox 625 2683 740 2718; x_wconf 87' lang='lat' dir='ltr'><strong>Tibul.</strong></span> <span class='ocrx_word' id='word_1_235' title='bbox 754 2684 771 2718; x_wconf 93' lang='lat' dir='ltr'>I</span> <span class='ocrx_word' id='word_1_236' title='bbox 781 2710 790 2727; x_wconf 87' lang='lat'>,</span> <span class='ocrx_word' id='word_1_237' title='bbox 801 2695 840 2718; x_wconf 84' lang='lat' dir='ltr'><strong>lv</strong></span> <span class='ocrx_word' id='word_1_238' title='bbox 850 2709 859 2727; x_wconf 88' lang='lat'>,</span> 
     </span>
     <span class='ocr_line' id='line_1_43' title="bbox 183 2734 859 2782; baseline 0.003 -14"><span class='ocrx_word' id='word_1_239' title='bbox 183 2747 224 2782; x_wconf 78' lang='lat'><strong>¹9</strong></span> <span class='ocrx_word' id='word_1_240' title='bbox 234 2746 244 2768; x_wconf 72' lang='grc' dir='ltr'>ι</span> <span class='ocrx_word' id='word_1_241' title='bbox 257 2735 535 2780; x_wconf 78' lang='lat' dir='ltr'><strong>Veluilpulerille</strong></span> <span class='ocrx_word' id='word_1_242' title='bbox 544 2737 665 2771; x_wconf 77' lang='lat' dir='ltr'><strong>valere.</strong></span> <span class='ocrx_word' id='word_1_243' title='bbox 677 2734 782 2770; x_wconf 88' lang='lat' dir='ltr'><strong>Silius</strong></span> <span class='ocrx_word' id='word_1_244' title='bbox 792 2735 859 2775; x_wconf 88' lang='grc' dir='ltr'>ΙΙΙ,</span> 
     </span>
     <span class='ocr_line' id='line_1_44' title="bbox 185 2786 855 2832; baseline 0.006 -12"><span class='ocrx_word' id='word_1_245' title='bbox 185 2786 243 2821; x_wconf 86' lang='lat'><strong>181</strong></span> <span class='ocrx_word' id='word_1_246' title='bbox 257 2811 268 2831; x_wconf 89' lang='lat'>‚</span> <span class='ocrx_word' id='word_1_247' title='bbox 293 2792 405 2822; x_wconf 78' lang='lat' dir='ltr'><strong>monet</strong></span> <span class='ocrx_word' id='word_1_248' title='bbox 419 2789 482 2823; x_wconf 83' lang='lat' dir='ltr'><strong>hoc</strong></span> <span class='ocrx_word' id='word_1_249' title='bbox 496 2793 598 2832; x_wconf 82' lang='lat' dir='ltr'><strong>paler</strong></span> <span class='ocrx_word' id='word_1_250' title='bbox 616 2790 676 2823; x_wconf 80' lang='lat' dir='ltr'><strong>ille</strong></span> <span class='ocrx_word' id='word_1_251' title='bbox 689 2789 835 2824; x_wconf 81' lang='lat' dir='ltr'><strong>Deorum</strong></span> <span class='ocrx_word' id='word_1_252' title='bbox 845 2814 855 2830; x_wconf 85' lang='lat'><em>,</em></span> 
     </span>
    </p>
   </div>
   <div class='ocr_carea' id='block_1_15' title="bbox 905 1199 1597 1512">
    <p class='ocr_par' dir='ltr' id='par_1_16' title="bbox 905 1199 1597 1512">
     <span class='ocr_line' id='line_1_45' title="bbox 905 1199 1590 1242; baseline -0.016 0"><span class='ocrx_word' id='word_1_253' title='bbox 905 1207 965 1242; x_wconf 90' lang='lat' dir='ltr'><strong>ubi</strong></span> <span class='ocrx_word' id='word_1_254' title='bbox 978 1204 1159 1241; x_wconf 80' lang='lat' dir='ltr'><strong>Drakenb.</strong></span> <span class='ocrx_word' id='word_1_255' title='bbox 1177 1202 1284 1238; x_wconf 85' lang='lat' dir='ltr'><strong>etiam</strong></span> <span class='ocrx_word' id='word_1_256' title='bbox 1300 1199 1336 1236; x_wconf 86' lang='lat' dir='ltr'><strong>h.</strong></span> <span class='ocrx_word' id='word_1_257' title='bbox 1349 1199 1371 1235; x_wconf 92' lang='lat' dir='ltr'><strong>l.</strong></span> <span class='ocrx_word' id='word_1_258' title='bbox 1385 1201 1445 1234; x_wconf 78' lang='lat' dir='ltr'><strong>ille</strong></span> <span class='ocrx_word' id='word_1_259' title='bbox 1459 1203 1590 1233; x_wconf 88' lang='lat' dir='ltr'><strong>tuetur.</strong></span> 
     </span>
     <span class='ocr_line' id='line_1_46' title="bbox 909 1249 1594 1304; baseline -0.016 -10"><span class='ocrx_word' id='word_1_260' title='bbox 909 1260 1128 1304; x_wconf 86' lang='lat' dir='ltr'><strong>Quanquam</strong></span> <span class='ocrx_word' id='word_1_261' title='bbox 1151 1269 1219 1290; x_wconf 89' lang='lat' dir='ltr'><strong>nec</strong></span> <span class='ocrx_word' id='word_1_262' title='bbox 1241 1257 1336 1299; x_wconf 80' lang='lat' dir='ltr'><strong>ipse,</strong></span> <span class='ocrx_word' id='word_1_263' title='bbox 1365 1250 1462 1297; x_wconf 87' lang='lat' dir='ltr'><strong>quod</strong></span> <span class='ocrx_word' id='word_1_264' title='bbox 1489 1249 1594 1284; x_wconf 83' lang='lat' dir='ltr'><strong>Geb-</strong></span> 
     </span>
     <span class='ocr_line' id='line_1_47' title="bbox 906 1302 1594 1352; baseline -0.016 -5"><span class='ocrx_word' id='word_1_265' title='bbox 906 1311 1039 1347; x_wconf 81' lang='lat' dir='ltr'><strong>hardus</strong></span> <span class='ocrx_word' id='word_1_266' title='bbox 1051 1309 1204 1345; x_wconf 89' lang='lat' dir='ltr'><strong>malebat</strong></span> <span class='ocrx_word' id='word_1_267' title='bbox 1215 1334 1225 1352; x_wconf 92' lang='lat'>,</span> <span class='ocrx_word' id='word_1_268' title='bbox 1246 1306 1402 1342; x_wconf 78' lang='lat' dir='ltr'><strong>deterius</strong></span> <span class='ocrx_word' id='word_1_269' title='bbox 1411 1310 1472 1339; x_wconf 89' lang='lat' dir='ltr'><strong>est.</strong></span> <span class='ocrx_word' id='word_1_270' title='bbox 1489 1303 1538 1338; x_wconf 90' lang='lat' dir='ltr'><strong>Et</strong></span> <span class='ocrx_word' id='word_1_271' title='bbox 1548 1302 1594 1337; x_wconf 77' lang='lat' dir='ltr'><strong>sic</strong></span> 
     </span>
     <span class='ocr_line' id='line_1_48' title="bbox 911 1357 1592 1407; baseline -0.016 -8"><span class='ocrx_word' id='word_1_272' title='bbox 911 1364 1037 1399; x_wconf 90' lang='lat' dir='ltr'><strong>Senec.</strong></span> <span class='ocrx_word' id='word_1_273' title='bbox 1066 1362 1174 1407; x_wconf 88' lang='lat' dir='ltr'><strong>Hipp.</strong></span> <span class='ocrx_word' id='word_1_274' title='bbox 1212 1372 1278 1407; x_wconf 80' lang='lat'><strong>299</strong></span> <span class='ocrx_word' id='word_1_275' title='bbox 1303 1385 1313 1402; x_wconf 93' lang='lat'>,</span> <span class='ocrx_word' id='word_1_276' title='bbox 1344 1357 1404 1392; x_wconf 91' lang='lat' dir='ltr'><strong>ubi</strong></span> <span class='ocrx_word' id='word_1_277' title='bbox 1430 1362 1592 1391; x_wconf 89' lang='lat' dir='ltr'><strong>nostrum</strong></span> 
     </span>
     <span class='ocr_line' id='line_1_49' title="bbox 910 1409 1597 1462; baseline -0.016 -10"><span class='ocrx_word' id='word_1_278' title='bbox 910 1417 975 1452; x_wconf 83' lang='lat' dir='ltr'><strong>loc..</strong></span> <span class='ocrx_word' id='word_1_279' title='bbox 995 1415 1146 1462; x_wconf 87' lang='lat' dir='ltr'><strong>respexit</strong></span> <span class='ocrx_word' id='word_1_280' title='bbox 1165 1426 1175 1448; x_wconf 75' lang='lat' dir='ltr'><strong><em>z</em></strong></span> <span class='ocrx_word' id='word_1_281' title='bbox 1196 1414 1316 1447; x_wconf 78' lang='lat' dir='ltr'><strong>Induit</strong></span> <span class='ocrx_word' id='word_1_282' title='bbox 1316 1409 1454 1455; x_wconf 86' lang='lat' dir='ltr'><strong>formas</strong></span> <span class='ocrx_word' id='word_1_283' title='bbox 1467 1411 1597 1453; x_wconf 79' lang='lat' dir='ltr'><strong>quoties</strong></span> 
     </span>
     <span class='ocr_line' id='line_1_50' title="bbox 908 1464 1596 1512; baseline -0.015 -7"><span class='ocrx_word' id='word_1_284' title='bbox 908 1473 1053 1505; x_wconf 84' lang='lat' dir='ltr'><strong>minores</strong></span> <span class='ocrx_word' id='word_1_285' title='bbox 1066 1495 1076 1512; x_wconf 93' lang='lat'>,</span> <span class='ocrx_word' id='word_1_286' title='bbox 1103 1469 1183 1512; x_wconf 80' lang='lat' dir='ltr'><strong>Ipse</strong></span> <span class='ocrx_word' id='word_1_287' title='bbox 1192 1493 1201 1508; x_wconf 87' lang='lat'><em>,</em></span> <span class='ocrx_word' id='word_1_288' title='bbox 1221 1468 1283 1511; x_wconf 83' lang='lat' dir='ltr'><strong>qui</strong></span> <span class='ocrx_word' id='word_1_289' title='bbox 1298 1466 1415 1499; x_wconf 82' lang='lat' dir='ltr'><strong>caelum</strong></span> <span class='ocrx_word' id='word_1_290' title='bbox 1430 1464 1596 1497; x_wconf 83' lang='lat' dir='ltr'><strong>nebulas-</strong></span> 
     </span>
    </p>
   </div>
   <div class='ocr_carea' id='block_1_16' title="bbox 907 1524 1617 2725">
    <p class='ocr_par' dir='ltr' id='par_1_17' title="bbox 907 1524 1604 1879">
     <span class='ocr_line' id='line_1_51' title="bbox 907 1524 1596 1574; baseline -0.013 -10"><span class='ocrx_word' id='word_1_291' title='bbox 907 1541 971 1574; x_wconf 80' lang='lat' dir='ltr'><strong>que</strong></span> <span class='ocrx_word' id='word_1_292' title='bbox 986 1530 1089 1563; x_wconf 81' lang='lat' dir='ltr'><strong>ducit.</strong></span> <span class='ocrx_word' id='word_1_293' title='bbox 1109 1525 1165 1561; x_wconf 89' lang='lat' dir='ltr'><strong>Cs.</strong></span> <span class='ocrx_word' id='word_1_294' title='bbox 1183 1532 1218 1560; x_wconf 93' lang='lat' dir='ltr'><strong>et</strong></span> <span class='ocrx_word' id='word_1_295' title='bbox 1239 1537 1315 1570; x_wconf 87' lang='lat' dir='ltr'><strong>sqq.</strong></span> <span class='ocrx_word' id='word_1_296' title='bbox 1330 1527 1413 1558; x_wconf 80' lang='lat' dir='ltr'><strong>nutu</strong></span> <span class='ocrx_word' id='word_1_297' title='bbox 1430 1524 1596 1561; x_wconf 67' lang='lat' dir='ltr'><strong>coneum,</strong></span> 
     </span>
     <span class='ocr_line' id='line_1_52' title="bbox 909 1575 1600 1628; baseline -0.012 -12"><span class='ocrx_word' id='word_1_298' title='bbox 909 1588 950 1616; x_wconf 87' lang='lat' dir='ltr'><strong>ut</strong></span> <span class='ocrx_word' id='word_1_299' title='bbox 963 1581 980 1615; x_wconf 91' lang='grc' dir='ltr'>Ι</span> <span class='ocrx_word' id='word_1_300' title='bbox 992 1606 1002 1625; x_wconf 89' lang='grc'>,</span> <span class='ocrx_word' id='word_1_301' title='bbox 1024 1594 1036 1615; x_wconf 80' lang='lat'>1</span> <span class='ocrx_word' id='word_1_302' title='bbox 1045 1593 1100 1628; x_wconf 80' lang='lat'><strong>79,</strong></span> <span class='ocrx_word' id='word_1_303' title='bbox 1112 1578 1172 1613; x_wconf 90' lang='lat' dir='ltr'><strong>ubi</strong></span> <span class='ocrx_word' id='word_1_304' title='bbox 1181 1578 1250 1614; x_wconf 85' lang='lat' dir='ltr'><strong>vid.</strong></span> <span class='ocrx_word' id='word_1_305' title='bbox 1261 1583 1336 1612; x_wconf 85' lang='lat' dir='ltr'><strong>not.</strong></span> <span class='ocrx_word' id='word_1_306' title='bbox 1346 1577 1454 1612; x_wconf 83' lang='lat' dir='ltr'><strong>Forte</strong></span> <span class='ocrx_word' id='word_1_307' title='bbox 1468 1575 1600 1611; x_wconf 80' lang='lat' dir='ltr'><strong>Nostro</strong></span> 
     </span>
     <span class='ocr_line' id='line_1_53' title="bbox 910 1629 1598 1670; baseline -0.01 0"><span class='ocrx_word' id='word_1_308' title='bbox 910 1634 985 1670; x_wconf 85' lang='lat' dir='ltr'><strong>haec</strong></span> <span class='ocrx_word' id='word_1_309' title='bbox 1001 1632 1168 1669; x_wconf 86' lang='lat' dir='ltr'><strong>scribenti</strong></span> <span class='ocrx_word' id='word_1_310' title='bbox 1190 1632 1228 1666; x_wconf 91' lang='lat' dir='ltr'><strong>in</strong></span> <span class='ocrx_word' id='word_1_311' title='bbox 1251 1631 1372 1666; x_wconf 82' lang='lat' dir='ltr'><strong>animo</strong></span> <span class='ocrx_word' id='word_1_312' title='bbox 1394 1629 1598 1665; x_wconf 82' lang='lat' dir='ltr'><strong>versabatur</strong></span> 
     </span>
     <span class='ocr_line' id='line_1_54' title="bbox 911 1681 1600 1728; baseline -0.01 -6"><span class='ocrx_word' id='word_1_313' title='bbox 911 1687 1060 1722; x_wconf 75' lang='lat' dir='ltr'><strong>Terent.</strong></span> <span class='ocrx_word' id='word_1_314' title='bbox 1074 1685 1167 1720; x_wconf 88' lang='lat' dir='ltr'><strong>Eun.</strong></span> <span class='ocrx_word' id='word_1_315' title='bbox 1181 1684 1237 1720; x_wconf 92' lang='lat' dir='ltr'><strong>III</strong></span> <span class='ocrx_word' id='word_1_316' title='bbox 1251 1710 1260 1728; x_wconf 92' lang='lat'>,</span> <span class='ocrx_word' id='word_1_317' title='bbox 1278 1694 1316 1728; x_wconf 81' lang='lat' dir='ltr'><strong>v,</strong></span> <span class='ocrx_word' id='word_1_318' title='bbox 1333 1684 1374 1727; x_wconf 79' lang='lat'><strong>42</strong></span> <span class='ocrx_word' id='word_1_319' title='bbox 1384 1708 1395 1727; x_wconf 89' lang='lat'><strong>‚</strong></span> <span class='ocrx_word' id='word_1_320' title='bbox 1407 1682 1451 1717; x_wconf 88' lang='lat' dir='ltr'><strong>de</strong></span> <span class='ocrx_word' id='word_1_321' title='bbox 1462 1682 1553 1716; x_wconf 86' lang='lat' dir='ltr'><strong>Jove</strong></span> <span class='ocrx_word' id='word_1_322' title='bbox 1562 1681 1600 1715; x_wconf 91' lang='lat' dir='ltr'><strong>in</strong></span> 
     </span>
     <span class='ocr_line' id='line_1_55' title="bbox 912 1735 1600 1786; baseline -0.009 -12"><span class='ocrx_word' id='word_1_323' title='bbox 912 1739 1068 1786; x_wconf 85' lang='lat' dir='ltr'><strong>pluviam</strong></span> <span class='ocrx_word' id='word_1_324' title='bbox 1080 1749 1226 1773; x_wconf 88' lang='lat' dir='ltr'><strong>auream</strong></span> <span class='ocrx_word' id='word_1_325' title='bbox 1238 1747 1409 1771; x_wconf 70' lang='lat' dir='ltr'><strong>converso</strong></span> <span class='ocrx_word' id='word_1_326' title='bbox 1423 1747 1432 1769; x_wconf 74' lang='grc' dir='ltr'>ε</span> <span class='ocrx_word' id='word_1_327' title='bbox 1446 1735 1499 1770; x_wconf 85' lang='lat' dir='ltr'><strong>At</strong></span> <span class='ocrx_word' id='word_1_328' title='bbox 1505 1747 1600 1779; x_wconf 85' lang='lat' dir='ltr'><strong>quem</strong></span> 
     </span>
     <span class='ocr_line' id='line_1_56' title="bbox 911 1790 1604 1836; baseline -0.01 -9"><span class='ocrx_word' id='word_1_329' title='bbox 911 1793 1025 1827; x_wconf 87' lang='lat' dir='ltr'><strong>Deum</strong></span> <span class='ocrx_word' id='word_1_330' title='bbox 1039 1791 1049 1826; x_wconf 80' lang='lat'><strong>,¹</strong></span> <span class='ocrx_word' id='word_1_331' title='bbox 1063 1793 1126 1836; x_wconf 85' lang='lat' dir='ltr'><strong>qui</strong></span> <span class='ocrx_word' id='word_1_332' title='bbox 1130 1792 1255 1834; x_wconf 78' lang='lat' dir='ltr'><strong>templa</strong></span> <span class='ocrx_word' id='word_1_333' title='bbox 1266 1791 1483 1824; x_wconf 81' lang='lat' dir='ltr'><strong>coelisumma</strong></span> <span class='ocrx_word' id='word_1_334' title='bbox 1490 1790 1604 1822; x_wconf 73' lang='lat' dir='ltr'><strong>sonitu</strong></span> 
     </span>
     <span class='ocr_line' id='line_1_57' title="bbox 916 1847 1077 1879; baseline -0.006 0"><span class='ocrx_word' id='word_1_335' title='bbox 916 1847 1077 1879; x_wconf 77' lang='lat' dir='ltr'><strong>concutit.</strong></span> 
     </span>
    </p>

    <p class='ocr_par' dir='ltr' id='par_1_18' title="bbox 913 1893 1617 2725">
     <span class='ocr_line' id='line_1_58' title="bbox 958 1893 1604 1938; baseline -0.009 -8"><span class='ocrx_word' id='word_1_336' title='bbox 958 1897 1036 1930; x_wconf 87' lang='lat'><strong>850.</strong></span> <span class='ocrx_word' id='word_1_337' title='bbox 1045 1893 1330 1938; x_wconf 79' lang='lat' dir='ltr'><strong>Induilursaciem</strong></span> <span class='ocrx_word' id='word_1_338' title='bbox 1341 1894 1439 1927; x_wconf 77' lang='lat' dir='ltr'><strong>lauri.</strong></span> <span class='ocrx_word' id='word_1_339' title='bbox 1458 1893 1604 1925; x_wconf 84' lang='lat' dir='ltr'><strong>Taurum</strong></span> 
     </span>
     <span class='ocr_line' id='line_1_59' title="bbox 913 1943 1606 1992; baseline -0.007 -10"><span class='ocrx_word' id='word_1_340' title='bbox 913 1948 1016 1982; x_wconf 89' lang='lat' dir='ltr'><strong>illum</strong></span> <span class='ocrx_word' id='word_1_341' title='bbox 1037 1959 1238 1992; x_wconf 86' lang='lat' dir='ltr'><strong>expressum</strong></span> <span class='ocrx_word' id='word_1_342' title='bbox 1259 1945 1357 1980; x_wconf 85' lang='lat' dir='ltr'><strong>vides</strong></span> <span class='ocrx_word' id='word_1_343' title='bbox 1380 1944 1426 1979; x_wconf 76' lang='lat' dir='ltr'><strong>in-</strong></span> <span class='ocrx_word' id='word_1_344' title='bbox 1444 1943 1606 1990; x_wconf 86' lang='lat' dir='ltr'><strong>Lipperti</strong></span> 
     </span>
     <span class='ocr_line' id='line_1_60' title="bbox 916 1996 1603 2047; baseline -0.009 -11"><span class='ocrx_word' id='word_1_345' title='bbox 916 2000 1055 2047; x_wconf 84' lang='lat' dir='ltr'><strong>Dactyl.</strong></span> <span class='ocrx_word' id='word_1_346' title='bbox 1071 2001 1088 2035; x_wconf 92' lang='lat'>1</span> <span class='ocrx_word' id='word_1_347' title='bbox 1100 2025 1110 2043; x_wconf 92' lang='lat'>,</span> <span class='ocrx_word' id='word_1_348' title='bbox 1129 2010 1218 2034; x_wconf 76' lang='lat' dir='ltr'><strong>xxrx</strong></span> <span class='ocrx_word' id='word_1_349' title='bbox 1231 2024 1240 2042; x_wconf 88' lang='lat'>,</span> <span class='ocrx_word' id='word_1_350' title='bbox 1259 1999 1313 2033; x_wconf 84' lang='lat'><strong>30.</strong></span> <span class='ocrx_word' id='word_1_351' title='bbox 1330 1996 1603 2032; x_wconf 87' lang='lat' dir='ltr'><strong>Formositatem</strong></span> 
     </span>
     <span class='ocr_line' id='line_1_61' title="bbox 917 2049 1605 2098; baseline -0.009 -11"><span class='ocrx_word' id='word_1_352' title='bbox 917 2053 993 2098; x_wconf 79' lang='lat' dir='ltr'><strong>ejus</strong></span> <span class='ocrx_word' id='word_1_353' title='bbox 1015 2053 1088 2097; x_wconf 78' lang='lat' dir='ltr'><strong>jam</strong></span> <span class='ocrx_word' id='word_1_354' title='bbox 1115 2050 1310 2086; x_wconf 85' lang='lat' dir='ltr'><strong>describere</strong></span> <span class='ocrx_word' id='word_1_355' title='bbox 1337 2049 1460 2094; x_wconf 87' lang='lat' dir='ltr'><strong>incipit</strong></span> <span class='ocrx_word' id='word_1_356' title='bbox 1474 2062 1483 2091; x_wconf 91' lang='lat'><strong>;</strong></span> <span class='ocrx_word' id='word_1_357' title='bbox 1509 2054 1605 2082; x_wconf 88' lang='lat' dir='ltr'><strong>recte</strong></span> 
     </span>
     <span class='ocr_line' id='line_1_62' title="bbox 916 2099 1607 2150; baseline -0.01 -11"><span class='ocrx_word' id='word_1_358' title='bbox 916 2105 1024 2150; x_wconf 79' lang='lat' dir='ltr'><strong>igitur</strong></span> <span class='ocrx_word' id='word_1_359' title='bbox 1036 2103 1196 2149; x_wconf 87' lang='lat' dir='ltr'><strong>sequitur</strong></span> <span class='ocrx_word' id='word_1_360' title='bbox 1214 2103 1352 2147; x_wconf 79' lang='lat' dir='ltr'><strong>Quippe,</strong></span> <span class='ocrx_word' id='word_1_361' title='bbox 1368 2100 1465 2147; x_wconf 90' lang='lat' dir='ltr'><strong>quod</strong></span> <span class='ocrx_word' id='word_1_362' title='bbox 1480 2099 1607 2135; x_wconf 86' lang='lat' dir='ltr'><strong>Heius.</strong></span> 
     </span>
     <span class='ocr_line' id='line_1_63' title="bbox 917 2153 1607 2197; baseline -0.01 -5"><span class='ocrx_word' id='word_1_363' title='bbox 917 2164 1053 2192; x_wconf 88' lang='lat' dir='ltr'><strong>temere</strong></span> <span class='ocrx_word' id='word_1_364' title='bbox 1063 2162 1242 2191; x_wconf 89' lang='lat' dir='ltr'><strong>mutatum</strong></span> <span class='ocrx_word' id='word_1_365' title='bbox 1254 2154 1393 2189; x_wconf 86' lang='lat' dir='ltr'><strong>volebat</strong></span> <span class='ocrx_word' id='word_1_366' title='bbox 1409 2153 1447 2188; x_wconf 93' lang='lat' dir='ltr'><strong>in</strong></span> <span class='ocrx_word' id='word_1_367' title='bbox 1462 2154 1551 2197; x_wconf 79' lang='lat' dir='ltr'><strong>Ipse.</strong></span> <span class='ocrx_word' id='word_1_368' title='bbox 1562 2170 1607 2177; x_wconf 89' lang='lat'><strong>—·</strong></span> 
     </span>
     <span class='ocr_line' id='line_1_64' title="bbox 922 2208 1610 2255; baseline -0.009 -10"><span class='ocrx_word' id='word_1_369' title='bbox 922 2212 1032 2254; x_wconf 83' lang='lat' dir='ltr'><strong>Quam</strong></span> <span class='ocrx_word' id='word_1_370' title='bbox 1042 2223 1104 2245; x_wconf 85' lang='lat' dir='ltr'><strong>nec</strong></span> <span class='ocrx_word' id='word_1_371' title='bbox 1113 2217 1177 2245; x_wconf 89' lang='lat' dir='ltr'><strong>etc.</strong></span> <span class='ocrx_word' id='word_1_372' title='bbox 1190 2236 1200 2254; x_wconf 89' lang='lat'>,</span> <span class='ocrx_word' id='word_1_373' title='bbox 1213 2208 1323 2255; x_wconf 84' lang='lat' dir='ltr'><strong>qualis</strong></span> <span class='ocrx_word' id='word_1_374' title='bbox 1334 2215 1398 2251; x_wconf 88' lang='lat' dir='ltr'><strong>est,</strong></span> <span class='ocrx_word' id='word_1_375' title='bbox 1409 2219 1521 2253; x_wconf 86' lang='lat' dir='ltr'><strong>quum</strong></span> <span class='ocrx_word' id='word_1_376' title='bbox 1530 2219 1610 2240; x_wconf 91' lang='lat' dir='ltr'><strong>mo-</strong></span> 
     </span>
     <span class='ocr_line' id='line_1_65' title="bbox 920 2258 1609 2308; baseline -0.004 -12"><span class='ocrx_word' id='word_1_377' title='bbox 920 2261 966 2296; x_wconf 89' lang='lat' dir='ltr'><strong>do</strong></span> <span class='ocrx_word' id='word_1_378' title='bbox 981 2262 1025 2298; x_wconf 88' lang='lat' dir='ltr'><strong>de</strong></span> <span class='ocrx_word' id='word_1_379' title='bbox 1043 2262 1127 2297; x_wconf 77' lang='lat' dir='ltr'><strong>caelo</strong></span> <span class='ocrx_word' id='word_1_380' title='bbox 1144 2261 1283 2308; x_wconf 85' lang='lat' dir='ltr'><strong>delapsa</strong></span> <span class='ocrx_word' id='word_1_381' title='bbox 1300 2260 1514 2306; x_wconf 84' lang='lat' dir='ltr'><strong>conspicitur</strong></span> <span class='ocrx_word' id='word_1_382' title='bbox 1528 2258 1609 2302; x_wconf 79' lang='lat'>211,</span> 
     </span>
     <span class='ocr_line' id='line_1_66' title="bbox 920 2313 1610 2364; baseline -0.007 -14"><span class='ocrx_word' id='word_1_383' title='bbox 920 2327 963 2350; x_wconf 87' lang='lat' dir='ltr'><strong>ex</strong></span> <span class='ocrx_word' id='word_1_384' title='bbox 979 2315 1086 2364; x_wconf 75' lang='lat' dir='ltr'><strong>Pom.</strong></span> <span class='ocrx_word' id='word_1_385' title='bbox 1104 2326 1128 2350; x_wconf 84' lang='lat' dir='ltr'><strong>v</strong></span> <span class='ocrx_word' id='word_1_386' title='bbox 1142 2341 1152 2358; x_wconf 86' lang='lat'><strong><em>‚</em></strong></span> <span class='ocrx_word' id='word_1_387' title='bbox 1172 2314 1211 2349; x_wconf 85' lang='lat'><strong>18</strong></span> <span class='ocrx_word' id='word_1_388' title='bbox 1225 2341 1235 2358; x_wconf 89' lang='lat'>,</span> <span class='ocrx_word' id='word_1_389' title='bbox 1253 2327 1320 2348; x_wconf 82' lang='lat' dir='ltr'><strong>non</strong></span> <span class='ocrx_word' id='word_1_390' title='bbox 1335 2315 1473 2348; x_wconf 77' lang='lat' dir='ltr'><strong>calcata</strong></span> <span class='ocrx_word' id='word_1_391' title='bbox 1487 2313 1610 2346; x_wconf 75' lang='lat' dir='ltr'><strong>candi—</strong></span> 
     </span>
     <span class='ocr_line' id='line_1_67' title="bbox 921 2363 1610 2412; baseline -0.007 -9"><span class='ocrx_word' id='word_1_392' title='bbox 921 2370 1018 2404; x_wconf 80' lang='lat' dir='ltr'><strong>diora</strong></span> <span class='ocrx_word' id='word_1_393' title='bbox 1033 2371 1117 2403; x_wconf 74' lang='grc' dir='ltr'><em>πῖνε.</em></span> <span class='ocrx_word' id='word_1_394' title='bbox 1141 2386 1186 2394; x_wconf 88' lang='grc'><strong>·-·</strong></span> <span class='ocrx_word' id='word_1_395' title='bbox 1202 2368 1295 2401; x_wconf 81' lang='lat' dir='ltr'><strong>Duri</strong></span> <span class='ocrx_word' id='word_1_396' title='bbox 1306 2372 1470 2412; x_wconf 82' lang='lat' dir='ltr'><strong>respectu</strong></span> <span class='ocrx_word' id='word_1_397' title='bbox 1485 2363 1610 2399; x_wconf 87' lang='lat' dir='ltr'><strong>molli—</strong></span> 
     </span>
     <span class='ocr_line' id='line_1_68' title="bbox 923 2418 1610 2462; baseline -0.01 -5"><span class='ocrx_word' id='word_1_398' title='bbox 923 2422 1056 2457; x_wconf 83' lang='lat' dir='ltr'><strong>tudinis</strong></span> <span class='ocrx_word' id='word_1_399' title='bbox 1079 2421 1177 2456; x_wconf 80' lang='lat' dir='ltr'><strong>nivis.</strong></span> <span class='ocrx_word' id='word_1_400' title='bbox 1196 2420 1336 2456; x_wconf 85' lang='lat' dir='ltr'><strong>Phaedr.</strong></span> <span class='ocrx_word' id='word_1_401' title='bbox 1357 2420 1393 2462; x_wconf 90' lang='lat'><strong>1,</strong></span> <span class='ocrx_word' id='word_1_402' title='bbox 1422 2418 1489 2453; x_wconf 88' lang='lat' dir='ltr'><strong>sab.</strong></span> <span class='ocrx_word' id='word_1_403' title='bbox 1513 2428 1586 2451; x_wconf 84' lang='lat' dir='ltr'><strong>xxx</strong></span> <span class='ocrx_word' id='word_1_404' title='bbox 1600 2443 1610 2460; x_wconf 93' lang='lat'>,</span> 
     </span>
     <span class='ocr_line' id='line_1_69' title="bbox 931 2474 1617 2519; baseline -0.007 -9"><span class='ocrx_word' id='word_1_405' title='bbox 931 2488 971 2510; x_wconf 87' lang='grc' dir='ltr'><strong>ιο</strong></span> <span class='ocrx_word' id='word_1_406' title='bbox 985 2502 995 2518; x_wconf 91' lang='grc'>,</span> <span class='ocrx_word' id='word_1_407' title='bbox 1026 2475 1069 2510; x_wconf 92' lang='lat' dir='ltr'><strong>de</strong></span> <span class='ocrx_word' id='word_1_408' title='bbox 1093 2482 1195 2510; x_wconf 85' lang='lat' dir='ltr'><strong>tauro</strong></span> <span class='ocrx_word' id='word_1_409' title='bbox 1218 2488 1226 2509; x_wconf 89' lang='lat'>:</span> <span class='ocrx_word' id='word_1_410' title='bbox 1246 2476 1466 2519; x_wconf 80' lang='lat' dir='ltr'><strong>proculcatas</strong></span> <span class='ocrx_word' id='word_1_411' title='bbox 1489 2474 1617 2506; x_wconf 80' lang='lat' dir='ltr'><strong>obteret</strong></span> 
     </span>
     <span class='ocr_line' id='line_1_70' title="bbox 924 2522 1612 2571; baseline -0.007 -9"><span class='ocrx_word' id='word_1_412' title='bbox 924 2530 1007 2562; x_wconf 88' lang='lat' dir='ltr'><strong>duro</strong></span> <span class='ocrx_word' id='word_1_413' title='bbox 1028 2530 1124 2571; x_wconf 81' lang='lat' dir='ltr'><strong>pede.</strong></span> <span class='ocrx_word' id='word_1_414' title='bbox 1146 2546 1192 2553; x_wconf 93' lang='lat'>—</span> <span class='ocrx_word' id='word_1_415' title='bbox 1220 2528 1253 2560; x_wconf 87' lang='lat' dir='ltr'><em>V</em></span> <span class='ocrx_word' id='word_1_416' title='bbox 1249 2529 1373 2570; x_wconf 76' lang='lat' dir='ltr'><strong>esligia</strong></span> <span class='ocrx_word' id='word_1_417' title='bbox 1391 2525 1492 2570; x_wconf 81' lang='lat' dir='ltr'><strong>pedis</strong></span> <span class='ocrx_word' id='word_1_418' title='bbox 1502 2551 1511 2565; x_wconf 90' lang='lat'><em>‚</em></span> <span class='ocrx_word' id='word_1_419' title='bbox 1538 2522 1612 2569; x_wconf 83' lang='lat' dir='ltr'><strong>ipse</strong></span> 
     </span>
     <span class='ocr_line' id='line_1_71' title="bbox 925 2574 1610 2625; baseline -0.009 -11"><span class='ocrx_word' id='word_1_420' title='bbox 925 2592 995 2625; x_wconf 88' lang='lat' dir='ltr'><strong>pes.</strong></span> <span class='ocrx_word' id='word_1_421' title='bbox 1004 2578 1185 2613; x_wconf 74' lang='lat' dir='ltr'><strong>—Auster</strong></span> <span class='ocrx_word' id='word_1_422' title='bbox 1192 2577 1323 2623; x_wconf 84' lang='lat' dir='ltr'><strong>pluvias</strong></span> <span class='ocrx_word' id='word_1_423' title='bbox 1335 2576 1503 2619; x_wconf 86' lang='lat' dir='ltr'><strong>concitat,</strong></span> <span class='ocrx_word' id='word_1_424' title='bbox 1513 2574 1610 2610; x_wconf 85' lang='lat' dir='ltr'><strong>unde</strong></span> 
     </span>
     <span class='ocr_line' id='line_1_72' title="bbox 926 2626 1612 2676; baseline -0.006 -12"><span class='ocrx_word' id='word_1_425' title='bbox 926 2634 1103 2676; x_wconf 79' lang='lat' dir='ltr'><strong>aquaticus</strong></span> <span class='ocrx_word' id='word_1_426' title='bbox 1113 2657 1121 2672; x_wconf 86' lang='lat'><em>‚</em></span> <span class='ocrx_word' id='word_1_427' title='bbox 1141 2629 1351 2664; x_wconf 87' lang='lat' dir='ltr'><strong>vocabulum</strong></span> <span class='ocrx_word' id='word_1_428' title='bbox 1363 2629 1406 2664; x_wconf 85' lang='lat' dir='ltr'><strong>ab</strong></span> <span class='ocrx_word' id='word_1_429' title='bbox 1422 2628 1497 2674; x_wconf 87' lang='lat' dir='ltr'><strong>ipso</strong></span> <span class='ocrx_word' id='word_1_430' title='bbox 1514 2626 1612 2662; x_wconf 80' lang='lat' dir='ltr'><strong>Ovi-</strong></span> 
     </span>
     <span class='ocr_line' id='line_1_73' title="bbox 927 2681 1610 2725; baseline -0.004 -7"><span class='ocrx_word' id='word_1_431' title='bbox 927 2683 986 2718; x_wconf 92' lang='lat' dir='ltr'><strong>dio</strong></span> <span class='ocrx_word' id='word_1_432' title='bbox 1002 2696 1137 2718; x_wconf 87' lang='lat' dir='ltr'><strong>cusum.</strong></span> <span class='ocrx_word' id='word_1_433' title='bbox 1160 2683 1327 2719; x_wconf 85' lang='lat' dir='ltr'><strong>Occurrit</strong></span> <span class='ocrx_word' id='word_1_434' title='bbox 1346 2688 1382 2718; x_wconf 85' lang='lat' dir='ltr'><strong>et</strong></span> <span class='ocrx_word' id='word_1_435' title='bbox 1398 2683 1491 2717; x_wconf 87' lang='lat' dir='ltr'><strong>infra</strong></span> <span class='ocrx_word' id='word_1_436' title='bbox 1503 2707 1513 2725; x_wconf 91' lang='lat'>,</span> <span class='ocrx_word' id='word_1_437' title='bbox 1533 2681 1585 2716; x_wconf 84' lang='lat' dir='ltr'><strong>lx</strong></span> <span class='ocrx_word' id='word_1_438' title='bbox 1600 2707 1610 2723; x_wconf 83' lang='lat'><em>,</em></span> 
     </span>
    </p>
   </div>
   <div class='ocr_carea' id='block_1_17' title="bbox 927 2736 1613 2834">
    <p class='ocr_par' dir='ltr' id='par_1_19' title="bbox 927 2736 1613 2834">
     <span class='ocr_line' id='line_1_74' title="bbox 927 2736 1613 2781; baseline -0.007 -10"><span class='ocrx_word' id='word_1_439' title='bbox 927 2737 991 2780; x_wconf 82' lang='lat'><strong>342</strong></span> <span class='ocrx_word' id='word_1_440' title='bbox 1003 2762 1013 2780; x_wconf 91' lang='lat'>,</span> <span class='ocrx_word' id='word_1_441' title='bbox 1039 2736 1096 2771; x_wconf 91' lang='lat' dir='ltr'><strong>ubi</strong></span> <span class='ocrx_word' id='word_1_442' title='bbox 1111 2739 1272 2781; x_wconf 77' lang='lat' dir='ltr'><strong>aquatica</strong></span> <span class='ocrx_word' id='word_1_443' title='bbox 1288 2739 1375 2771; x_wconf 74' lang='lat' dir='ltr'><em>lotos</em></span> <span class='ocrx_word' id='word_1_444' title='bbox 1386 2762 1396 2779; x_wconf 92' lang='lat'>‚</span> <span class='ocrx_word' id='word_1_445' title='bbox 1423 2746 1502 2781; x_wconf 82' lang='lat' dir='ltr'><strong>quae</strong></span> <span class='ocrx_word' id='word_1_446' title='bbox 1518 2738 1613 2768; x_wconf 87' lang='lat' dir='ltr'><strong>amat</strong></span> 
     </span>
     <span class='ocr_line' id='line_1_75' title="bbox 928 2787 1158 2834; baseline 0 -13"><span class='ocrx_word' id='word_1_447' title='bbox 928 2787 1002 2823; x_wconf 80' lang='lat' dir='ltr'><strong>loca</strong></span> <span class='ocrx_word' id='word_1_448' title='bbox 1019 2800 1158 2834; x_wconf 77' lang='lat' dir='ltr'><strong>aquosa.</strong></span> 
     </span>
    </p>
   </div>
  </div>
 </body>
</html>
