1832 3100
323 248 410 292 DE
450 245 680 290 OPERE
725 244 1430 294 METAMORPHOSEON.
1561 252 1586 297 3

155 339 450 399 aetasincerta‚
462 339 642 406 scripsit
653 333 847 405 Ετεροίων
859 342 1038 401 βίὸλους,
1047 340 1318 391 Callisthenes
1329 342 1588 411 Olynthius,

155 429 412 486 Aristotelis
437 429 641 488 auditor,
673 416 1033 496 Μὲταμορφώσεις,
1061 430 1300 497 Antigonus
1333 432 1560 500 Carystius
1577 473 1588 492 ,

157 524 354 586 tempore
378 517 606 568 Ptolemaei
640 518 950 586 Philadelphi,
983 513 1240 579 Ᾰὶλοιώσεις,
1261 520 1479 570 Nicander
1507 523 1592 571 At·-

158 605 247 657 talo
271 609 317 657 ῙῙ
339 606 520 676 aequalis
549 603 835 675 Ετεροιούμενα
850 646 862 668 ,
897 620 942 658 et
958 608 1207 659 Parthenius
1240 616 1589 675 Μεταμορφώσεις.

156 697 300 747 Erant
332 697 490 757 etiam,
518 698 596 765 qui
636 710 805 747 certum
843 697 931 747 sibi
969 698 1409 748 transformationum
1451 719 1590 763 genus

157 786 452 838 enarrandum
477 799 728 846 sumerent,
771 787 819 836 in
840 787 1006 855 quibus
1030 789 1202 845 BoeuS,
1245 788 1370 854 cujus
1391 789 1594 837 ornitho-

158 875 293 940 gonin
315 875 364 924 id
385 877 566 940 agebat,
592 889 646 926 ut
667 895 767 926 aves
792 896 947 927 omnes
971 877 1107 928 factas
1138 896 1232 927 esse
1257 897 1309 926 ex
1333 878 1592 927 hominibus

157 963 424 1014 ostenderet.
452 969 475 992 *
923 964 927 968 ’

221 1052 309 1103 Sed
345 1052 489 1104 multo
519 1055 661 1121 majus
690 1053 1112 1122 memorabiliusque
1151 1073 1266 1122 opus
1306 1054 1489 1104 molitus
1524 1067 1591 1104 est

160 1138 346 1191 Ovidius·
371 1143 423 1191 Is
447 1120 565 1192 eniin
589 1155 706 1192 recte
729 1143 862 1202 vidit,
887 1142 1053 1192 fabulis
1081 1141 1170 1191 illis
1202 1143 1251 1190 in
1276 1162 1321 1192 se
1342 1143 1559 1192 tenuibus
1575 1181 1587 1202 ,

153 1248 359 1294 magnam
378 1231 508 1280 etiam
534 1242 705 1297 partem
726 1231 892 1298 ineptis
927 1244 1060 1299 atque
1096 1232 1329 1291 absurdis,
1364 1231 1593 1282 illecebras

155 1338 251 1370 esse
264 1320 598 1371 conciliandasa
608 1341 796 1389 poeseos
813 1323 1099 1380 ornamentis,
1112 1342 1137 1370 a
1150 1321 1410 1371 collectione
1427 1342 1593 1382 earum,

158 1407 247 1456 nisi
269 1409 492 1467 omnium,
517 1421 634 1459 certe
658 1410 948 1477 plurimarum
966 1447 978 1468 ‚
1012 1410 1059 1458 in
1086 1429 1224 1459 unum
1260 1429 1425 1477 corpus
1445 1448 1457 1469 ,
1493 1423 1538 1460 et
1569 1430 1592 1459 a

154 1495 363 1546 laudibus
387 1496 588 1545 Deorum
609 1498 887 1566 heroumque
909 1498 1203 1565 interpositis.
1222 1499 1274 1547 Id
1298 1511 1444 1548 autem
1469 1511 1593 1548 tanto

153 1583 336 1647 ingenio
363 1595 573 1650 tantaque
597 1595 690 1632 arte
714 1583 888 1642 effecit,
914 1597 966 1634 ut
981 1585 1238 1634 suavissime
1257 1585 1478 1635 bonarum
1495 1587 1596 1636 lite-

84 1699 87 1702 *
153 1690 303 1721 rarum
329 1671 558 1721 studiosos
589 1671 645 1720 ad
668 1672 1050 1738 metamorphoses
1075 1674 1410 1736 cognoscendas
1431 1675 1589 1724 invitet

153 1771 416 1827 teneatque;
438 1761 549 1828 quin
564 1760 698 1819 adeo,
721 1772 773 1808 ut
786 1798 798 1819 ,
822 1779 873 1808 eo
891 1761 1072 1810 nomine
1092 1762 1245 1811 audito
1259 1801 1271 1821 ,
1298 1763 1488 1812 Ovidius
1504 1776 1595 1812 sta-

154 1849 257 1907 tim,
277 1861 488 1916 tanquam
506 1867 624 1898 unus
642 1868 792 1898 earum
811 1861 989 1908 auctor,
1010 1863 1224 1900 occurrat.
1243 1851 1419 1902 Etenim
1432 1889 1444 1911 ,
1467 1841 1590 1918 quod

155 1937 350 2004 primum
369 1949 457 1997 est,
477 1938 737 1987 innumeros
760 1938 895 2003 hujus
911 1939 1085 2002 generis
1103 1939 1307 2005 mythos,
1324 1951 1444 2006 ¹quot
1459 1959 1591 1989 nemo

154 2027 269 2078 forte
293 2040 394 2078 ante
419 2047 543 2086 eum,
567 2028 767 2094 undique
792 2028 1025 2095 decerptos
1050 2028 1253 2093 collegit.¹
1271 2031 1427 2097 Neque
1457 2050 1592 2097 opera

156 2117 251 2181 ejus
274 2117 392 2167 intra
412 2116 854 2183 metamorphoseon,
880 2135 976 2183 quae
998 2117 1180 2184 proprie
1205 2118 1268 2167 sic
1294 2118 1518 2179 dicuntur,
1537 2120 1595 2168 li·—

155 2204 286 2258 mites
325 2204 551 2261 substitit,
578 2203 656 2252 sed
689 2204 778 2254 sive
800 2204 1094 2272 plenitudinis
1124 2225 1275 2265 causa,
1303 2208 1392 2256 sive
1419 2226 1591 2257 cosmo-

156 2292 314 2353 gonias
333 2291 588 2340 Graecorum
601 2292 860 2359 respiciens,
877 2294 922 2342 in
940 2294 1187 2361 primordio
1208 2295 1355 2363 operis
1376 2296 1590 2359 originem

90 2404 97 2406 >
156 2380 334 2440 mundi,
355 2381 622 2430 creationem
637 2381 853 2442 hominis,
875 2385 1198 2434 successionem
1218 2396 1417 2442 aetatum,
1442 2397 1588 2434 ortum

158 2468 447 2518 animantium
474 2489 528 2519 ex
553 2469 682 2529 lime,
710 2483 754 2520 et
772 2470 890 2543 libro
916 2485 1110 2521 extremo
1130 2472 1270 2520 multa
1285 2466 1591 2539 e'Pytbagorae

158 2556 334 2624 placitis
360 2557 588 2608 adsumsit.
624 2560 756 2609 Unde
778 2579 879 2610 vero
910 2560 1086 2624 singula
1114 2561 1334 2620 hauserit,
1359 2580 1496 2627 quum
1521 2572 1590 2609 tot

199 2711 217 2730 '¹
238 2712 330 2748 Vide
348 2715 553 2751 Mellmanm·
569 2715 773 2753 Commeat.
799 2718 841 2752 de
867 2718 976 2753 causis
994 2725 1029 2753 et
1048 2718 1246 2753 auctoribus
1270 2718 1515 2753 narrationum
1544 2717 1589 2753 de

160 2775 304 2811 mutatis
319 2777 452 2812 formis.
