1832 3100
234 282 288 307 22
748 261 1123 310 PRAEFATIO

231 360 271 405 in
291 358 416 405 latum
435 375 527 424 qua·
544 358 699 407 turbine
717 359 854 407 crescit
868 359 921 407 ab
938 360 1017 406 imo
1031 362 1058 405 ,Ρ
1074 378 1180 416 non,
1196 359 1263 406 III
1275 395 1286 415 ,
1307 356 1420 415 586,
1440 358 1648 424 piscator,

235 443 312 509 qui
338 442 420 494 lino
436 442 591 490 solebat
609 453 649 490 et
667 443 788 491 hamo
812 444 1036 509 Decipere,
1069 452 1110 491 et
1126 442 1283 490 calamo
1305 441 1490 489 salientes
1511 440 1654 489 ducere

226 526 358 591 pisces
375 528 402 571 ,Ρ
433 545 527 573 non
546 563 557 584 ,
584 527 670 574 VII
685 564 697 584 ,
735 525 830 587 624
845 564 856 584 ,
883 526 1076 574 formicae
1098 525 1326 588 frugilegae
1349 524 1508 590 agmine
1536 524 1654 590 longo

225 609 385 675 grande
400 629 500 658 onus
515 610 662 677 exiguo
679 629 747 658 ore
759 621 954 676 gerentes,
978 610 1222 677 Rugosoque
1232 628 1347 657 suum
1363 617 1562 657 servantes
1573 626 1654 656 cor-

233 695 308 742 tice
330 695 472 744 callem
484 698 511 741 P
534 706 631 752 aut,
658 695 790 752 VIII,
823 693 911 760 189
928 732 939 752 ,
972 693 1179 742 Daedalus
1204 692 1292 741 alas
1319 692 1406 740 sibi
1426 691 1607 759 filioque
1632 710 1655 740 e

234 778 392 844 pennis
406 817 417 836 ,
446 778 540 827 lino
561 790 605 827 et
623 798 720 827 cera
737 779 1037 849 componens?
1061 778 1145 826 His
1167 789 1211 826 et
1232 776 1396 826 talibus
1414 777 1657 826 innumeris

235 861 425 929 palmam
441 862 568 911 facile
586 862 718 929 eripit
734 861 1020 929 supellectilis
1035 862 1082 909 in
1101 861 1375 910 Philemonis
1398 881 1494 910 casa
1507 899 1520 919 ,
1545 880 1658 928 epu-

234 945 355 1013 lique
380 948 435 996 ab
462 966 513 995 eo
543 947 685 1013 parati
716 946 968 1013 descriptio.
1008 948 1067 994 Et
1092 946 1168 1012 qui
1194 946 1343 994 tenuia
1366 946 1429 994 sic
1454 946 1627 994 ornavit
1643 982 1656 1004 ,

236 1031 330 1096 ejus
354 1032 581 1094 ingenium
604 1031 734 1079 etiam
755 1030 803 1078 in
821 1029 1064 1095 majoribus
1077 1068 1089 1088 ,
1111 1030 1334 1079 atrocibus
1353 1030 1462 1079 adeo
1481 1029 1655 1079 eminet.

702 1166 713 1176 .
729 1167 739 1177 .
757 1166 767 1175 .
796 1139 919 1178 Tanta
937 1138 1123 1192 vertigine
1144 1146 1289 1192 pontus

344 1206 504 1253 Fervet,
522 1212 560 1243 et
579 1204 732 1243 inducta
751 1204 867 1258 piceis
889 1219 909 1243 e
928 1203 1092 1242 nubibus
1116 1202 1247 1242 umb‘ra

346 1269 472 1308 Omne
492 1270 583 1309 latet
598 1269 732 1309 caelum
756 1269 1017 1322 duplicataque
1036 1268 1161 1308 noctis
1180 1268 1305 1322 imago
1323 1267 1406 1307 est!

345 1332 459 1372 Unda
471 1362 483 1381 ,
501 1330 606 1372 velut
624 1333 759 1372 victrix
771 1363 784 1382 ‚
800 1333 963 1372 sinuatas
983 1332 1141 1385 despicit
1156 1331 1274 1371 undas
1287 1360 1300 1381 ,

344 1400 427 1437 Nec
441 1398 559 1438 levius
572 1427 583 1447 ,
601 1413 713 1451 quam
735 1398 766 1437 si
785 1399 871 1450 quis
891 1397 1027 1437 Athon
1043 1397 1284 1451 Pindumque
1302 1395 1474 1437 revulsos

347 1464 444 1504 Sede
464 1479 529 1504 sua
546 1472 651 1505 totos
675 1465 714 1503 in
734 1473 904 1518 apertum
923 1464 1099 1505 everterit
1115 1477 1250 1516 aequor
1263 1492 1275 1512 ,

348 1530 585 1584 Praecipitata
603 1530 693 1570 ruit.

242 1617 328 1665 Sed
348 1628 470 1665 totus
494 1616 641 1675 locus,
665 1618 753 1674 XI,
776 1615 1016 1683 478-560,
1043 1615 1378 1680 cognoscendus
1402 1625 1493 1672 est3
1526 1613 1664 1686 habet

242 1701 358 1748 enim
380 1701 600 1764 egregiam
612 1691 893 1766 *tempestatis
907 1738 919 1758 ,
946 1700 1084 1748 studii
1115 1711 1348 1748 nautarum
1371 1699 1418 1746 in
1437 1715 1547 1746 nave
1569 1715 1662 1746 ser-

242 1783 406 1843 vanda,
432 1796 476 1833 et
492 1784 708 1848 naufragii
722 1784 1077 1851 descriptionem.
1099 1783 1222 1831 Idem
1239 1782 1488 1846 ingenium,
1514 1779 1665 1828 eadem

242 1866 474 1932 phantasia
488 1867 536 1915 in
558 1867 886 1916 narrationibus
901 1866 1055 1916 elucet.
1083 1868 1190 1914 Non
1207 1866 1279 1914 ille
1298 1864 1666 1915 summatimnar-

243 1961 335 2007 rat,
363 1949 440 1998 sed
464 1951 613 2016 omnia
638 1950 794 1999 ordine
817 1948 1027 2017 explicat,
1053 1960 1104 1997 ut
1135 1960 1184 1996 tu
1214 1948 1385 1996 adstare
1414 1946 1566 2012 reique
1596 1944 1666 1992 in-

245 2044 405 2080 teresse
424 2033 507 2080 tibi
526 2034 732 2092 videaris3
754 2045 796 2082 et
815 2033 852 2081 si
872 2032 980 2100 quid
996 2030 1283 2081 memorabile
1302 2029 1480 2087 incidit,
1506 2028 1554 2076 id
1573 2026 1665 2076 suis

244 2117 391 2183 pingit
414 2116 651 2166 coloribus.
679 2117 892 2183 Daphnes
917 2116 1130 2180 fugientis
1149 2153 1162 2173 ,

544 2246 555 2256 .
572 2245 583 2256 .
600 2245 610 2256 .
644 2217 846 2258 Nudabant
870 2231 1032 2271 corpora
1058 2217 1190 2266 venti,

354 2284 555 2338 Obviaque
569 2285 739 2327 adversas
760 2284 954 2325 vibrabant
978 2285 1124 2323 flamina
1147 2291 1270 2325 vestes
1286 2312 1298 2334 ‚

350 2353 404 2391 Et
420 2351 511 2393 levis
529 2352 698 2405 impexos
719 2359 823 2391 retro
848 2351 957 2390 dabat
974 2365 1062 2391 aura
1082 2350 1251 2404 capillos.

245 2454 305 2500 Et
323 2473 428 2502 mox
451 2454 504 2502 de
527 2474 630 2502 cane
652 2453 794 2520 lepori
817 2454 1032 2511 instante,

355 2557 466 2598 Alter
483 2559 677 2599 inhaesuro
701 2559 852 2610 similis,
880 2561 954 2612 jam
974 2559 1125 2613 jamque
1145 2567 1275 2597 tenere

352 2628 487 2680 Sperat
500 2656 511 2676 ,
527 2635 566 2666 ct
585 2635 740 2667 extento
763 2627 917 2682 stringit
934 2626 1090 2682 vestigia
1107 2633 1235 2665 rostro
1255 2639 1264 2662 :

354 2693 465 2733 Alter
479 2694 518 2732 in
540 2693 719 2748 ambiguo
740 2701 818 2743 est,
835 2708 881 2732 an
904 2693 953 2732 sit
971 2692 1177 2746 deprensus
1191 2721 1202 2740 ,
1225 2698 1262 2729 et
1283 2688 1374 2742 ipsis

352 2758 547 2800 Morsibus
565 2759 745 2813 eripitur,
769 2759 1034 2814 tangentiaque
1052 2771 1118 2798 ora
1132 2755 1326 2808 relinquit.
