1832 3100
241 231 254 258 1
264 218 320 275 98

608 217 658 260 P.
697 217 928 263 OVIDII
963 218 1266 265 NASONIS

230 308 477 357 Edidicisse
498 308 582 358 suit
602 329 612 358 :
634 309 824 359 fatorum
849 329 1006 361 arcana
1027 313 1221 361 canebat.

230 387 352 448 Ergo
377 386 456 435 ubi
476 387 689 436 vaticinos
708 389 912 455 concepit
932 401 1078 438 mente
1102 389 1272 439 furores
1286 428 1298 446 ‚

1574 406 1644 451 640

230 464 504 532 Incaluitque
529 467 651 524 Deo,
679 486 810 533 quem
833 466 1030 515 clausum
1053 479 1231 533 pectore
1254 467 1471 526 habebat,

229 541 436 608 Adspicit
459 542 669 591 infantem
688 562 698 601 ;
731 566 754 586 «
781 544 974 610 Totique
997 543 1194 593 salutifer
1214 545 1311 592 orbi

233 639 257 660 >›
286 618 466 677 Cresce,
493 638 624 685 puer,
652 619 793 668 dixit:
817 620 900 668 tibi
922 639 967 669 se
990 620 1191 669 mortalia
1209 639 1322 687 saepe

231 715 255 736 >›
285 695 484 761 Corpora
504 696 733 746 debebunt
753 717 763 746 :
785 698 950 747 animas
972 699 1056 747 tibi
1078 698 1258 748 reddere
1282 699 1474 749 ademtas

232 793 255 814 »
282 773 366 821 Fas
387 773 490 831 erit;
516 774 650 840 idque
675 774 808 824 semel
830 775 912 825 Dis
939 776 1275 838 indignantibus
1297 795 1456 834 ausus,

225 902 361 948 ingrata
386 903 545 948 ejusdem
569 904 646 938 soni
675 905 838 950 repetitio
865 905 903 940 in

225 968 354 989 arcana
369 959 520 990 canebat.
539 956 609 990 Sed
622 957 699 991 vide
715 957 757 991 ad
771 958 787 992 I
801 984 811 1002 ‚
830 972 904 1006 299·

224 1025 269 1033 -—
285 1008 488 1045 Edt'dtktlrse.
511 1007 639 1042 Noster
661 1008 728 1043 hoc
743 1010 900 1044 vocabu-

223 1059 300 1094 lum
321 1059 522 1105 frequentat
545 1072 633 1105 pro,
658 1059 788 1095 discere
802 1087 811 1105 ‚
841 1074 902 1095 co-

225 1124 391 1157 gnoscere
411 1137 420 1154 ,
450 1111 521 1147 VII
537 1138 547 1154 ,
575 1126 640 1160 99;
667 1113 783 1156 XIII,
813 1112 898 1157 246;

226 1163 374 1198 Heroid.
390 1163 461 1198 VII
474 1190 483 1207 ,
508 1166 589 1206 18o;
607 1163 662 1199 111
674 1190 683 1207 ,
705 1164 808 1199 Pont.
824 1175 899 1208 vn,

223 1217 261 1258 4,
290 1215 414 1260 quibus
438 1215 476 1249 in
497 1215 578 1251 locis
603 1217 748 1251 varietas
770 1223 900 1251 notata.

223 1269 347 1314 Neque
361 1268 466 1303 Ovid.
478 1269 572 1304 hunc
588 1271 663 1314 ejus
679 1283 780 1305 usum
798 1283 900 1305 nova-

221 1322 293 1364 vit,
320 1328 359 1355 ut
382 1321 504 1355 Burm.
528 1322 692 1367 putabat;
720 1322 780 1357 sed
800 1323 846 1357 ita
865 1329 900 1357 et

224 1372 298 1407 Cic.
309 1371 388 1406 Div.
402 1373 438 1416 I,
452 1375 512 1418 473
531 1373 645 1408 Tibul.
663 1373 719 1417 11,
733 1384 762 1407 Π
774 1400 783 1417 ,
800 1388 900 1408 12.—

219 1427 375 1459 Falorum
388 1438 516 1460 arcana
529 1429 690 1468 canebat,
709 1433 804 1461 vates
813 1434 897 1462 erat.

224 1479 350 1511 Canere
360 1476 402 1512 de
414 1477 582 1512 vaticiniis
594 1485 629 1512 et
641 1478 785 1513 oraculis
797 1504 806 1521 ,
821 1491 897 1523 quae

221 1528 305 1562 olim
316 1529 471 1563 versibus
480 1529 680 1574 consignata
694 1530 896 1565 edebantur.

220 1581 296 1615 Nec
316 1587 434 1615 tamen
454 1581 601 1615 omnino
618 1581 773 1627 displicet
790 1582 897 1617 altera

218 1632 340 1675 lectio,
363 1635 524 1667 monebat.
545 1634 680 1668 Monere
696 1633 791 1668 enim
806 1646 896 1679 pro-

219 1685 294 1731 prie
311 1684 477 1720 dicuntur
489 1698 563 1719 non
577 1685 684 1719 modo
700 1698 848 1731 augures
862 1693 897 1721 et

220 1736 393 1781 aruspices
407 1762 416 1780 ,
442 1736 503 1771 sed
528 1737 635 1772 etiam
661 1737 716 1772 vel
745 1738 894 1773 maxime

222 1788 359 1823 oracula
376 1795 412 1823 et
426 1795 531 1824 vates.

264 1841 340 1884 640.
367 1843 553 1876 Valt’cinos.
570 1841 651 1876 Hoc
664 1841 896 1887 restituimus,

221 1892 330 1928 MSS.
342 1892 577 1938 plurimorum
589 1893 831 1929 auctoritatem
843 1907 900 1929 se-

220 1946 329 1990 quuti.
354 1945 520 1981 Heinsius
532 1971 542 1989 ,
562 1958 603 1980 ex
618 1959 692 1980 uno
704 1946 895 1991 Urbinate‚

219 2000 396 2033 invexerat
398 1998 576 2041 fatidicos.
586 1999 770 2043 Nonnulli,
778 1999 898 2044 fatebi-

219 2063 291 2085 nos.
313 2051 395 2085 Non
413 2050 544 2085 mirum
560 2058 610 2085 est
631 2051 705 2087 haec
726 2052 791 2086 tria
807 2064 896 2099 saepe

218 2115 290 2137 esse
315 2109 513 2147 permutata
530 2116 549 2136 a
569 2102 724 2138 librariis.
745 2122 787 2130 -
805 2106 897 2148 Ergo

217 2157 348 2188 abiete.
365 2153 584 2188 Describitur
598 2154 725 2189 mulier
742 2171 896 2203 φρενομα-

218 2213 290 2251 νὴς,
310 2206 458 2242 fatidica.
479 2204 718 2242 Vaticinantes
734 2208 830 2242 enim
845 2209 895 2242 su-

218 2271 297 2293 rore
310 2258 430 2293 divino
439 2258 535 2305 rapi,
557 2266 747 2304 menteque
761 2260 896 2294 moveri

217 2310 452 2345 credebantur
462 2336 472 2354 ,
490 2309 584 2345 unde
594 2310 701 2344 iidem
713 2314 874 2351 ,9εέληπτοι
883 2338 892 2355 ,

217 2366 446 2411 ἓεοφορούμενοι
458 2388 468 2406 ,
488 2364 689 2401 {veona-cerum
702 2388 711 2406 ,
729 2362 893 2398 diceban·-

216 2422 285 2449 tur.
296 2414 587 2448 DicunturDeum
596 2417 876 2459 neelfiam-pectore
881 2442 890 2457 ,

216 2468 367 2499 clausum
378 2470 485 2500 tenere
491 2470 626 2509 pectore
635 2492 644 2509 ,
662 2471 814 2500 excutere
817 2480 894 2510 pec-

217 2522 296 2551 lore.
316 2517 439 2551 Senec.
454 2516 573 2563 OEdip.
587 2530 675 2552 vers.
691 2518 755 2565 298
768 2543 777 2561 ,
798 2524 893 2553 vates

211 2573 345 2613 pectore
359 2573 486 2602 excutit
498 2571 617 2604 Deum.
766 2611 768 2613 r

263 2619 336 2663 842.
365 2622 502 2664 Tolique
517 2621 674 2666 salutifer
689 2623 768 2655 orbi.
789 2620 892 2656 Geb-

216 2669 347 2706 hardus
360 2670 443 2716 legit
454 2674 542 2714 urbi,
558 2672 645 2707 etde
659 2672 771 2706 Roma
782 2673 871 2718 capit
880 2698 889 2716 ,

218 2733 289 2767 quo
305 2721 488 2757 translatus
503 2730 622 2768 postea
635 2723 813 2769 Epidauro
827 2724 892 2758 suit

1574 790 1643 837 64⁵

970 906 1196 952 AEsculapius.
1214 906 1403 941 Mirificam
1419 907 1576 952 profecto
1585 921 1644 943 va-

968 965 1040 993 tem
1055 958 1155 992 nobis
1171 958 1344 993 exhibuit!
1363 977 1408 985 ·-
1425 959 1543 995 Nostri
1562 959 1642 995 Co-

967 1008 1059 1043 dices
1075 1009 1177 1054 Regii
1194 1009 1324 1044 habent
1337 1014 1487 1055 lo!oque;
1503 1017 1644 1045 utrum-

966 1073 1034 1105 que
1044 1067 1147 1095 recte.
1161 1062 1271 1095 Ed.--
1278 1063 1549 1108 Tot1·q.salutfir
1559 1066 1640 1100 orbi.

966 1111 1184 1158 AEsculapius
1206 1112 1302 1147 enim
1322 1112 1411 1148 adeo
1425 1122 1590 1160 praestans
1603 1115 1648 1154 in,

967 1164 1147 1199 Medicina
1169 1165 1255 1209 fuit,
1279 1173 1317 1201 ut
1338 1166 1443 1202 etiam
1460 1167 1642 1215 Hippoly-

965 1222 1043 1250 tum
1056 1216 1097 1250 ab
1113 1216 1233 1252 infleris
1246 1219 1481 1261 revocaverim
1498 1226 1646 1265 propter

966 1267 1058 1313 quod
1072 1281 1090 1302 a
1102 1268 1190 1303 Jove
1204 1268 1350 1317 fulmine
1360 1270 1427 1305 suit
1436 1271 1639 1314 exstinctus,

965 1332 1004 1354 ac
1029 1327 1148 1365 postea
1170 1320 1268 1356 Deus
1286 1322 1438 1357 effectus.
1456 1323 1523 1356 Ed.
1540 1340 1584 1350 —
1606 1322 1640 1357 A

966 1372 1070 1408 Celso
1093 1373 1131 1408 in
1158 1374 1360 1419 praesatione
1378 1401 1389 1419 ,
1423 1374 1640 1421 AEsculapius

963 1432 1170 1459 numeratur
1180 1425 1312 1470 primus
1323 1425 1494 1470 medicus,
1513 1426 1573 1471 qui
1580 1438 1642 1461 ru-

964 1475 1046 1509 dem
1069 1476 1182 1512 adhuc
1201 1477 1383 1512 scientiam
1405 1478 1508 1523 paulo
1529 1478 1643 1514 subti-

961 1527 1027 1562 lius
1053 1529 1250 1563 excoluerit.
1284 1529 1446 1564 Clinicen
1472 1529 1641 1574 reperisse

963 1580 1113 1616 traditur
1130 1582 1172 1616 ab
1190 1582 1321 1629 Hygia.
1335 1583 1403 1616 sab.
1414 1584 1489 1627 274.
1506 1583 1552 1617 Et
1566 1595 1643 1616 no-
1667 1617 1675 1622 ,

962 1645 1044 1667 men
1074 1639 1176 1683 σωτὴρ
1192 1659 1202 1677 ,
1239 1632 1417 1676 salutzfir,
1452 1633 1571 1668 multis
1601 1634 1639 1668 in

962 1685 1116 1720 nummis
1138 1686 1169 1720 ei
1193 1685 1382 1720 tribuitur:
1406 1685 1484 1720 vide
1516 1685 1639 1731 Span-

960 1736 1054 1771 hem.
1072 1736 1115 1771 de
1139 1737 1217 1773 Usu
1233 1743 1269 1772 et
1285 1737 1481 1782 praestantia
1497 1737 1640 1772 numis—

963 1796 1098 1824 matum
1112 1816 1122 1833 ‚
1141 1803 1174 1835 p.
1189 1790 1253 1833 416
1265 1816 1274 1833 ,
1292 1797 1326 1824 et
1338 1804 1371 1835 p.
1388 1793 1464 1825 500.
1479 1789 1640 1825 Medicus

963 1842 1059 1876 enim
1072 1842 1151 1876 selix
1166 1845 1307 1877 salutem
1320 1842 1343 1876 i.
1356 1854 1386 1877 e.
1401 1841 1639 1878 valetudinem

963 1893 1081 1928 reddit
1095 1893 1350 1939 aegrotantibus.

1007 1944 1083 1989 643.
1104 1946 1227 1980 Tibise
1233 1947 1390 1980 mortalia
1396 1951 1463 1980 etc.
1475 1944 1575 1991 Soepe
1584 1958 1639 1980 va-

961 1996 1158 2031 letudinem
1171 2009 1359 2043 corporum
1371 2009 1516 2032 suorum
1529 2003 1566 2032 et
1577 1997 1638 2031 vi-

962 2057 1035 2085 tam
1048 2049 1109 2084 tibi
1119 2049 1299 2084 debebunt
1307 2048 1636 2084 mortales.-Am‘-

961 2114 1035 2136 mas
1057 2103 1190 2136 reddere
1213 2103 1366 2135 udemlas
1379 2127 1388 2142 ‚
1415 2100 1641 2136 mortuosin

961 2154 1068 2188 vitam
1084 2166 1246 2188 revocare
1260 2178 1270 2196 ‚
1292 2153 1426 2197 tibifhs
1436 2178 1446 2195 ,
1472 2152 1639 2198 possibile

960 2205 1044 2248 erit,
1062 2205 1099 2239 in
1117 2211 1176 2239 tua
1189 2211 1358 2250 potestate
1371 2204 1447 2238 erit·
1462 2203 1635 2247 Pindarus

960 2257 1065 2304 Pyth.
1082 2257 1102 2291 3
1114 2283 1123 2300 ,
1143 2257 1203 2300 83,
1229 2262 1368 2298 narrat,
1395 2267 1478 2290 eum
1499 2254 1633 2289 herba-.-

958 2321 1040 2342 rum
1064 2307 1195 2351 succis,
1221 2307 1453 2350 carminibus,
1475 2305 1634 2341 amuletis

959 2367 995 2395 et
1020 2361 1113 2395 ferro
1140 2360 1282 2394 morbos
1303 2371 1461 2403 sanasse,
1488 2358 1634 2394 vulnera

959 2420 1061 2458 atque
1071 2413 1184 2448 calore
1194 2419 1253 2448 aut
1260 2413 1389 2458 frigore
1399 2412 1488 2447 male
1500 2411 1632 2447 adse'cta
1643 2439 1653 2443 -

957 2477 1104 2510 corpora
1121 2490 1131 2508 ‚
1165 2469 1242 2499 tum
1272 2464 1414 2499 avaritia
1441 2463 1632 2499 adductum

957 2525 1140 2552 mortuum
1165 2517 1315 2562 aliquem
1338 2516 1505 2552 invitam
1527 2528 1631 2551 revo-

957 2581 1058 2603 casse.
1075 2568 1209 2603 Similia
1222 2568 1442 2616 Pherecydes
1455 2574 1492 2603 et
1503 2567 1633 2602 Hesio—

958 2621 1021 2656 dus
1038 2621 1279 2665 tradiderunt,
1301 2621 1395 2656 unde
1415 2619 1531 2656 schol.
1548 2620 1630 2654 Eu·-

955 2674 1020 2719 rip.
1037 2673 1080 2707 ad
1097 2673 1172 2708 Ale.
1187 2687 1206 2707 2
1219 2698 1229 2716 ‚
1247 2672 1416 2708 nonnulla
1428 2671 1550 2707 adfert.

1000 2724 1075 2769 645.
1094 2725 1203 2760 Semel
1213 2737 1326 2759 ausus.
1339 2724 1460 2768 Quem
1474 2721 1629 2757 AEscula-
