1832 3100
357 199 1055 247 METAMORPHOSEON
1089 202 1220 246 LIB.
1253 203 1292 246 Ι.
1480 202 1536 247 (33

115 294 516 358 Saevior—ingeniis,
543 305 588 343 et
610 293 666 342 ad
688 293 872 343 horrida
892 293 1116 362 promtior
1138 312 1279 352 arma3

114 374 207 423 Nec
231 371 441 425 scelerata
460 383 634 421 tamen:
656 370 711 420 de
737 371 849 420 duro
874 382 941 420 est
961 369 1118 419 ultima
1141 383 1312 420 FERRO.

180 449 394 503 Protinus
416 448 626 516 irrumpit
647 468 768 498 venae
791 449 956 516 pejoris
980 449 1027 496 in
1051 466 1191 497 aevum

118 518 264 580 Omne
287 528 411 578 nefas
435 549 445 577 :
473 527 625 591 fugere
645 527 818 594 pudor,
844 545 1083 593 verumque
1097 563 1108 585 ‚
1133 525 1331 593 fidesque
1352 547 1362 585 ;

116 609 171 656 In
193 625 387 674 quorum
409 604 585 654 subiere
608 603 759 653 locum
781 603 1069 670 fraudesque,
1096 602 1276 670 dolique
1296 641 1309 661 ‚

1488 622 1547 655 130

115 684 405 751 Insidiaeque,
432 694 477 732 et
497 683 585 742 vis,
611 695 655 732 et
678 702 804 731 amor
828 681 1065 730 sceleratus
1086 680 1296 729 habendi.
1349 725 1353 729 ,

116 762 229 812 Vela
253 761 424 811 dabant
441 761 606 819 ventis,
631 779 713 809 nec
738 759 883 809 adhuc
901 759 1016 807 bene
1039 769 1223 807 noverat
1246 758 1349 808 illos

116 839 295 899 Navita;
318 858 504 906 quaeque
529 838 607 888 diu
630 850 845 888 steterant
867 837 915 887 in
937 836 1170 886 montibus
1192 835 1292 885 altis
1307 875 1320 896 ‚

164 956 236 992 126.
247 956 380 998 Saevior,
396 955 547 991 ferocior
559 981 569 1000 ,
584 954 749 990 audacior
765 956 803 990 in

115 1008 219 1046 bello.
229 1007 377 1044 Hesiod.
386 1001 464 1059 ἔῃ.
477 1009 552 1052 145,
562 1021 658 1042 arma
667 1007 804 1043 invenit

116 1060 185 1109 hoc
203 1074 314 1108 genus
329 1059 530 1096 hominum.
556 1059 655 1095 Arat.
680 1059 803 1095 Phaen.

119 1113 206 1158 130,
222 1113 260 1148 in
279 1125 462 1148 armorum
480 1119 660 1148 auctorem
678 1113 803 1158 gravis-

116 1167 206 1202 sime
215 1165 405 1202 invehitur.
414 1165 546 1201 Tibull.
555 1166 587 1210 Ι,
599 1176 658 1209 111,
668 1167 708 1211 47
718 1179 804 1211 seq„

117 1222 255 1254 horrida
262 1245 272 1262 ,
290 1232 389 1255 sava.
399 1237 445 1246 ·-
453 1219 613 1253 Horrida.
623 1219 806 1253 Horridum

118 1270 277 1306 solemne
293 1269 476 1316 epitheton
495 1281 676 1304 armorum
688 1295 698 1314 ,
714 1282 808 1316 prae-

119 1324 264 1369 liorum,
277 1324 466 1369 bellorum,
483 1331 688 1359 castrorum.
705 1323 805 1358 Arat.

120 1381 277 1428 xoexo'epyov
288 1378 464 1427 μάχαιραν.
474 1375 624 1412 Lenzius
634 1389 717 1411 vero
727 1378 807 1411 bor-

120 1431 197 1468 n'da
210 1429 466 1475 interpretatur
476 1427 659 1464 horrentia
668 1455 678 1472 ,
694 1427 806 1465 hastas

120 1487 263 1516 erectas.
277 1481 401 1516 senec.
419 1479 544 1516 Octav.
565 1482 631 1525 408
642 1507 652 1525 ‚
680 1479 723 1515 de
741 1479 807 1516 hac

120 1539 221 1568 aetate
230 1559 241 1577 ,
253 1536 385 1567 tertium
395 1534 502 1567 solers
515 1545 621 1578 genus
631 1534 747 1568 Novas
760 1534 812 1567 ad

119 1589 210 1620 ades
230 1587 386 1628 exstilil‚·
403 1590 560 1621 sanctum
579 1591 701 1620 lamen.

168 1650 242 1685 127.
269 1639 326 1673 De
355 1639 439 1673 duro
467 1643 522 1673 est
544 1645 609 1674 etc.
640 1637 696 1674 Cf.
724 1652 807 1674 cum

121 1691 221 1726 omni
236 1690 272 1727 h.
293 1691 316 1726 l.
336 1689 465 1727 Catull.
482 1689 636 1737 Epithal.
654 1691 751 1726 Pelei
772 1699 808 1726 et

122 1742 230 1778 Thet-
257 1743 411 1791 Duritia
426 1743 490 1779 etsi
506 1743 620 1789 prima
636 1744 720 1778 ferri
737 1744 809 1778 vir-

119 1803 198 1837 tus,
216 1808 315 1831 nunc
337 1802 457 1830 tamen
484 1795 655 1830 invidiose
681 1795 808 1831 dicitur

123 1860 206 1882 cum
229 1854 390 1894 respectu
408 1847 451 1882 ad
468 1846 624 1882 hominis
645 1850 807 1884 duritiem.

123 1900 215 1936 Hor.
226 1899 340 1947 Epod.
352 1899 441 1936 xvl
456 1926 466 1946 ,
484 1900 527 1935 65
541 1914 549 1936 :
567 1901 708 1947 Jupiter
712 1901 810 1947 ferro

120 1955 256 1988 duravit
267 1956 393 1988 secula.
721 1992 723 1994 ,

171 2007 243 2041 128.
266 2007 376 2042 Vena.
393 2006 489 2040 Vena
504 2018 579 2040 non
590 2031 600 2049 ,
616 2005 809 2050 interprete

125 2057 278 2103 Lenzio,
295 2071 314 2093 a
330 2070 477 2104 corpore
493 2057 653 2092 humano
670 2057 713 2091 ad
731 2065 810 2091 ter--

124 2122 203 2144 ram
221 2136 231 2154 ,
263 2110 324 2146 sed
351 2109 395 2145 ad
423 2110 583 2144 animum
613 2123 632 2144 a
664 2109 812 2145 metallis

126 2161 292 2198 translata
313 2169 387 2206 est,
411 2163 537 2208 quibus
561 2169 597 2197 et
618 2162 698 2208 ipsis
722 2176 812 2197 venae

128 2213 335 2249 tribuuntur
350 2227 358 2249 :
379 2213 503 2250 Heius.
521 2213 564 2248 ad
576 2213 716 2258 Silium,
731 2214 787 2249 ΙΙΙ
800 2241 810 2259 ,

128 2267 202 2302 283.
217 2286 263 2294 -
283 2269 383 2302 Vena·
392 2268 532 2313 pq'om.
550 2267 685 2302 Metalli
704 2267 812 2303 dete-

127 2319 239 2356 rioris.
257 2319 404 2366 Optima
422 2332 511 2354 vena
526 2320 617 2361 auri,
636 2320 664 2355 si
681 2320 725 2355 ad
739 2333 812 2355 mo-

128 2385 184 2408 res
199 2374 339 2409 reseras.
355 2374 421 2407 Ed.
438 2392 482 2399 —-
496 2374 538 2407 In
559 2386 663 2408 oevum
675 2400 683 2414 ,
703 2386 813 2419 genus

129 2424 315 2460 hominum
329 2452 338 2470 ,
376 2426 477 2471 cujus
499 2439 605 2468 vena,
632 2438 753 2461 sensus
778 2435 814 2462 et

128 2477 244 2513 studia
259 2504 270 2523 ‚
294 2476 448 2513 deterior
465 2486 549 2514 erat.

178 2544 250 2578 ¹²9·
269 2531 402 2570 Pudor,
423 2527 620 2566 moderatio
641 2531 678 2566 in
696 2531 815 2566 omni—

130 2584 195 2620 bus
204 2583 452 2630 cupiditatibus
461 2585 542 2631 justi
554 2593 588 2620 et
601 2587 689 2632 aequi
699 2598 813 2630 causa,

128 2636 238 2679 virtus
255 2636 426 2683 princeps.
450 2655 494 2664 ·-
515 2639 636 2672 Verum
651 2645 710 2673 aut
725 2641 816 2672 veri-

128 2692 194 2730 las,
211 2701 322 2734 quum
332 2687 375 2723 de
386 2688 542 2723 moribus
552 2696 588 2723 et
604 2690 674 2724 vita
691 2689 814 2723 homi-

94 2770 97 2772 .
127 2752 218 2780 num
235 2754 352 2777 sermo
369 2748 421 2776 est
435 2766 443 2784 ‚
462 2753 537 2776 non
554 2741 592 2776 in
609 2741 722 2777 verbis
738 2750 815 2776 cer-4

869 952 969 990 nitur
981 981 991 1000 ,
1026 953 1088 990 sed
1118 955 1156 989 in
1185 954 1293 990 sactis.
1330 954 1449 991 Etiam
1477 952 1551 990 Cic.

872 1008 1019 1054 Quinct.
1043 1008 1086 1043 26
1102 1034 1111 1051 ,
1143 1012 1317 1043 veritatem
1342 1015 1378 1043 et
1396 1010 1556 1053 pudorem

870 1060 1067 1107 conjungit.
1085 1059 1196 1095 Tacit.
1215 1060 1284 1095 An.
1303 1060 1359 1095 111
1372 1087 1381 1104 ,
1406 1060 1470 1095 26:
1487 1061 1556 1094 Pro

870 1114 1035 1147 modestia
1059 1125 1103 1147 ac
1121 1114 1249 1156 pudore
1279 1115 1419 1148 ambitio
1441 1116 1478 1147 el
1503 1116 1557 1147 vis

870 1167 1056 1201 incedebat.
1066 1184 1110 1191 —-
1127 1168 1212 1201 Vero
1225 1172 1260 1200 et
1258 1168 1335 1212 fide
1353 1167 1558 1202 continetur

871 1219 1016 1254 societas
1034 1218 1199 1254 humana.

920 1271 991 1306 13¹.
1015 1273 1224 1317 Insidiaeque.
1238 1272 1473 1318 Langerman.
1490 1273 1557 1307 In·-

873 1324 1040 1368 m’dioeque.
1051 1323 1378 1364 —Amorhabendi,
1392 1330 1558 1370 πλεννεξιά.

872 1374 993 1410 Aurel.
1009 1373 1100 1410 vict.
1118 1373 1205 1411 Caes.
1224 1374 1280 1410 III
1290 1401 1300 1419 ,
1322 1378 1470 1411 studium
1485 1378 1558 1411 ha·-

871 1428 981 1461 bendi.
997 1425 1138 1462 Phaedr.
1158 1427 1214 1462 III
1228 1454 1237 1472 ,
1256 1428 1388 1475 prolog.
1406 1443 1461 1473 21,
1478 1443 1559 1465 cum

871 1480 1036 1520 habendi,
1054 1479 1115 1513 ubi
1131 1478 1199 1514 vid.
1216 1479 1341 1515 Burm.
1359 1481 1402 1516 In
1419 1481 1471 1516 his
1487 1484 1558 1517 hm

872 1535 946 1568 bere
956 1540 1007 1568 est
1017 1533 1205 1579 possidere.
1225 1533 1376 1580 Copiose
1388 1535 1462 1571 haec
1472 1536 1558 1572 Nos-

872 1592 928 1620 ter
952 1585 1193 1631 persequitur,
1212 1585 1303 1631 Fast.
1323 1586 1361 1631 I,
1386 1591 1446 1635 195
1462 1601 1536 1634 sqq.

921 1636 993 1670 132.
1017 1638 1102 1672 Vela
1116 1638 1255 1672 dabant.
1275 1637 1449 1683 Querelas
1462 1652 1561 1674 acer-

874 1687 934 1722 bas
962 1687 1006 1722 de
1034 1688 1179 1724 inventa
1208 1689 1431 1736 navigatione
1444 1691 1561 1726 'habes

876 1739 983 1773 etiam
995 1740 1086 1786 apud
1098 1741 1224 1776 Horat.
1236 1741 1265 1785 l,
1282 1740 1353 1776 Od.
1365 1753 1411 1776 111
1421 1768 1430 1786 ,
1444 1745 1537 1790 9-24
1551 1757 1560 1782 ς

875 1792 1037 1838 Propert.
1056 1793 1092 1836 I,
1112 1804 1192 1828 xvn
1206 1821 1214 1837 ‚
1237 1795 1275 1828 13
1291 1807 1382 1840 sqq.;
1404 1796 1494 1830 Plin.
1513 1796 1561 1830 H.

875 1845 933 1890 N.,
956 1860 1007 1895 19,
1020 1859 1166 1892 prooem.
1180 1861 1188 1889 ;
1207 1848 1331 1883 Senec.
1346 1848 1458 1892 Med„
1474 1862 1562 1885 vers.

876 1898 937 1932 301
957 1912 1051 1944 sqq.,
1069 1899 1129 1943 qui
1147 1906 1181 1933 et
1195 1899 1321 1933 Horat.
1338 1906 1373 1934 et
1392 1900 1561 1936 Nostrum

876 1954 1036 1996 respexit.
1064 1969 1109 1977 ·—-
1131 1953 1282 1987 Noverat
1301 1955 1382 1987 illos
1395 1980 1404 1995 ‚
1434 1954 1563 1990 scilicet

876 2004 1012 2039 rabiem
1036 2005 1121 2040 Noti
1148 2004 1360 2042 decertantis
1382 2007 1563 2043 horriferis

878 2056 1113 2102 Aquilonibus
1124 2085 1134 2103 ,
1154 2066 1194 2093 ut
1210 2059 1366 2105 loquitur
1383 2061 1563 2097 Horatius.

930 2111 1000 2145 133.
1031 2113 1175 2157 Quoeque
1190 2115 1248 2147 diu
1267 2121 1331 2148 etc.
1356 2114 1443 2149 Haec
1460 2115 1562 2160 paulo

875 2162 1016 2198 brevius
1028 2163 1118 2198 dicta
1129 2172 1222 2199 sunt.
1234 2165 1329 2210 Quae
1343 2165 1404 2200 diu
1415 2167 1451 2201 in
1463 2180 1563 2202 mon-

878 2216 970 2251 tibus
982 2243 991 2260 ,
1010 2216 1119 2263 iisque
1136 2218 1326 2262 altissimis,
1343 2227 1487 2256 steterat
1498 2235 1562 2256 ar-

877 2267 963 2313 bor,
983 2277 1117 2304 resecta
1132 2278 1184 2305 est
1198 2286 1207 2312 ;
1236 2285 1276 2306 ex
1293 2285 1404 2318 eaque
1420 2279 1540 2309 carina
1551 2303 1559 2315 ‚

879 2321 977 2357 navis
988 2348 998 2366 ‚
1016 2322 1114 2357 sacta.
1131 2322 1397 2359 Gronovianam
1412 2327 1560 2371 conject.

878 2375 1219 2421 alnirepudiaverim
1232 2390 1239 2411 z
1255 2379 1384 2422 partim
1399 2379 1478 2423 quia
1493 2380 1562 2414 alni

879 2440 953 2461 non
971 2434 1043 2462 tam
1060 2429 1240 2464 montibus
1257 2430 1412 2475 gaudent
1425 2457 1434 2474 ,
1456 2443 1563 2476 quam

879 2479 1089 2525 palustribus
1113 2481 1195 2515 locis
1221 2488 1255 2515 et
1281 2481 1363 2526 ripis
1386 2483 1493 2526 (Ptin.
1513 2484 1561 2518 H.

881 2532 925 2567 N.
939 2532 1028 2566 XVI
1042 2558 1052 2575 ,
1073 2532 1148 2577 18);
1165 2535 1291 2578 partim
1305 2535 1477 2579 quiaallis
1489 2549 1562 2570 non

883 2584 1002 2618 minus
1019 2596 1126 2628 quam
1142 2587 1201 2620 diu
1212 2612 1221 2626 ‚
1250 2585 1395 2621 inservit
1419 2588 1562 2623 insaniae

882 2636 1085 2671 mortalium
1102 2636 1329 2674 declarandae.
1342 2641 1466 2686 Neque
1479 2643 1567 2677 Nos‘

882 2696 937 2723 ter
960 2689 1145 2735 respexisse
1166 2690 1306 2726 videtur
1320 2692 1418 2739 Virg.
1436 2694 1566 2740 Geor-g.

884 2741 922 2784 I,
947 2741 1017 2775 136.
