<?xml version="1.0" encoding="UTF-8"?>
<!DOCTYPE html PUBLIC "-//W3C//DTD XHTML 1.0 Transitional//EN"
    "http://www.w3.org/TR/xhtml1/DTD/xhtml1-transitional.dtd">
<html xmlns="http://www.w3.org/1999/xhtml" xml:lang="en" lang="en">
 <head>
  <title>
</title>
<meta http-equiv="Content-Type" content="text/html;charset=utf-8" />
  <meta name='ocr-system' content='tesseract 3.04.00' />
  <meta name='ocr-capabilities' content='ocr_page ocr_carea ocr_par ocr_line ocrx_word'/>
</head>
<body>
  <div class='ocr_page' id='page_1' title='image "./quaeextantomniao03oviduoft_0014.png"; bbox 0 0 1858 3120; ppageno 0'>
   <div class='ocr_carea' id='block_1_1' title="bbox 268 291 1691 1047">
    <p class='ocr_par' dir='ltr' id='par_1_1' title="bbox 268 291 299 321">
     <span class='ocr_line' id='line_1_1' title="bbox 268 291 299 321; baseline 0 0"><span class='ocrx_word' id='word_1_1' title='bbox 268 291 299 321; x_wconf 87' lang='lat' dir='ltr'>x</span> 
     </span>
    </p>

    <p class='ocr_par' dir='ltr' id='par_1_2' title="bbox 271 356 1691 1047">
     <span class='ocr_line' id='line_1_2' title="bbox 271 356 1685 434; baseline -0.003 -14"><span class='ocrx_word' id='word_1_2' title='bbox 271 373 516 420; x_wconf 88' lang='lat' dir='ltr'>vincentem</span> <span class='ocrx_word' id='word_1_3' title='bbox 536 380 829 433; x_wconf 80' lang='lat' dir='ltr'><strong>agnoverant,</strong></span> <span class='ocrx_word' id='word_1_4' title='bbox 856 367 1121 434; x_wconf 82' lang='lat' dir='ltr'>quicumque</span> <span class='ocrx_word' id='word_1_5' title='bbox 1142 367 1297 415; x_wconf 84' lang='lat' dir='ltr'>Latine</span> <span class='ocrx_word' id='word_1_6' title='bbox 1323 356 1484 415; x_wconf 80' lang='lat' dir='ltr'>sciunt.</span> <span class='ocrx_word' id='word_1_7' title='bbox 1515 366 1604 415; x_wconf 85' lang='lat' dir='ltr'>Sed</span> <span class='ocrx_word' id='word_1_8' title='bbox 1633 386 1685 416; x_wconf 85' lang='lat' dir='ltr'>ex</span> 
     </span>
     <span class='ocr_line' id='line_1_3' title="bbox 272 452 1686 524; baseline -0.004 -18"><span class='ocrx_word' id='word_1_9' title='bbox 272 459 344 507; x_wconf 89' lang='lat' dir='ltr'>his</span> <span class='ocrx_word' id='word_1_10' title='bbox 368 476 462 524; x_wconf 86' lang='lat' dir='ltr'>quae</span> <span class='ocrx_word' id='word_1_11' title='bbox 484 456 694 524; x_wconf 84' lang='lat' dir='ltr'>praemisit</span> <span class='ocrx_word' id='word_1_12' title='bbox 713 453 1046 504; x_wconf 82' lang='lat' dir='ltr'>Commentariis</span> <span class='ocrx_word' id='word_1_13' title='bbox 1070 453 1115 501; x_wconf 92' lang='lat' dir='ltr'>in</span> <span class='ocrx_word' id='word_1_14' title='bbox 1137 453 1381 502; x_wconf 85' lang='lat' dir='ltr'>Heroidum</span> <span class='ocrx_word' id='word_1_15' title='bbox 1398 452 1622 519; x_wconf 82' lang='lat' dir='ltr'>Epistulas</span> <span class='ocrx_word' id='word_1_16' title='bbox 1643 465 1686 502; x_wconf 89' lang='lat' dir='ltr'>et</span> 
     </span>
     <span class='ocr_line' id='line_1_4' title="bbox 271 541 1691 609; baseline -0.005 -15"><span class='ocrx_word' id='word_1_17' title='bbox 271 545 501 594; x_wconf 81' lang='lat' dir='ltr'><strong>Amatoria</strong></span> <span class='ocrx_word' id='word_1_18' title='bbox 517 544 730 602; x_wconf 82' lang='lat' dir='ltr'>Nasonis,</span> <span class='ocrx_word' id='word_1_19' title='bbox 750 542 854 591; x_wconf 89' lang='lat' dir='ltr'>satis</span> <span class='ocrx_word' id='word_1_20' title='bbox 877 561 1094 609; x_wconf 85' lang='lat' dir='ltr'>superque</span> <span class='ocrx_word' id='word_1_21' title='bbox 1112 541 1195 590; x_wconf 84' lang='lat' dir='ltr'>tibi</span> <span class='ocrx_word' id='word_1_22' title='bbox 1219 541 1437 599; x_wconf 85' lang='lat' dir='ltr'>innotuit,</span> <span class='ocrx_word' id='word_1_23' title='bbox 1457 543 1691 590; x_wconf 66' lang='lat' dir='ltr'>LECTOR,</span> 
     </span>
     <span class='ocr_line' id='line_1_5' title="bbox 274 629 1686 698; baseline -0.005 -15"><span class='ocrx_word' id='word_1_24' title='bbox 274 647 517 683; x_wconf 82' lang='lat' dir='ltr'>CANDIDI</span> <span class='ocrx_word' id='word_1_25' title='bbox 529 646 691 682; x_wconf 87' lang='lat' dir='ltr'>SSIME</span> <span class='ocrx_word' id='word_1_26' title='bbox 710 671 721 691; x_wconf 93' lang='lat'>,</span> <span class='ocrx_word' id='word_1_27' title='bbox 762 644 976 698; x_wconf 90' lang='lat' dir='ltr'>quantum</span> <span class='ocrx_word' id='word_1_28' title='bbox 1011 631 1076 679; x_wconf 89' lang='lat' dir='ltr'>illi</span> <span class='ocrx_word' id='word_1_29' title='bbox 1113 650 1225 680; x_wconf 89' lang='lat' dir='ltr'>onus</span> <span class='ocrx_word' id='word_1_30' title='bbox 1262 631 1536 679; x_wconf 83' lang='lat' dir='ltr'>incumberet</span> <span class='ocrx_word' id='word_1_31' title='bbox 1554 670 1566 689; x_wconf 91' lang='lat'>,</span> <span class='ocrx_word' id='word_1_32' title='bbox 1609 629 1686 696; x_wconf 79' lang='lat' dir='ltr'>qui</span> 
     </span>
     <span class='ocr_line' id='line_1_6' title="bbox 274 717 1685 786; baseline -0.003 -16"><span class='ocrx_word' id='word_1_33' title='bbox 274 734 394 770; x_wconf 90' lang='lat' dir='ltr'>totos</span> <span class='ocrx_word' id='word_1_34' title='bbox 411 721 623 770; x_wconf 86' lang='lat' dir='ltr'>Ovidiani</span> <span class='ocrx_word' id='word_1_35' title='bbox 647 720 836 786; x_wconf 83' lang='lat' dir='ltr'>aequoris</span> <span class='ocrx_word' id='word_1_36' title='bbox 865 731 1029 767; x_wconf 91' lang='lat' dir='ltr'>tractus</span> <span class='ocrx_word' id='word_1_37' title='bbox 1052 717 1240 781; x_wconf 83' lang='lat' dir='ltr'>relegere</span> <span class='ocrx_word' id='word_1_38' title='bbox 1268 718 1353 766; x_wconf 88' lang='lat' dir='ltr'>sibi</span> <span class='ocrx_word' id='word_1_39' title='bbox 1377 718 1685 784; x_wconf 53' lang='lat' dir='ltr'>proposuerim</span> 
     </span>
     <span class='ocr_line' id='line_1_7' title="bbox 275 805 1688 876; baseline -0.002 -18"><span class='ocrx_word' id='word_1_40' title='bbox 275 810 352 876; x_wconf 89' lang='lat' dir='ltr'>qui</span> <span class='ocrx_word' id='word_1_41' title='bbox 373 821 548 876; x_wconf 90' lang='lat' dir='ltr'>poetam</span> <span class='ocrx_word' id='word_1_42' title='bbox 568 809 764 856; x_wconf 90' lang='lat' dir='ltr'>omnium</span> <span class='ocrx_word' id='word_1_43' title='bbox 785 826 898 874; x_wconf 91' lang='lat' dir='ltr'>quos</span> <span class='ocrx_word' id='word_1_44' title='bbox 919 806 1093 855; x_wconf 90' lang='lat' dir='ltr'>noveris</span> <span class='ocrx_word' id='word_1_45' title='bbox 1107 843 1118 864; x_wconf 95' lang='lat'>,</span> <span class='ocrx_word' id='word_1_46' title='bbox 1143 825 1289 854; x_wconf 91' lang='lat' dir='ltr'>rerum</span> <span class='ocrx_word' id='word_1_47' title='bbox 1310 806 1510 854; x_wconf 85' lang='lat' dir='ltr'>ubertate</span> <span class='ocrx_word' id='word_1_48' title='bbox 1532 805 1688 872; x_wconf 89' lang='lat' dir='ltr'>copio-</span> 
     </span>
     <span class='ocr_line' id='line_1_8' title="bbox 274 891 1687 958; baseline -0.004 -13"><span class='ocrx_word' id='word_1_49' title='bbox 274 898 494 946; x_wconf 88' lang='lat' dir='ltr'>sissimum</span> <span class='ocrx_word' id='word_1_50' title='bbox 507 934 518 954; x_wconf 95' lang='lat'>,</span> <span class='ocrx_word' id='word_1_51' title='bbox 543 896 750 944; x_wconf 89' lang='lat' dir='ltr'>varietate</span> <span class='ocrx_word' id='word_1_52' title='bbox 768 905 1125 957; x_wconf 85' lang='lat' dir='ltr'>argumentorum</span> <span class='ocrx_word' id='word_1_53' title='bbox 1144 904 1187 940; x_wconf 85' lang='lat' dir='ltr'>et</span> <span class='ocrx_word' id='word_1_54' title='bbox 1204 893 1300 958; x_wconf 89' lang='lat' dir='ltr'>ipsa</span> <span class='ocrx_word' id='word_1_55' title='bbox 1317 892 1530 940; x_wconf 88' lang='lat' dir='ltr'>tractandi</span> <span class='ocrx_word' id='word_1_56' title='bbox 1546 891 1687 940; x_wconf 81' lang='lat' dir='ltr'>felici—</span> 
     </span>
     <span class='ocr_line' id='line_1_9' title="bbox 275 980 1688 1047; baseline -0.001 -16"><span class='ocrx_word' id='word_1_57' title='bbox 275 996 361 1033; x_wconf 84' lang='lat' dir='ltr'>tate</span> <span class='ocrx_word' id='word_1_58' title='bbox 379 984 492 1032; x_wconf 90' lang='lat' dir='ltr'>nulli</span> <span class='ocrx_word' id='word_1_59' title='bbox 512 984 773 1042; x_wconf 88' lang='lat' dir='ltr'>secundum,</span> <span class='ocrx_word' id='word_1_60' title='bbox 796 983 964 1031; x_wconf 87' lang='lat' dir='ltr'>cunctis</span> <span class='ocrx_word' id='word_1_61' title='bbox 985 982 1072 1030; x_wconf 90' lang='lat' dir='ltr'>fere</span> <span class='ocrx_word' id='word_1_62' title='bbox 1089 981 1301 1047; x_wconf 85' lang='lat' dir='ltr'>priorem,</span> <span class='ocrx_word' id='word_1_63' title='bbox 1323 980 1688 1029; x_wconf 78' lang='lat' dir='ltr'>commentatione</span> 
     </span>
    </p>
   </div>
   <div class='ocr_carea' id='block_1_2' title="bbox 275 1073 1690 1226">
    <p class='ocr_par' dir='ltr' id='par_1_3' title="bbox 275 1073 1690 1226">
     <span class='ocr_line' id='line_1_10' title="bbox 275 1073 1689 1141; baseline -0.003 -17"><span class='ocrx_word' id='word_1_64' title='bbox 275 1095 388 1124; x_wconf 88' lang='lat' dir='ltr'>nova</span> <span class='ocrx_word' id='word_1_65' title='bbox 410 1075 717 1124; x_wconf 86' lang='lat' dir='ltr'>illustrandum</span> <span class='ocrx_word' id='word_1_66' title='bbox 742 1075 995 1141; x_wconf 86' lang='lat' dir='ltr'>susceperit.</span> <span class='ocrx_word' id='word_1_67' title='bbox 1020 1076 1074 1122; x_wconf 89' lang='lat' dir='ltr'>In</span> <span class='ocrx_word' id='word_1_68' title='bbox 1098 1073 1176 1121; x_wconf 91' lang='lat' dir='ltr'>illo</span> <span class='ocrx_word' id='word_1_69' title='bbox 1201 1074 1365 1139; x_wconf 86' lang='lat' dir='ltr'>quippe</span> <span class='ocrx_word' id='word_1_70' title='bbox 1380 1110 1392 1130; x_wconf 93' lang='lat'>,</span> <span class='ocrx_word' id='word_1_71' title='bbox 1419 1073 1496 1139; x_wconf 90' lang='lat' dir='ltr'>qui</span> <span class='ocrx_word' id='word_1_72' title='bbox 1519 1083 1689 1120; x_wconf 88' lang='lat' dir='ltr'>tantum</span> 
     </span>
     <span class='ocr_line' id='line_1_11' title="bbox 276 1156 1690 1226; baseline -0.004 -18"><span class='ocrx_word' id='word_1_73' title='bbox 276 1179 390 1226; x_wconf 91' lang='lat' dir='ltr'>opus</span> <span class='ocrx_word' id='word_1_74' title='bbox 417 1159 471 1207; x_wconf 91' lang='lat' dir='ltr'>ad</span> <span class='ocrx_word' id='word_1_75' title='bbox 499 1159 666 1207; x_wconf 86' lang='lat' dir='ltr'>exitum</span> <span class='ocrx_word' id='word_1_76' title='bbox 693 1157 883 1206; x_wconf 90' lang='lat' dir='ltr'>voluerit</span> <span class='ocrx_word' id='word_1_77' title='bbox 914 1157 1179 1224; x_wconf 84' lang='lat' dir='ltr'>perducere,</span> <span class='ocrx_word' id='word_1_78' title='bbox 1212 1156 1387 1219; x_wconf 85' lang='lat' dir='ltr'>vigeant</span> <span class='ocrx_word' id='word_1_79' title='bbox 1415 1174 1591 1204; x_wconf 88' lang='lat' dir='ltr'>necesse</span> <span class='ocrx_word' id='word_1_80' title='bbox 1623 1166 1690 1204; x_wconf 77' lang='lat' dir='ltr'>est</span> 
     </span>
    </p>
   </div>
   <div class='ocr_carea' id='block_1_3' title="bbox 210 1231 1699 2814">
    <p class='ocr_par' dir='ltr' id='par_1_4' title="bbox 272 1231 1695 2181">
     <span class='ocr_line' id='line_1_12' title="bbox 273 1231 1690 1315; baseline -0.004 -18"><span class='ocrx_word' id='word_1_81' title='bbox 273 1261 318 1297; x_wconf 89' lang='lat' dir='ltr'>et</span> <span class='ocrx_word' id='word_1_82' title='bbox 339 1249 617 1315; x_wconf 87' lang='lat' dir='ltr'>conspirent,</span> <span class='ocrx_word' id='word_1_83' title='bbox 643 1266 736 1295; x_wconf 90' lang='lat' dir='ltr'>non</span> <span class='ocrx_word' id='word_1_84' title='bbox 759 1247 891 1294; x_wconf 89' lang='lat' dir='ltr'>modo</span> <span class='ocrx_word' id='word_1_85' title='bbox 917 1246 1133 1312; x_wconf 86' lang='lat' dir='ltr'>quidquid</span> <span class='ocrx_word' id='word_1_86' title='bbox 1158 1231 1384 1294; x_wconf 86' lang='lat' dir='ltr'>literarum</span> <span class='ocrx_word' id='word_1_87' title='bbox 1409 1245 1690 1311; x_wconf 85' lang='lat' dir='ltr'>antiquarum</span> 
     </span>
     <span class='ocr_line' id='line_1_13' title="bbox 273 1332 1691 1403; baseline -0.005 -16"><span class='ocrx_word' id='word_1_88' title='bbox 273 1358 381 1387; x_wconf 91' lang='lat' dir='ltr'>usus</span> <span class='ocrx_word' id='word_1_89' title='bbox 398 1337 623 1386; x_wconf 83' lang='lat' dir='ltr'>familiaris</span> <span class='ocrx_word' id='word_1_90' title='bbox 644 1349 686 1384; x_wconf 90' lang='lat' dir='ltr'>et</span> <span class='ocrx_word' id='word_1_91' title='bbox 706 1337 831 1403; x_wconf 87' lang='lat' dir='ltr'>quasi</span> <span class='ocrx_word' id='word_1_92' title='bbox 853 1336 1160 1402; x_wconf 88' lang='lat' dir='ltr'>quotidianus,</span> <span class='ocrx_word' id='word_1_93' title='bbox 1184 1335 1361 1383; x_wconf 88' lang='lat' dir='ltr'>roboris</span> <span class='ocrx_word' id='word_1_94' title='bbox 1382 1346 1426 1383; x_wconf 91' lang='lat' dir='ltr'>et</span> <span class='ocrx_word' id='word_1_95' title='bbox 1444 1332 1691 1382; x_wconf 87' lang='lat' dir='ltr'>ornamenti</span> 
     </span>
     <span class='ocr_line' id='line_1_14' title="bbox 275 1421 1690 1490; baseline -0.005 -14"><span class='ocrx_word' id='word_1_96' title='bbox 275 1428 330 1476; x_wconf 89' lang='lat' dir='ltr'>ad</span> <span class='ocrx_word' id='word_1_97' title='bbox 353 1427 640 1477; x_wconf 84' lang='lat' dir='ltr'>excolendum</span> <span class='ocrx_word' id='word_1_98' title='bbox 666 1426 891 1489; x_wconf 84' lang='lat' dir='ltr'>ingenium</span> <span class='ocrx_word' id='word_1_99' title='bbox 922 1424 1118 1473; x_wconf 85' lang='lat' dir='ltr'>conferre</span> <span class='ocrx_word' id='word_1_100' title='bbox 1143 1424 1369 1490; x_wconf 77' lang='lat' dir='ltr'>potuerit3</span> <span class='ocrx_word' id='word_1_101' title='bbox 1401 1421 1619 1489; x_wconf 84' lang='lat' dir='ltr'>quidquid</span> <span class='ocrx_word' id='word_1_102' title='bbox 1638 1439 1690 1470; x_wconf 89' lang='lat' dir='ltr'>ex</span> 
     </span>
     <span class='ocr_line' id='line_1_15' title="bbox 276 1509 1690 1580; baseline -0.006 -15"><span class='ocrx_word' id='word_1_103' title='bbox 276 1517 450 1566; x_wconf 88' lang='lat' dir='ltr'>assidua</span> <span class='ocrx_word' id='word_1_104' title='bbox 471 1517 517 1564; x_wconf 89' lang='lat' dir='ltr'>in</span> <span class='ocrx_word' id='word_1_105' title='bbox 541 1516 705 1564; x_wconf 88' lang='lat' dir='ltr'>vicinas</span> <span class='ocrx_word' id='word_1_106' title='bbox 728 1515 928 1577; x_wconf 80' lang='lat' dir='ltr'>regiones</span> <span class='ocrx_word' id='word_1_107' title='bbox 953 1513 1305 1580; x_wconf 80' lang='lat' dir='ltr'>peregrinatione</span> <span class='ocrx_word' id='word_1_108' title='bbox 1332 1511 1618 1577; x_wconf 84' lang='lat' dir='ltr'>importatum</span> <span class='ocrx_word' id='word_1_109' title='bbox 1642 1509 1690 1557; x_wconf 84' lang='lat' dir='ltr'>in</span> 
     </span>
     <span class='ocr_line' id='line_1_16' title="bbox 274 1598 1692 1665; baseline -0.006 -12"><span class='ocrx_word' id='word_1_110' title='bbox 274 1605 339 1653; x_wconf 88' lang='lat' dir='ltr'>rei</span> <span class='ocrx_word' id='word_1_111' title='bbox 374 1616 537 1652; x_wconf 86' lang='lat' dir='ltr'>nostrae</span> <span class='ocrx_word' id='word_1_112' title='bbox 565 1603 799 1652; x_wconf 87' lang='lat' dir='ltr'>utilitatem</span> <span class='ocrx_word' id='word_1_113' title='bbox 826 1601 1095 1659; x_wconf 81' lang='lat' dir='ltr'>effloruerit3</span> <span class='ocrx_word' id='word_1_114' title='bbox 1130 1600 1207 1649; x_wconf 90' lang='lat' dir='ltr'>sed</span> <span class='ocrx_word' id='word_1_115' title='bbox 1237 1611 1282 1647; x_wconf 86' lang='lat' dir='ltr'>et</span> <span class='ocrx_word' id='word_1_116' title='bbox 1312 1598 1485 1647; x_wconf 84' lang='lat' dir='ltr'>accedat</span> <span class='ocrx_word' id='word_1_117' title='bbox 1514 1616 1692 1665; x_wconf 91' lang='lat' dir='ltr'>quoque</span> 
     </span>
     <span class='ocr_line' id='line_1_17' title="bbox 275 1686 1692 1762; baseline -0.006 -20"><span class='ocrx_word' id='word_1_118' title='bbox 275 1706 478 1761; x_wconf 82' lang='lat' dir='ltr'>oportet,</span> <span class='ocrx_word' id='word_1_119' title='bbox 510 1693 708 1762; x_wconf 84' lang='lat' dir='ltr'>corporis</span> <span class='ocrx_word' id='word_1_120' title='bbox 731 1691 935 1740; x_wconf 87' lang='lat' dir='ltr'>valetudo</span> <span class='ocrx_word' id='word_1_121' title='bbox 951 1728 962 1747; x_wconf 91' lang='lat'>,</span> <span class='ocrx_word' id='word_1_122' title='bbox 996 1708 1092 1755; x_wconf 89' lang='lat' dir='ltr'>quae</span> <span class='ocrx_word' id='word_1_123' title='bbox 1114 1690 1161 1736; x_wconf 87' lang='lat' dir='ltr'>in</span> <span class='ocrx_word' id='word_1_124' title='bbox 1183 1707 1315 1754; x_wconf 91' lang='lat' dir='ltr'>opere</span> <span class='ocrx_word' id='word_1_125' title='bbox 1338 1699 1427 1736; x_wconf 88' lang='lat' dir='ltr'>tam</span> <span class='ocrx_word' id='word_1_126' title='bbox 1451 1686 1588 1749; x_wconf 84' lang='lat' dir='ltr'>longo</span> <span class='ocrx_word' id='word_1_127' title='bbox 1619 1686 1692 1734; x_wconf 89' lang='lat' dir='ltr'>in-</span> 
     </span>
     <span class='ocr_line' id='line_1_18' title="bbox 277 1773 1689 1847; baseline -0.008 -17"><span class='ocrx_word' id='word_1_128' title='bbox 277 1782 395 1845; x_wconf 85' lang='lat' dir='ltr'>genii</span> <span class='ocrx_word' id='word_1_129' title='bbox 415 1782 527 1829; x_wconf 86' lang='lat' dir='ltr'>vires</span> <span class='ocrx_word' id='word_1_130' title='bbox 544 1793 788 1847; x_wconf 87' lang='lat' dir='ltr'>torpescere</span> <span class='ocrx_word' id='word_1_131' title='bbox 803 1778 903 1837; x_wconf 78' lang='lat' dir='ltr'>,&#39;vel</span> <span class='ocrx_word' id='word_1_132' title='bbox 918 1777 1152 1826; x_wconf 89' lang='lat' dir='ltr'>hebescere</span> <span class='ocrx_word' id='word_1_133' title='bbox 1174 1793 1355 1824; x_wconf 87' lang='lat' dir='ltr'>acumen</span> <span class='ocrx_word' id='word_1_134' title='bbox 1376 1793 1467 1822; x_wconf 90' lang='lat' dir='ltr'>non</span> <span class='ocrx_word' id='word_1_135' title='bbox 1485 1773 1689 1841; x_wconf 86' lang='lat' dir='ltr'>patiatur.</span> 
     </span>
     <span class='ocr_line' id='line_1_19' title="bbox 274 1861 1691 1934; baseline -0.007 -16"><span class='ocrx_word' id='word_1_136' title='bbox 274 1871 386 1933; x_wconf 78' lang='lat' dir='ltr'>Quae</span> <span class='ocrx_word' id='word_1_137' title='bbox 415 1869 453 1917; x_wconf 90' lang='lat' dir='ltr'>si</span> <span class='ocrx_word' id='word_1_138' title='bbox 476 1869 567 1917; x_wconf 84' lang='lat' dir='ltr'>fato</span> <span class='ocrx_word' id='word_1_139' title='bbox 593 1868 785 1934; x_wconf 91' lang='lat' dir='ltr'>quodam</span> <span class='ocrx_word' id='word_1_140' title='bbox 808 1886 905 1915; x_wconf 91' lang='lat' dir='ltr'>meo</span> <span class='ocrx_word' id='word_1_141' title='bbox 921 1903 933 1924; x_wconf 92' lang='lat'>,</span> <span class='ocrx_word' id='word_1_142' title='bbox 962 1866 1010 1912; x_wconf 90' lang='lat' dir='ltr'>in</span> <span class='ocrx_word' id='word_1_143' title='bbox 1032 1883 1123 1912; x_wconf 92' lang='lat' dir='ltr'>uno</span> <span class='ocrx_word' id='word_1_144' title='bbox 1148 1863 1391 1928; x_wconf 89' lang='lat' dir='ltr'>eodemque</span> <span class='ocrx_word' id='word_1_145' title='bbox 1413 1861 1508 1909; x_wconf 85' lang='lat' dir='ltr'>viro</span> <span class='ocrx_word' id='word_1_146' title='bbox 1533 1879 1691 1909; x_wconf 85' lang='lat' dir='ltr'>conve-</span> 
     </span>
     <span class='ocr_line' id='line_1_20' title="bbox 275 1941 1686 2022; baseline -0.008 -15"><span class='ocrx_word' id='word_1_147' title='bbox 275 1960 446 2008; x_wconf 86' lang='lat' dir='ltr'>nissent</span> <span class='ocrx_word' id='word_1_148' title='bbox 464 1996 475 2016; x_wconf 95' lang='lat'><strong>‚</strong></span> <span class='ocrx_word' id='word_1_149' title='bbox 510 1958 630 2006; x_wconf 90' lang='lat' dir='ltr'>hunc</span> <span class='ocrx_word' id='word_1_150' title='bbox 668 1976 750 2020; x_wconf 87' lang='lat' dir='ltr'>ego</span> <span class='ocrx_word' id='word_1_151' title='bbox 785 1967 1094 2022; x_wconf 88' lang='lat' dir='ltr'>portentosum</span> <span class='ocrx_word' id='word_1_152' title='bbox 1126 1951 1334 2019; x_wconf 86' lang='lat' dir='ltr'>quiddam</span> <span class='ocrx_word' id='word_1_153' title='bbox 1354 1989 1366 2009; x_wconf 95' lang='lat'>,</span> <span class='ocrx_word' id='word_1_154' title='bbox 1400 1941 1533 1998; x_wconf 84' lang='lat' dir='ltr'>raram</span> <span class='ocrx_word' id='word_1_155' title='bbox 1556 1950 1686 2004; x_wconf 74' lang='grc' dir='ltr'>ανήη,</span> 
     </span>
     <span class='ocr_line' id='line_1_21' title="bbox 275 2037 1695 2115; baseline -0.007 -21"><span class='ocrx_word' id='word_1_156' title='bbox 275 2047 462 2113; x_wconf 75' lang='lat' dir='ltr'>nigroque</span> <span class='ocrx_word' id='word_1_157' title='bbox 494 2045 630 2115; x_wconf 86' lang='lat' dir='ltr'>Cycno</span> <span class='ocrx_word' id='word_1_158' title='bbox 658 2045 900 2092; x_wconf 75' lang='lat' dir='ltr'>simillimam</span> <span class='ocrx_word' id='word_1_159' title='bbox 930 2044 1122 2106; x_wconf 84' lang='lat' dir='ltr'>(Juven.</span> <span class='ocrx_word' id='word_1_160' title='bbox 1146 2052 1225 2090; x_wconf 87' lang='lat' dir='ltr'>sat.</span> <span class='ocrx_word' id='word_1_161' title='bbox 1249 2042 1313 2088; x_wconf 87' lang='lat' dir='ltr'>VI</span> <span class='ocrx_word' id='word_1_162' title='bbox 1329 2077 1342 2098; x_wconf 92' lang='lat'>‚</span> <span class='ocrx_word' id='word_1_163' title='bbox 1374 2038 1526 2100; x_wconf 85' lang='lat'>165),</span> <span class='ocrx_word' id='word_1_164' title='bbox 1551 2037 1695 2085; x_wconf 83' lang='lat' dir='ltr'>dicere</span> 
     </span>
     <span class='ocr_line' id='line_1_22' title="bbox 272 2132 691 2181; baseline -0.01 1"><span class='ocrx_word' id='word_1_165' title='bbox 272 2153 362 2181; x_wconf 92' lang='lat' dir='ltr'>non</span> <span class='ocrx_word' id='word_1_166' title='bbox 390 2132 691 2180; x_wconf 85' lang='lat' dir='ltr'>dubitaverim.</span> 
     </span>
    </p>

    <p class='ocr_par' dir='ltr' id='par_1_5' title="bbox 210 2212 1699 2814">
     <span class='ocr_line' id='line_1_23' title="bbox 339 2212 1692 2279; baseline -0.007 -11"><span class='ocrx_word' id='word_1_167' title='bbox 339 2218 670 2268; x_wconf 88' lang='lat' dir='ltr'>Providendum</span> <span class='ocrx_word' id='word_1_168' title='bbox 692 2236 799 2279; x_wconf 90' lang='lat' dir='ltr'>ergo</span> <span class='ocrx_word' id='word_1_169' title='bbox 825 2216 933 2264; x_wconf 84' lang='lat' dir='ltr'>mihi</span> <span class='ocrx_word' id='word_1_170' title='bbox 963 2216 1072 2273; x_wconf 89' lang='lat' dir='ltr'>fuit,</span> <span class='ocrx_word' id='word_1_171' title='bbox 1103 2226 1182 2273; x_wconf 90' lang='lat' dir='ltr'>ut,</span> <span class='ocrx_word' id='word_1_172' title='bbox 1219 2224 1413 2262; x_wconf 88' lang='lat' dir='ltr'>cessante</span> <span class='ocrx_word' id='word_1_173' title='bbox 1439 2212 1495 2260; x_wconf 89' lang='lat' dir='ltr'>ad</span> <span class='ocrx_word' id='word_1_174' title='bbox 1518 2223 1692 2278; x_wconf 87' lang='lat' dir='ltr'>tempus</span> 
     </span>
     <span class='ocr_line' id='line_1_24' title="bbox 274 2298 1693 2369; baseline -0.008 -13"><span class='ocrx_word' id='word_1_175' title='bbox 274 2307 441 2369; x_wconf 86' lang='lat' dir='ltr'>collega</span> <span class='ocrx_word' id='word_1_176' title='bbox 463 2318 507 2354; x_wconf 88' lang='lat' dir='ltr'>et</span> <span class='ocrx_word' id='word_1_177' title='bbox 524 2305 663 2354; x_wconf 89' lang='lat' dir='ltr'>amico</span> <span class='ocrx_word' id='word_1_178' title='bbox 676 2341 688 2362; x_wconf 90' lang='lat'>,</span> <span class='ocrx_word' id='word_1_179' title='bbox 713 2321 842 2369; x_wconf 93' lang='lat' dir='ltr'>quem</span> <span class='ocrx_word' id='word_1_180' title='bbox 861 2314 1004 2350; x_wconf 89' lang='lat' dir='ltr'>totum</span> <span class='ocrx_word' id='word_1_181' title='bbox 1021 2301 1131 2349; x_wconf 84' lang='lat' dir='ltr'>mihi</span> <span class='ocrx_word' id='word_1_182' title='bbox 1149 2301 1344 2366; x_wconf 85' lang='lat' dir='ltr'>meisque</span> <span class='ocrx_word' id='word_1_183' title='bbox 1363 2299 1567 2347; x_wconf 88' lang='lat' dir='ltr'>devotum</span> <span class='ocrx_word' id='word_1_184' title='bbox 1582 2298 1693 2362; x_wconf 84' lang='lat' dir='ltr'>jam-</span> 
     </span>
     <span class='ocr_line' id='line_1_25' title="bbox 272 2386 1693 2461; baseline -0.006 -20"><span class='ocrx_word' id='word_1_185' title='bbox 272 2395 443 2461; x_wconf 87' lang='lat' dir='ltr'>pridem</span> <span class='ocrx_word' id='word_1_186' title='bbox 466 2393 686 2460; x_wconf 84' lang='lat' dir='ltr'>experior,</span> <span class='ocrx_word' id='word_1_187' title='bbox 706 2390 977 2457; x_wconf 89' lang='lat' dir='ltr'>memorique</span> <span class='ocrx_word' id='word_1_188' title='bbox 1002 2389 1199 2452; x_wconf 83' lang='lat' dir='ltr'>gratulor</span> <span class='ocrx_word' id='word_1_189' title='bbox 1218 2391 1362 2437; x_wconf 89' lang='lat' dir='ltr'>animo</span> <span class='ocrx_word' id='word_1_190' title='bbox 1376 2424 1387 2444; x_wconf 94' lang='lat'>,</span> <span class='ocrx_word' id='word_1_191' title='bbox 1415 2386 1524 2434; x_wconf 90' lang='lat' dir='ltr'>alius</span> <span class='ocrx_word' id='word_1_192' title='bbox 1544 2404 1693 2434; x_wconf 91' lang='lat' dir='ltr'>succe-</span> 
     </span>
     <span class='ocr_line' id='line_1_26' title="bbox 277 2473 1695 2548; baseline -0.008 -17"><span class='ocrx_word' id='word_1_193' title='bbox 277 2483 398 2531; x_wconf 86' lang='lat' dir='ltr'>deret</span> <span class='ocrx_word' id='word_1_194' title='bbox 417 2521 429 2541; x_wconf 95' lang='lat'>,</span> <span class='ocrx_word' id='word_1_195' title='bbox 467 2483 544 2548; x_wconf 90' lang='lat' dir='ltr'>qui</span> <span class='ocrx_word' id='word_1_196' title='bbox 565 2501 655 2530; x_wconf 92' lang='lat' dir='ltr'>non</span> <span class='ocrx_word' id='word_1_197' title='bbox 675 2481 815 2547; x_wconf 89' lang='lat' dir='ltr'>impar</span> <span class='ocrx_word' id='word_1_198' title='bbox 835 2478 981 2528; x_wconf 85' lang='lat' dir='ltr'>labori</span> <span class='ocrx_word' id='word_1_199' title='bbox 1001 2477 1181 2525; x_wconf 85' lang='lat' dir='ltr'>ferendo</span> <span class='ocrx_word' id='word_1_200' title='bbox 1196 2514 1207 2534; x_wconf 83' lang='lat'>,</span> <span class='ocrx_word' id='word_1_201' title='bbox 1231 2474 1528 2524; x_wconf 87' lang='lat' dir='ltr'>conclamandi</span> <span class='ocrx_word' id='word_1_202' title='bbox 1549 2473 1695 2522; x_wconf 87' lang='lat' dir='ltr'>locum</span> 
     </span>
     <span class='ocr_line' id='line_1_27' title="bbox 210 2563 1699 2638; baseline -0.008 -19"><span class='ocrx_word' id='word_1_203' title='bbox 210 2630 213 2633; x_wconf 17' lang='lat' dir='ltr'><em>A</em></span> <span class='ocrx_word' id='word_1_204' title='bbox 276 2583 527 2638; x_wconf 88' lang='lat' dir='ltr'>suppeteret</span> <span class='ocrx_word' id='word_1_205' title='bbox 543 2570 802 2628; x_wconf 90' lang='lat' dir='ltr'>lectoribus;</span> <span class='ocrx_word' id='word_1_206' title='bbox 820 2568 962 2616; x_wconf 85' lang='lat' dir='ltr'>Primo</span> <span class='ocrx_word' id='word_1_207' title='bbox 973 2566 1131 2622; x_wconf 70' lang='lat' dir='ltr'>avulso,</span> <span class='ocrx_word' id='word_1_208' title='bbox 1149 2584 1226 2613; x_wconf 87' lang='lat' dir='ltr'>non</span> <span class='ocrx_word' id='word_1_209' title='bbox 1239 2564 1373 2630; x_wconf 67' lang='grc' dir='ltr'>ἅςβείἰ</span> <span class='ocrx_word' id='word_1_210' title='bbox 1385 2564 1490 2611; x_wconf 83' lang='lat' dir='ltr'>alter</span> <span class='ocrx_word' id='word_1_211' title='bbox 1500 2563 1552 2612; x_wconf 88' lang='lat' dir='ltr'><em>A</em></span> <span class='ocrx_word' id='word_1_212' title='bbox 1554 2564 1699 2610; x_wconf 75' lang='lat' dir='ltr'>urens!</span> 
     </span>
     <span class='ocr_line' id='line_1_28' title="bbox 275 2648 1694 2723; baseline -0.008 -18"><span class='ocrx_word' id='word_1_213' title='bbox 275 2660 398 2723; x_wconf 83' lang='lat' dir='ltr'>Virg.</span> <span class='ocrx_word' id='word_1_214' title='bbox 422 2661 521 2708; x_wconf 87' lang='lat' dir='ltr'>AEn.</span> <span class='ocrx_word' id='word_1_215' title='bbox 543 2660 607 2707; x_wconf 84' lang='lat' dir='ltr'>Vl</span> <span class='ocrx_word' id='word_1_216' title='bbox 622 2697 633 2717; x_wconf 95' lang='lat'>,</span> <span class='ocrx_word' id='word_1_217' title='bbox 661 2657 761 2719; x_wconf 72' lang='lat'>143.</span> <span class='ocrx_word' id='word_1_218' title='bbox 784 2659 875 2706; x_wconf 88' lang='lat' dir='ltr'>Nec</span> <span class='ocrx_word' id='word_1_219' title='bbox 896 2655 1106 2722; x_wconf 81' lang='lat' dir='ltr'>quaerenti</span> <span class='ocrx_word' id='word_1_220' title='bbox 1125 2653 1199 2701; x_wconf 87' lang='lat' dir='ltr'>diu</span> <span class='ocrx_word' id='word_1_221' title='bbox 1218 2652 1327 2700; x_wconf 90' lang='lat' dir='ltr'>mihi</span> <span class='ocrx_word' id='word_1_222' title='bbox 1349 2650 1538 2700; x_wconf 88' lang='lat' dir='ltr'>occurrit</span> <span class='ocrx_word' id='word_1_223' title='bbox 1553 2648 1694 2697; x_wconf 70' lang='lat' dir='ltr'>similis</span> 
     </span>
     <span class='ocr_line' id='line_1_29' title="bbox 280 2738 1692 2814; baseline -0.01 -17"><span class='ocrx_word' id='word_1_224' title='bbox 280 2767 462 2814; x_wconf 86' lang='lat' dir='ltr'>prorsus</span> <span class='ocrx_word' id='word_1_225' title='bbox 484 2746 640 2796; x_wconf 81' lang='lat' dir='ltr'>metalli</span> <span class='ocrx_word' id='word_1_226' title='bbox 659 2747 748 2806; x_wconf 86' lang='lat' dir='ltr'>vir,</span> <span class='ocrx_word' id='word_1_227' title='bbox 778 2745 843 2795; x_wconf 90' lang='lat' dir='ltr'>Cl.</span> <span class='ocrx_word' id='word_1_228' title='bbox 871 2742 1287 2794; x_wconf 81' lang='lat' dir='ltr'>Gottlieb-Erdmann</span> <span class='ocrx_word' id='word_1_229' title='bbox 1317 2740 1555 2796; x_wconf 82' lang='lat' dir='ltr'>GIERIG,</span> <span class='ocrx_word' id='word_1_230' title='bbox 1579 2738 1692 2784; x_wconf 80' lang='lat' dir='ltr'>Tre—</span> 
     </span>
    </p>
   </div>
  </div>
 </body>
</html>
