1832 3100
279 240 365 283 502
413 288 420 296 ,

635 242 687 284 Ρ.
730 242 975 286 OVIDII
1012 238 1319 289 NASONIS

278 331 454 389 Sidera3
478 352 614 399 quum
635 333 789 400 rapido
809 333 936 382 fallax
957 335 1121 383 AEetias
1145 336 1236 399 igni

278 407 471 473 Imponit
492 428 651 474 purum
674 409 865 467 laticem,
890 422 933 458 et
955 411 1048 459 sine
1063 412 1230 460 viribus
1247 410 1420 462 herbas.

213 544 216 549 ,
275 485 460 551 Jamque
484 487 579 534 neci
604 487 757 536 similis
772 525 784 545 ‚
807 487 1003 536 resoluto
1030 506 1212 554 corpore
1228 526 1240 547 ‚
1263 508 1408 552 regem
1423 527 1436 548 ‚

277 564 338 611 Et
353 583 451 611 cum
472 584 573 627 rege
598 585 679 614 suo
704 566 908 614 custodes
933 583 1116 613 somnus
1141 565 1354 624 habebat,

277 640 420 702 Quem
446 641 652 690 dederant
676 655 828 691 cantus
845 679 857 698 ‚
877 641 1139 707 magicaeque
1163 642 1359 707 potentia
1376 642 1546 705 linguae.

1616 658 1682 692 330

276 717 495 767 Intrarant
511 719 639 783 jussae
662 739 760 768 cum
786 718 997 767 Colchide
1022 718 1173 767 limina
1195 731 1335 777 natae;

276 795 619 863 Ambierantque
641 809 797 846 torum.
829 819 850 840 «
875 796 998 861 Quid
1020 815 1136 844 nunc
1162 795 1374 844 dubitatis
1397 796 1592 846 inertes?

277 892 301 912 »
330 872 539 935 Stringite
555 910 567 930 ‚
595 874 680 932 ait,
707 873 900 937 gladios;
924 885 1200 939 veteremque
1223 872 1395 920 haurite
1417 892 1642 933 cruorem;

276 968 300 990 »
329 949 391 995 Ut
412 949 600 1014 repleam
624 970 779 999 vacuas
799 950 979 1016 juvenili
1004 949 1213 1013 sanguine
1235 967 1378 1003 venas.

277 1046 300 1068 »
326 1027 379 1072 In
399 1027 603 1074 manibus
626 1028 781 1076 vestris
804 1028 892 1076 vita
913 1039 1000 1085 est,
1026 1038 1214 1091 aetasque
1237 1025 1444 1090 parentis.

1614 1040 1680 1075 335

277 1123 300 1143 »
327 1101 374 1148 Si
396 1102 535 1167 pietas
558 1103 650 1152 ulla
672 1117 762 1163 est,
786 1124 864 1155 nec
890 1124 989 1171 spes
1014 1103 1188 1166 agitatis
1209 1103 1384 1160 inanes,

276 1201 299 1222 »
327 1180 535 1236 Officium
558 1194 758 1247 praestate
780 1183 920 1248 patri3
945 1182 1131 1248 telisque
1158 1191 1374 1229 senectam

275 1278 298 1298 ³>
327 1257 498 1319 Exigite
516 1294 528 1314 ‚
554 1270 598 1306 et
619 1259 783 1307 saniem
807 1259 1006 1323 conjecto
1033 1258 1215 1306 emittite
1238 1255 1368 1305 ferro.
1397 1278 1419 1298 »

272 1335 355 1382 His
370 1372 381 1391 ,
407 1347 456 1382 ut
480 1355 661 1402 quaeque
683 1337 753 1402 pia
778 1348 869 1394 est,
895 1336 1148 1384 hortatibus
1172 1334 1305 1400 impia
1327 1333 1468 1400 prima
1489 1346 1583 1408 estj,

271 1413 331 1460 Et
353 1432 406 1460 ne
431 1412 487 1459 sit
507 1412 710 1461 scelerata
724 1451 735 1471 ,
758 1414 861 1462 facit
881 1412 1021 1462 scelus
1046 1432 1055 1460 ε
1079 1412 1198 1460 haud
1223 1424 1365 1460 tamen
1387 1411 1500 1459 ictus

1619 1426 1684 1470 340

275 1489 377 1537 Ulla
399 1509 503 1537 suos
525 1502 718 1556 spectare
741 1503 916 1556 potest;
944 1489 1183 1555 oculosque
1206 1488 1459 1546 reflectunt;

274 1568 480 1632 Caecaque
505 1568 611 1614 dant
635 1568 756 1615 saevis
780 1587 936 1615 aversae
959 1567 1136 1615 vulnera
1160 1566 1337 1614 dextris.

274 1642 352 1691 Ille
367 1681 378 1699 ‚
403 1662 556 1691 cruore
579 1643 717 1690 fluens
731 1679 743 1700 ‚
771 1643 922 1690 cubito
948 1654 1090 1690 tamen
1114 1643 1283 1690 adlevat
1300 1655 1420 1690 artus
1441 1663 1451 1699 3

273 1719 590 1785 Semilacerque
614 1731 713 1767 toro
739 1738 999 1782 consurgere
1026 1705 1258 1773 tentatset
1279 1718 1394 1764 inter

272 1798 362 1844 Tot
385 1796 555 1844 medius
578 1795 747 1857 gladios
771 1795 977 1861 pallentia
1003 1794 1183 1842 brachia
1206 1794 1389 1842 tendens
1403 1831 1415 1851 ‚
1617 1809 1681 1854 345

280 1897 301 1916 «
330 1873 452 1936 Quid
476 1872 641 1928 facitis,
668 1873 844 1934 gnatae?
867 1872 973 1938 quid
996 1891 1072 1919 vos
1097 1871 1143 1919 in
1163 1871 1250 1918 sata
1275 1870 1470 1937 parentis

279 1971 303 1992 »
331 1951 515 1998 Armati)
539 1971 560 1990 »
584 1948 656 1996 ait.
682 1947 884 1996 Cecidere
906 1947 994 1996 illis
1018 1948 1237 2014 animique
1253 1984 1264 2005 ‚
1291 1965 1545 2013 manusque.

316 2072 390 2106 326.
410 2074 535 2105 Fallax
549 2073 701 2111 AEelias;
728 2070 856 2105 Medea
872 2071 944 2104 sal—

272 2123 366 2160 lendi
385 2124 502 2168 perita.
519 2125 583 2156 Ed.
595 2141 639 2149 —-
658 2123 710 2157 De
721 2125 836 2167 rapido
847 2125 920 2167 igne
931 2150 939 2163 ,

274 2176 352 2211 vide
364 2175 404 2217 ad
419 2176 454 2210 II
464 2202 473 2217 ‚
493 2175 562 2209 123.
574 2193 618 2201 —
627 2176 787 2208 Resoluta
798 2186 944 2219 corpore;

274 2228 352 2263 vide
368 2227 408 2262 ad
422 2239 560 2261 versum
577 2228 870 2265 185.—Habebal,
891 2240 948 2272 op-

274 2292 429 2326 pressum
444 2279 767 2313 tenebat-Causas
782 2285 817 2312 et
832 2281 948 2322 llngua

275 2332 400 2367 eodem
413 2330 581 2374 redeunt,
595 2337 652 2373 ut,
668 2343 768 2364 versu
782 2330 844 2363 203
857 2356 867 2373 ‚
879 2344 948 2364 ver-

277 2388 320 2419 ba
336 2392 371 2419 et
387 2397 529 2418 carmen.

318 2437 392 2471 332.
417 2438 515 2471 Nunc
531 2463 539 2477 ,
568 2448 675 2481 quum
705 2435 883 2470 manifesta
912 2442 947 2470 et

275 2491 417 2536 probata
443 2490 514 2535 iam
540 2490 582 2524 sit
604 2491 652 2525 vis
676 2489 947 2524 medicaminum

276 2554 436 2577 meorum
454 2555 494 2576 ex
513 2542 618 2575 ariete
640 2541 675 2585 in
694 2554 822 2586 agnum
838 2554 945 2576 verso.

277 2593 405 2626 BURM.
433 2592 505 2626 Nisi
537 2592 635 2626 malis
665 2588 784 2637 putare
796 2617 805 2633 ‚
837 2604 940 2631 nunc,

276 2650 460 2688 conspecto
478 2650 595 2687 patre,
615 2643 798 2677 abhorrere
811 2643 947 2687 coepisse

277 2709 295 2729 a
306 2695 447 2728 vulnere
460 2694 849 2739 infligenda—Hamae
859 2708 948 2729 cruo-

277 2760 352 2780 rem.
372 2745 460 2780 Vide
477 2745 518 2779 ad
535 2746 645 2789 XIII,
668 2746 741 2781 331.

1042 2071 1115 2105 335.
1125 2072 1164 2104 In
1171 2073 1323 2104 manibus
1331 2077 1395 2104 etc.
1403 2070 1471 2105 Hic
1477 2083 1594 2105 versus
1600 2083 1682 2106 meo

1009 2123 1138 2157 calculo
1148 2122 1239 2156 inter
1252 2122 1467 2156 Nasonianos
1475 2134 1555 2156 cum
1567 2123 1683 2157 Hein-

1009 2177 1058 2210 sio
1071 2188 1142 2209 non
1155 2174 1412 2209 admittendum
1425 2181 1509 2221 puto
1521 2202 1531 2219 ,
1548 2175 1682 2211 etiamsi

1010 2227 1045 2261 in
1066 2227 1250 2262 Codicibus
1265 2226 1390 2261 nostris
1407 2227 1549 2272 legatur.
1562 2229 1627 2262 Ed.

1053 2278 1126 2316 336,
1146 2279 1316 2321 Agitatis,
1341 2277 1377 2311 in
1395 2277 1513 2311 animo
1531 2278 1626 2313 alitis.
1639 2295 1683 2304 --

1010 2330 1164 2372 Emgrue,
1181 2328 1347 2374 expellite.
1358 2346 1403 2354 —
1416 2329 1551 2369 Sanies,
1569 2328 1682 2363 omnis

1010 2379 1138 2414 humor
1163 2388 1354 2426 corruptus.
1386 2381 1489 2415 Nunc
1514 2381 1682 2417 invidiose

1010 2431 1058 2465 ita
1069 2439 1166 2466 vocat
1177 2432 1382 2476 sanguinem
1393 2432 1484 2467 senis
1495 2431 1659 2478 decrepiti
1671 2459 1680 2476 ,

1011 2497 1115 2529 quem
1143 2485 1244 2529 paulo
1267 2491 1346 2518 ante
1371 2489 1509 2518 veterem
1535 2498 1681 2520 cruorem

1011 2537 1202 2582 appellavit.

1053 2590 1128 2637 339.
1161 2592 1245 2629 His,
1277 2594 1316 2623 ul
1338 2597 1402 2624 etc.
1428 2589 1532 2624 Ludit
1554 2589 1680 2635 duplici

1011 2655 1187 2689 oxymoro.
1204 2661 1247 2668 —-
1266 2644 1379 2683 Caeca,
1413 2656 1431 2677 a
1455 2643 1578 2687 quibus
1599 2643 1679 2686 ipsae

1011 2703 1172 2730 avertunt
1181 2696 1350 2730 oculos.—-
1357 2697 1421 2730 Tol
1422 2697 1564 2739 gladios,
1581 2707 1678 2728 nern-

1011 2761 1052 2792 pe
1067 2755 1231 2792 quatuor-3
1250 2755 1300 2783 tot
1317 2748 1410 2783 enim
1427 2748 1457 2782 ei
1473 2753 1572 2782 eraut
1588 2746 1676 2781 filiae.
