1832 3100
295 179 986 246 METAMORPHOSEON
1019 201 1147 246 ΜΒ.
1186 203 1307 247 vn.

1427 202 1512 245 525

99 294 286 345 Admoti
306 295 481 362 quoties
505 292 682 360 templis
697 330 709 351 ,
735 292 840 341 dum
863 304 967 341 vota
989 294 1194 342 sacerdos

101 372 338 440 Concipit,
363 384 408 421 et
429 371 579 420 fundit
596 390 760 438 purum
785 371 901 446 inter
925 390 1087 419 cornua
1108 372 1283 429 vinum,

101 450 238 500 Haud
260 460 513 516 exspectato
536 448 789 497 ceciderunt
810 446 988 495 vulnere
1015 446 1153 494 tauri!

1457 462 1520 509 595

103 529 206 595 lpse
228 545 311 590 ego
336 545 457 575 sacra
478 526 582 574 Jovi
605 545 688 592 pro
711 544 804 583 me,
828 524 1058 591 patriaque
1072 561 1084 582 ,
1110 524 1342 591 tribusque

107 605 260 669 Quum
282 603 469 653 facerem
493 604 632 662 natis,
653 603 851 666 mugitus
873 602 1048 650 victima
1071 601 1191 650 diros

105 682 282 741 Edidit;
307 694 351 732 et
369 682 521 743 subito
545 680 739 748 collapsa
761 681 854 729 sine
873 680 1037 728 ictibus
1061 679 1165 728 ullis

103 762 280 826 Exiguo
306 761 439 809 tinxit
462 760 688 826 subjectos
715 758 928 822 sanguine
953 756 1134 806 cultros.

105 839 241 889 Fibra
260 857 438 906 quoque
462 857 576 901 aegra
593 848 722 885 notas
745 836 834 885 veri
853 836 1139 902 monitusque
1161 835 1360 883 Deorum

1463 850 1530 884 600

82 921 84 924 ’
106 918 391 968 Perdiderat:
411 916 560 964 tristes
582 926 816 982 penetrant
833 914 888 962 ad
912 913 1076 962 viscera
1094 913 1254 961 morbi.

106 1003 224 1050 Ante
246 1018 395 1048 sacros
417 997 508 1047 vidi
530 997 726 1064 projecta
750 996 957 1044 cadavera
979 1007 1133 1062 postes
1154 1016 1163 1043 :

110 1085 229 1132 Ante
248 1082 391 1149 ipsas,
418 1099 507 1147 quo
528 1098 650 1127 mors
671 1078 787 1127 foret
804 1077 1090 1135 invidiosior,
1116 1095 1211 1126 aras

112 1165 221 1214 Pars
245 1164 435 1213 animam
457 1161 620 1229 laqueo
646 1160 882 1219 claudunt,
907 1160 1153 1226 mortisque
1176 1159 1378 1207 timorem

112 1308 262 1338 exorate
285 1314 305 1336 a
326 1300 404 1336 Diis
426 1312 557 1346 preces.
576 1317 621 1325 —
641 1300 784 1340 Anima,

113 1353 199 1398 vita,
217 1353 310 1400 quod
325 1366 418 1388 unus
434 1352 514 1388 MS.
526 1365 545 1387 e
558 1351 667 1398 glossa
676 1351 793 1386 habet.

158 1406 233 1454 593.
257 1405 404 1440 Admoti
414 1408 541 1451 quoties
557 1407 689 1448 templis
701 1431 709 1445 ,
729 1410 793 1438 etc.

115 1459 282 1507 Virgilius
293 1485 303 1503 ,
319 1459 449 1505 Georg.
461 1458 531 1502 III,
549 1458 631 1502 486:
651 1458 741 1501 Soepe
758 1460 795 1491 in

113 1516 237 1549 honore
250 1514 360 1548 Deum
378 1514 486 1548 medio
500 1517 597 1546 stans
618 1513 731 1545 hostia
749 1512 800 1545 ad

114 1579 209 1602 aram
219 1593 229 1607 ,
243 1567 361 1600 lanea
370 1567 447 1599 dum
465 1569 562 1599 nivea
573 1565 800 1599 circumdatur

113 1619 226 1665 insula
235 1622 336 1660 vitta,
361 1621 454 1654 Inter
465 1622 661 1653 cunctantes
675 1618 800 1652 cecidit

115 1673 312 1707 moribunda
337 1674 517 1705 mmttetros.
543 1671 619 1705 Aut
639 1673 677 1704 si
697 1683 796 1715 quam

106 1724 203 1770 ferro
216 1728 422 1759 mactaverat
431 1728 511 1758 ante
524 1725 691 1763 sacerdos,
714 1724 797 1756 Inde

115 1789 221 1822 neque
235 1779 401 1821 mpoum
413 1778 534 1810 ardent
547 1777 800 1821 allarae'afibrt's,·

118 1830 190 1865 Nec
199 1842 359 1874 responsa
361 1832 476 1873 potest
483 1830 656 1862 consultus
667 1829 801 1861 reddere

114 1888 231 1918 vates:
240 1883 296 1917 Ac
305 1885 365 1917 υιέτ
371 1884 538 1926 suppositi
544 1884 659 1924 tingun
662 1884 717 1913 tur
723 1892 800 1913 san-

115 1937 218 1979 gaiae
231 1936 346 1974 cultri,
363 1932 560 1977 Summaque
565 1931 691 1975 jejuna
706 1933 804 1964 sanic·

118 1986 312 2031 infuscatur
324 1997 438 2020 arena.
457 2002 501 2009 —
526 1984 613 2018 Vota
634 1986 798 2026 conc1p1‘t‚

120 2038 309 2074 formulam
320 2049 464 2084 precum
474 2036 608 2079 recitat,
626 2034 802 2080 conceptis

121 2091 235 2127 verbis
247 2096 410 2137 precatur
427 2101 435 2124 z
452 2088 612 2132 Tacitus,
627 2088 717 2122 Hist.
732 2087 799 2131 IV,

123 2144 144 2179 3
151 2157 162 2178 ι
169 2169 179 2187 ,
182 2143 416 2188 ]“ιινιζε]”ιιναηᾶι’
421 2143 522 2176 verba
529 2143 709 2184 concipere,
722 2151 804 2184 pro—

123 2196 293 2232 nunciare
307 2194 497 2230 sormulam
511 2189 748 2237 jurisjurandi.
758 2208 804 2217 —

123 2252 248 2286 Parum
273 2261 462 2284 commune
484 2258 605 2281 rerum
626 2257 803 2279 sacrarum

123 2301 315 2349 epitheton.
336 2299 394 2336 'Sic
411 2299 467 2342 11,
489 2299 551 2345 7¹3
564 2324 573 2342 ,
587 2310 675 2342 pura
693 2309 797 2335 vasa,

123 2354 183 2390 ubi
198 2354 268 2388 vid.
285 2359 409 2388 not.—
427 2353 567 2391 Vulnus,
586 2349 672 2384 ictus
683 2348 804 2391 cultri,

122 2418 342 2452 consequens
350 2417 413 2451 pro
422 2416 466 2438 an
471 2402 614 2438 teceden
621 2401 806 2437 te.—Mala

125 2460 244 2495 omnia
255 2486 265 2504 ,
283 2460 311 2494 si
328 2459 467 2494 victima
480 2463 624 2503 repente
639 2458 786 2490 cadebat
795 2482 803 2496 ,

123 2515 267 2557 mugitus
281 2511 406 2547 edebat
420 2537 429 2554 ,
447 2513 663 2554 exiguumque·
678 2507 808 2542 sunde-

124 2566 186 2602 bat
199 2569 404 2610 sangumem.
423 2564 553 2610 Largus
567 2569 689 2598 contra
704 2574 809 2596 cruor

127 2619 279 2654 faustum
291 2617 441 2663 signum.
455 2614 588 2650 Plinius
600 2641 607 2654 ‚
628 2614 766 2656 Pan-V,
777 2613 808 2646 3.

128 2669 355 2713 —Subjcctos
366 2695 374 2709 ‚
400 2668 436 2702 in
457 2667 559 2702 sacris
574 2666 675 2702 cultri
692 2666 811 2700 subter

131 2722 292 2769 jugulum
309 2720 399 2767 adigi
415 2719 580 2758 solebant.

901 1298 978 1333 600.
1006 1299 1135 1339 Fibra5
1161 1296 1258 1332 fibrae
1274 1296 1413 1342 proprie
1432 1304 1531 1332 exto—⁷

848 1363 939 1385 ‘rum
963 1350 1219 1394 extremitates,
1245 1349 1372 1384 deinde
1391 1350 1539 1385 omnino

860 1412 935 1439 exta
946 1430 955 1447 ,
968 1404 1034 1438 hoc
1048 1410 1115 1444 est,
1135 1404 1245 1448 jecur,
1259 1415 1332 1446 cor,
1345 1403 1539 1448 pulmones.

860 1458 1024 1500 -AEgra,
1046 1456 1227 1490 vitiata.—-
1240 1457 1350 1490 Notas
1365 1456 1539 1502 verisigna

862 1508 986 1554 quibus
1011 1521 1136 1543 verum
1164 1508 1395 1554 cognoscitur.
1413 1509 1479 1543 Ed.
1498 1527 1541 1534 -

860 1562 1059 1595 Perdiderat
1072 1587 1082 1603 ‚
1115 1559 1210 1605 quod
1241 1567 1322 1594 ante
1351 1559 1541 1594 Heinsium

860 1612 1067 1658 vulgabatur
1082 1638 1092 1656 ,
1119 1619 1155 1646 et
1182 1612 1218 1645 in
1245 1611 1404 1657 plurimis
1432 1612 1541 1648 MSS.

864 1667 923 1709 (et
936 1666 973 1699 in
986 1665 1104 1711 Regiis
1112 1665 1240 1699 nostris
1250 1663 1408 1710 quoque)
1420 1672 1540 1709 exstat,

862 1716 1020 1751 revocavi
1037 1716 1112 1751 loco
1121 1718 1327 1760 prodiderat.
1343 1716 1450 1750 Dolet
1462 1716 1542 1751 AEa-

863 1782 923 1804 cus
937 1795 946 1812 ,
967 1769 1062 1814 quod
1079 1782 1122 1803 ne
1141 1782 1182 1802 ex
1203 1769 1283 1812 ipsis
1297 1768 1442 1812 quidem
1461 1769 1545 1804 extis

864 1821 1006 1856 consilia
1017 1821 1177 1854 Deorum
1188 1820 1224 1854 in
1239 1833 1276 1854 re
1290 1826 1361 1854 tarn
1372 1820 1460 1854 tristi
1475 1822 1547 1866 peti

865 1872 1066 1917 potuerint:
1084 1872 1243 1906 morbida
1260 1872 1357 1906 enim
1374 1872 1424 1906 vis
1429 1874 1546 1916 perdi*

865 1927 979 1966 derat,
1004 1931 1208 1970 corruperat
1236 1924 1309 1969 ipsa
1329 1924 1460 1959 viscera
1470 1951 1479 1968 ,
1506 1932 1545 1958 ut

866 1991 976 2012 verum
1002 1977 1084 2012 inde
1108 1978 1268 2023 cognosci
1298 1977 1391 2011 haud
1421 1985 1546 2022 posset.

867 2030 1016 2066 Lenzius
1024 2032 1222 2075 prodiderat
1232 2029 1318 2075 expl.
1334 2027 1546 2065 deseruerat.

867 2084 1010 2117 —Ante
1024 2087 1120 2127 tpsas
1132 2109 1139 2122 ‚
1156 2089 1220 2117 etc.
1234 2082 1314 2117 Hoc
1325 2082 1397 2126 jam
1413 2081 1545 2117 dictum

868 2149 970 2171 versu
988 2138 1063 2183 59¹·
1090 2135 1220 2181 Regius
1242 2135 1347 2181 igitur
1370 2142 1448 2181 post
1469 2149 1549 2170 aras

869 2186 963 2221 delet
982 2193 1174 2232 punctum,
1202 2193 1240 2220 ut
1259 2186 1332 2221 haec
1349 2187 1547 2221 cohaereant

869 2254 950 2276 cum
958 2241 1193 2286 sequentibus.
1205 2241 1288 2276 Non
1300 2241 1390 2275 male
1402 2254 1409 2276 ε
1424 2241 1455 2275 ei
1465 2254 1549 2287 ergo

870 2296 1082 2340 obsequutus
1091 2296 1407 2335 sum.—-In91'd1'osa,
1418 2293 1549 2337 odiosa,

871 2349 1120 2383 abominabilis.
1130 2349 1312 2383 Lucretius
1325 2375 1334 2391 ,
1349 2349 1402 2383 VI
1415 2375 1424 2391 ,
1448 2360 1549 2393 1270:

875 2402 997 2436 Omnia
1008 2403 1147 2445 deniqne
1160 2405 1281 2435 sancta
1289 2402 1399 2434 Deum
1415 2402 1552 2434 delubra

870 2455 1014 2497 replerat
1037 2454 1233 2496 Corporibus
1253 2465 1340 2486 mors
1360 2455 1553 2495 exanimis,-

872 2513 907 2540 et
923 2507 1004 2550 ¹²74
1020 2518 1027 2539 :
1044 2507 1113 2539 Nec
1120 2505 1199 2549 jam
1208 2507 1325 2549 reliffl'o
1335 2506 1468 2545 Divum,
1490 2517 1551 2539 nec

873 2561 1010 2592 numina
1040 2559 1158 2601 magni
1175 2559 1410 2591 pendebantur
1431 2569 1442 2591 .’
1466 2560 1552 2591 enim

869 2624 1016 2657 presens
1030 2613 1128 2645 dolor
1146 2614 1376 2654 exsuperabat.
1391 2629 1436 2636 —
1450 2610 1487 2644 A
1488 2613 1550 2644 ηἰ-

875 2677 963 2698 mam
989 2666 1150 2697 claudunt
1164 2690 1172 2703 ,
1202 2662 1354 2697 breviter
1367 2689 1376 2706 ‚
1404 2661 1524 2696 clausis
1543 2688 1552 2704 ‚

876 2715 1069 2751 constrictis
1088 2741 1098 2759 ,
1120 2715 1243 2760 laqueo
1269 2714 1424 2751 faucibus
1442 2716 1554 2759 impe-
