1832 3100
298 239 1023 286 METAMORPHOSEON
1059 244 1193 287 LIB.
1236 245 1369 289 VII.

1472 243 1562 304 489

134 356 158 378 »
183 335 287 383 Non
308 334 426 383 sinat
447 333 535 382 hoc
558 334 753 392 Hecate.;
773 352 853 382 nec
878 345 926 381 tu
950 334 1067 400 petis
1091 354 1238 402 aequa3
1263 337 1341 385 sed
1365 336 1456 386 isto
1474 375 1485 397 ,

136 434 158 454 η
185 410 326 476 Quod
347 411 462 478 petis
479 447 492 469 ‚
514 410 713 477 experiar
734 411 877 476 majus
899 411 1001 460 dare
1024 431 1187 460 munus
1203 450 1215 470 ‚
1237 415 1381 463 Iason.

1501 429 1564 474 175

134 510 157 530 »
181 489 291 538 Arte
310 507 407 538 mea
429 489 572 537 soceri
592 487 780 552 longum
804 489 1074 538 tentabimus
1096 508 1233 538 aevum
1247 528 1258 548 ‚

135 588 158 608 »
182 567 287 615 Non
303 567 438 615 annis
454 585 657 616 revocare
682 566 772 616 tuis
786 605 799 626 ‚
819 567 955 616 modo
974 567 1089 615 Diva
1111 567 1325 617 triformis

134 665 158 687 ι)
185 642 404 709 Adjuvet3
429 656 474 693 et
493 664 686 712 praesens
707 644 968 709 ingentibus
990 646 1156 694 adnuat
1181 647 1314 695 ausis.
1341 669 1364 690 »

128 721 240 769 Tres
258 719 443 770 aberant
461 733 617 770 noctes
632 759 644 781 ,
668 733 720 770 ut
743 741 910 771 cornua
932 735 1027 772 tota
1051 723 1246 782 coirent,

130 798 454 866 Efficerentque
475 799 631 848 orbem
650 819 660 848 :
680 812 922 867 postquam
944 801 1203 868 plenissima
1222 801 1350 851 fulsit
1363 839 1374 859 ‚

1505 815 1566 849 180

132 879 195 927 Et
219 877 364 927 solida
387 890 526 928 terras
548 878 763 946 spectavit
783 878 972 943 imagine
996 881 1149 939 Luna3

130 956 372 1020 Egreditur
394 956 522 1017 tectis
536 994 548 1016 ,
572 968 716 1006 vestes
736 956 895 1006 induta
917 958 1163 1019 recinctas,

129 1033 262 1081 Nuda
283 1032 441 1100 pedem
456 1071 468 1092 ,
487 1033 634 1083 nudos
656 1034 853 1084 humeris
878 1035 1025 1084 infusa
1048 1034 1233 1102 capillos
1253 1052 1264 1092 ;

131 1113 323 1179 Fertque
345 1123 481 1175 vagos
507 1112 662 1162 mediae
685 1132 766 1180 per
787 1125 910 1162 muta
934 1112 1109 1162 silentia
1131 1111 1278 1161 noctis

132 1243 272 1280 addere.
288 1244 352 1281 Est
368 1252 487 1280 autem
502 1248 723 1281 transcribere
735 1259 817 1281 ver-

130 1297 217 1333 bum
222 1299 489 1344 soenera'torum,
499 1299 558 1345 qui
570 1300 734 1345 pecunias
744 1299 816 1334 aliis

130 1351 360 1388 creditoribus
373 1355 608 1388 transcribunt.

178 1419 191 1440 ι
199 1408 251 1453 74.
267 1407 345 1441 Non
353 1409 449 1441 sina!
457 1407 543 1448 hoc;
559 1405 816 1441 averruncandi

129 1458 539 1503 formula.—Quodpctis
548 1486 558 1501 ,
574 1462 728 1502 experiar
733 1473 815 1494 ma-

122 1512 187 1556 jus
203 1517 270 1546 etc.
289 1509 326 1546 Ο
347 1511 456 1546 Jason
470 1537 480 1555 ,
510 1518 548 1546 tu
568 1523 698 1547 munus
721 1524 740 1545 a
758 1523 815 1546 me

129 1563 219 1609 petis
228 1562 272 1598 de
282 1563 389 1609 patris
402 1570 502 1598 aetate
514 1562 718 1598 renovanda
731 1578 740 1605 ;
753 1576 818 1598 co-

130 1616 244 1652 nabor
256 1615 339 1652 dare
354 1618 468 1662 majus
482 1629 589 1662 quarn
607 1616 696 1662 petis
711 1628 815 1650 :nam

131 1667 231 1703 illum
250 1667 294 1703 ad
311 1668 536 1713 juventutem
552 1667 756 1709 traducam;
780 1674 818 1701 et

131 1719 175 1756 de
186 1720 254 1756 tuis
264 1720 366 1755 annis
377 1721 436 1766 qui
447 1727 581 1756 restant
590 1718 679 1754 nihil
689 1719 815 1754 decer-

130 1786 225 1819 pam.
242 1774 310 1808 Ed.

177 1839 191 1860 1
198 1839 249 1872 77.
259 1827 353 1860 Dim
360 1826 544 1871 lrtsormis,·
557 1826 691 1861 Hecate
703 1839 816 1861 vene-

130 1875 294 1912 ficiorum
309 1878 579 1923 carminumque
599 1885 733 1913 auctor.
748 1879 815 1912 Ed.

130 1929 348 1971 —Praeseas‚
365 1929 525 1974 propitia.
538 1930 604 1964 Ed.

181 1993 194 2015 1
202 1993 254 2028 79.
268 1982 350 2016 Tres
361 1983 504 2016 aberant
514 1987 649 2024 noctes,·
661 1982 819 2028 sequitur

131 2034 229 2069 locus
252 2033 410 2069 classicus
426 2033 470 2068 de
489 2041 562 2069 arte
586 2034 719 2080 magica
734 2061 744 2078 ,
772 2034 816 2069 de

133 2099 202 2132 qua
211 2086 313 2121 multi
321 2093 435 2132 poetae
444 2085 562 2130 latini,
582 2086 725 2132 genium
743 2099 816 2122 suae

132 2141 242 2176 aetatis
252 2141 391 2186 sequuti
407 2153 416 2175 z
435 2140 623 2184 Horatius,
642 2140 756 2186 Epod.
768 2141 816 2185 V,

133 2193 242 2230 XVII
253 2208 263 2235 ς
274 2192 347 2228 Sat.
359 2192 388 2236 1,
404 2203 478 2227 vm
489 2207 498 2235 ;
512 2192 611 2238 Virg.
625 2192 698 2227 Ecl.
710 2193 817 2237 VIII,

133 2245 219 2281 AEn.
242 2246 309 2290 IV,
329 2248 395 2291 504
412 2259 486 2292 sqq.
504 2261 514 2288 ;
538 2246 721 2291 Lucanus,
741 2247 794 2282 VI
807 2274 817 2291 ,

132 2301 220 2343 4oa;
239 2299 380 2344 Noster,
401 2300 493 2334 Fast.
509 2300 556 2343 V,
574 2301 662 2347 429:
681 2300 723 2334 ad
741 2313 818 2346 quae

130 2351 208 2387 loca
217 2351 429 2398 interpretes
441 2353 521 2387 istas
535 2353 754 2398 teratologias
765 2366 820 2388 sa·

132 2404 176 2439 tis
190 2403 419 2440 illustrarunt.
437 2403 573 2440 Confer
584 2406 690 2440 etiarn
700 2405 819 2451 Apol-

132 2456 205 2493 lou.
218 2457 275 2493 111
286 2484 296 2502 ,
311 2459 404 2494 1028.
414 2459 542 2494 Noster
554 2459 590 2493 in
602 2459 724 2505 primis
733 2460 817 2494 imi—

133 2517 225 2546 tatus
240 2518 293 2546 est
305 2512 422 2547 locum
435 2525 476 2547 ex
486 2513 651 2549 AEneide.
669 2513 819 2549 Summa

135 2569 254 2597 autem
271 2570 346 2598 erat
362 2564 443 2599 artis
457 2564 599 2611 magicae
611 2565 817 2600 auctoritas:

135 2614 271 2649 Plinius
280 2615 384 2650 XXX
396 2642 406 2659 ,
422 2627 445 2651 1.
462 2617 553 2652 Nata
565 2624 640 2652 erat
655 2630 695 2652 ex
706 2617 822 2652 rnedi-

135 2666 214 2702 cina
227 2681 235 2709 ;
257 2666 339 2701 hinc
364 2666 501 2712 herbae,
530 2682 651 2703 carnes
675 2670 819 2703 anima—

79 2746 86 2753 .
135 2716 238 2762 lium,
250 2726 284 2754 et
295 2720 450 2754 carmina
461 2747 470 2763 ,
481 2720 606 2766 quibus
616 2728 650 2756 et
661 2721 741 2767 ipsis
750 2721 823 2755 vim

136 2771 281 2807 sanandi
292 2772 404 2808 inesse
415 2772 579 2808 credebat
587 2773 822 2819 superstitiosa

883 1246 1087 1291 multitudo,
1102 1246 1369 1282 adhibebantur.
1378 1244 1568 1280 Addeban-

883 1307 941 1334 tur
955 1300 1132 1345 religionis
1146 1300 1248 1343 vires,
1264 1298 1348 1333 hinc
1357 1298 1444 1332 ritus
1454 1297 1502 1331 illi
1512 1296 1567 1331 di-

882 1353 1067 1388 vini.—Ad
1079 1353 1233 1397 Lunam,
1249 1365 1397 1398 eamque
1410 1351 1563 1397 plenam,

882 1406 1034 1440 exerceri
1052 1405 1211 1440 solebant
1230 1405 1297 1440 illae
1314 1411 1424 1448 artes,
1443 1404 1568 1449 quibus

882 1458 1018 1492 Hecate
1031 1484 1041 1501 ,
1057 1470 1135 1503 quae
1149 1457 1274 1492 eadem
1288 1464 1324 1492 et
1339 1457 1439 1491 Luna
1452 1483 1464 1500 ‚
1480 1468 1567 1502 prae-

881 1517 1018 1544 erat.—
1028 1512 1139 1551 Coire,
1155 1510 1253 1556 jungi
1265 1536 1275 1553 ‚
1287 1509 1381 1555 quod
1389 1521 1494 1543 versu
1503 1508 1568 1544 530

878 1562 1015 1608 legitur.
1034 1563 1104 1597 Sed
1118 1563 1253 1607 cogisic
1266 1563 1300 1597 X
1310 1588 1320 1606 ,
1338 1562 1564 1610 495.—Tota,

879 1615 918 1650 in
936 1622 1052 1650 totum
1063 1641 1072 1659 ‚
1090 1629 1130 1650 ex
1143 1623 1230 1650 toto.
1243 1633 1287 1642 —·
1297 1616 1415 1659 Imago
1431 1616 1559 1653 solida,

880 1668 973 1703 orbis
983 1668 1115 1714 plenus.
1126 1667 1347 1709 Solidum,cui
1358 1666 1445 1701 nihil
1455 1666 1569 1701 deest:

880 1722 1038 1756 cumulat
1049 1721 1167 1764 verba,
1181 1728 1217 1755 et
1231 1720 1327 1755 idem
1340 1727 1464 1766 quater
1475 1719 1568 1754 dicit.

927 1788 939 1808 1
945 1775 985 1808 82
990 1799 998 1807 .
1019 1775 1137 1809 Vestes
1141 1775 1261 1807 induta
1268 1772 1547 1807 recinctas.Hein
1553 1790 1564 1796 -

880 1826 950 1860 sius
965 1826 1116 1871 conjecit
1131 1827 1281 1860 adducta
1297 1828 1483 1865 recem-Ias,
1510 1823 1566 1858 vel

879 1881 1030 1913 1‘r1c1‘ncla
1044 1880 1211 1913 reductas.
1228 1896 1272 1903 --
1290 1876 1414 1911 Codex
1431 1875 1562 1922 Regius

882 1929 934 1973 Α)
952 1934 1062 1964 vestes
1076 1932 1216 1965 inducta
1229 1932 1369 1964 relictas
1380 1955 1388 1969 ‚
1409 1935 1446 1963 et
1460 1940 1566 1974 supra

882 1996 1005 2018 vocem
1031 1985 1171 2018 inducta
1187 2009 1196 2024 ‚
1228 1983 1271 2018 ab
1300 1981 1424 2017 eadem
1455 1994 1564 2016 manu

880 2040 983 2070 exuta
997 2047 1009 2078 ‚·
1033 2035 1172 2082 vulgata
1188 2034 1275 2070 mihi
1285 2034 1425 2069 videtur
1439 2047 1565 2069 emen-

882 2089 979 2124 datio
994 2088 1245 2124 recentiorum.
1267 2089 1334 2122 Ed.
1356 2106 1400 2113 --
1414 2089 1565 2122 Recine-

883 2146 957 2182 !as,
979 2141 1093 2177 soluta
1107 2153 1195 2175 zona
1210 2155 1219 2183 ;
1245 2138 1339 2186 apud
1351 2140 1544 2174 Horatium
1555 2166 1564 2183 ‚

883 2194 915 2238 I,
927 2193 1000 2229 Sat.
1012 2205 1096 2237 vul,
1116 2194 1170 2237 24,
1183 2193 1293 2228 currit
1306 2195 1482 2227 succincta
1495 2205 1566 2237 quo

883 2247 1076 2294 expeditior
1103 2253 1203 2282 esset.
1230 2248 1404 2291 Expedila
1429 2247 1567 2289 Sagana

883 2308 935 2336 est
947 2328 957 2346 ,
984 2301 1112 2336 Horat.
1130 2300 1244 2346 Epod.
1263 2311 1287 2335 v
1299 2326 1309 2344 ‚
1328 2301 1381 2334 25.
1404 2318 1449 2325 —
1465 2301 1567 2333 Nuda

876 2356 1007 2398 pedem.
1025 2353 1195 2390 Nonnulli
1206 2379 1215 2396 ,
1228 2355 1332 2397 pedes
1342 2365 1354 2396 ,·
1364 2359 1401 2387 et
1410 2365 1490 2386 mox
1500 2365 1565 2386 nu-

883 2409 938 2442 dis
951 2409 1095 2441 humer-125
1105 2433 1113 2447 ,
1139 2405 1200 2441 sed
1217 2408 1303 2440 nudi
1321 2408 1444 2450 capilli
1461 2404 1568 2439 etiam

884 2460 952 2503 lv,
966 2460 1040 2495 261.
1052 2459 1153 2505 Regii
1166 2459 1297 2502 nostri,
1315 2461 1417 2493 Nuda
1425 2461 1562 2502 pedem,

883 2514 1001 2546 nudos.
1023 2510 1189 2556 Virgilius
1203 2537 1212 2554 ,
1237 2509 1378 2545 AEneid.
1393 2510 1460 2555 IV,
1478 2511 1542 2546 518
1559 2523 1567 2546 τ

889 2565 1000 2598 Unum
1016 2568 1119 2598 exuta
1125 2566 1243 2607 pedem
1255 2558 1380 2597 vi'nclis
1390 2590 1399 2603 ‚
1423 2566 1461 2598 ire
1477 2568 1571 2598 veste

883 2620 1052 2655 recincta,
1072 2615 1132 2649 ubi
1154 2614 1318 2662 Heynius
1342 2621 1463 2659 notat,
1486 2628 1571 2649 eum

885 2669 1047 2703 habitum
1074 2681 1275 2714 expressum
1304 2681 1375 2704 esse
1402 2669 1440 2703 in
1466 2669 1573 2714 signis

886 2723 1062 2757 Veterum
1076 2748 1086 2765 ,
1110 2722 1216 2757 etiam
1231 2722 1268 2757 in
1284 2722 1370 2758 vasis
1391 2722 1569 2763 Etruscis;

884 2773 946 2809 sed
962 2774 1053 2810 Fast.
1066 2773 1098 2810 d.
1115 2774 1137 2809 l.
1151 2776 1277 2811 habent
1291 2778 1421 2820 gemini
1435 2775 1574 2809 vincula
