1832 3100
277 222 366 278 424

653 225 705 267 P.
740 223 988 272 OVIDII>⁴
1014 224 1310 270 NASONIS

270 317 483 381 Europen
502 335 511 364 :
535 335 685 365 verum
708 328 881 366 taurum
897 355 909 375 ‚
933 317 1043 366 freta
1061 337 1160 366 vera
1183 329 1373 384 putares.

273 394 375 458 Ipsa
392 393 622 442 videbatur
643 406 780 444 terras
804 406 998 461 spectare
1023 395 1196 444 relictas
1210 433 1222 454 ‚

1626 393 1687 444 ui5

272 473 332 519 Et
357 471 538 521 comites
562 471 743 521 clamare
769 491 868 521 suas
883 510 894 530 ,
921 484 1173 538 tactumque
1195 473 1334 521 vereri

268 548 529 598 Adsilientis
553 568 674 616 aquae
690 587 702 608 ‚
730 549 992 616 timidasque
1014 550 1220 598 reducere
1244 550 1428 616 plantas.

270 626 392 675 Fecit
412 639 454 675 et
478 628 682 676 Asterien
706 627 852 694 aquila
874 627 1065 675 luctante
1092 627 1259 675 teneri:

266 704 390 752 Fecit
411 705 594 754 olorinis
617 706 780 754 Ledam
801 705 1009 753 recubare
1032 705 1116 753 sub
1137 704 1218 753 alis
1240 724 1251 752 ε

269 781 478 840 Addidit,
505 795 556 831 ut
581 783 724 849 Satyri
749 782 914 831 celatus
938 782 1126 844 imagine
1149 781 1379 847 pulchram
1628 804 1687 828 ιιο

269 859 446 925 Jupiter
468 858 663 924 implerit
687 858 862 921 gemino
887 858 1099 925 Nycteida
1119 858 1254 916 foetu;

272 943 571 1009 Amphitryon
589 942 747 1000 fuerit,
772 961 908 1009 quum
934 954 976 990 te
994 979 1005 999 ,
1028 941 1283 1008 Tirynthia,
1307 940 1423 1008 cepit
1442 960 1452 999 ;

273 1014 447 1073 Aureus
471 1037 522 1072 ut
541 1026 747 1082 Danaem
774 1024 972 1090 Asopida
994 1023 1150 1072 luserit
1171 1024 1349 1087 igneus3

273 1108 595 1173 Mnemosynen
617 1118 794 1173 pastor3
819 1106 963 1155 varius
988 1105 1157 1155 Deoida
1178 1123 1370 1176 serpens).

271 1190 335 1237 Te
361 1208 538 1255 quoque
563 1200 781 1237 mutatum
804 1200 932 1236 torvo
948 1225 959 1246 ‚
980 1190 1211 1255 Neptune,
1233 1187 1421 1253 juvenco
1492 1210 1495 1212 ·

270 1327 326 1371 X,
348 1329 422 1361 250.
440 1327 537 1361 Bene
560 1334 659 1362 notat
679 1335 715 1362 et
738 1327 949 1363 sollicitudi-

271 1392 355 1413 nem
370 1386 477 1424 raptae
492 1379 612 1424 puellae
631 1406 641 1423 ,
666 1386 701 1413 et
724 1386 835 1413 artem
853 1379 949 1413 lani-

270 1431 354 1465 ficae.
368 1450 411 1457 —-
429 1434 599 1466 Reducem
612 1431 710 1466 dedit
726 1432 892 1466 Heinsius
909 1445 950 1466 ex

270 1484 385 1528 primo
405 1483 574 1517 Vaticano
588 1509 597 1526 ,
627 1482 789 1517 Mediceo
804 1509 813 1526 ‚
827 1491 862 1518 et
879 1483 949 1517 de·-

270 1548 347 1569 cem
365 1535 457 1574 aliis;
476 1542 511 1568 et
526 1542 649 1568 monet
666 1534 859 1569 identidem
876 1548 949 1570 esse

271 1587 443 1622 adducere
454 1593 489 1620 et
497 1586 680 1620 attrahere.
690 1587 874 1621 Fastorum
883 1587 950 1621 dic-

271 1647 308 1673 to
325 1639 400 1673 loco
411 1665 420 1682 ,
440 1640 530 1681 Soepe
542 1640 710 1681 puellares
734 1641 890 1672 subducit
905 1641 949 1672 ab

271 1693 560 1735 oequoreplanlas,·
576 1692 624 1724 Et
634 1693 751 1724 metuit
764 1694 873 1723 tactus
888 1692 950 1723 ad-

271 1745 416 1777 st'ltk’ultk
423 1756 525 1787 aquae.
543 1742 614 1777 Sed
625 1743 658 1778 h.
669 1742 689 1777 l.
701 1745 853 1777 reducere
864 1742 950 1777 sim-

271 1796 429 1841 pliciter,
456 1794 648 1830 subducere
662 1809 671 1836 3
699 1795 836 1840 repetiti
854 1795 950 1829 enim

273 1855 390 1882 motus
400 1848 435 1882 in
448 1847 514 1881 tela
529 1847 674 1892 exprimi
689 1859 763 1880 non
778 1854 950 1892 poterant.

272 1899 389 1945 Vulgo
413 1899 592 1944 legebatur
615 1900 815 1940 recondere5
844 1899 891 1932 ita
917 1905 952 1932 et

278 1951 398 1987 Codex
409 1951 494 1996 Reg.
508 1951 538 1985 B
552 1964 560 1991 ;
581 1949 702 1984 Codex
717 1949 747 1984 A
757 1976 767 1994 ,
778 1952 953 1984 recludere.

314 2005 388 2038 108.
405 2005 500 2037 Fecit
510 2007 652 2037 leneri...
662 2005 839 2046 recubare5
856 2003 954 2037 exhi-

271 2058 349 2094 buit
358 2069 436 2091 eam
444 2056 504 2100 sic,
513 2063 552 2091 ut
562 2063 755 2099 teneretur,
769 2063 831 2090 etc.
845 2056 953 2091 Prisci

275 2108 519 2145 aevi‘mulieres
534 2107 690 2142 solebant
708 2107 749 2141 ad
768 2107 861 2142 Deos
878 2108 955 2142 Σινα-

276 2163 371 2210 ςέρειν
394 2166 447 2201 τὴν
473 2162 624 2209 ἁμαρτίαν
651 2162 763 2204 λέχους.
795 2160 953 2205 Euripid.

274 2211 400 2247 Bacch.
419 2225 470 2258 ²9·
489 2229 532 2236 —-
550 2210 699 2252 Asterie,
722 2211 799 2245 Coei
820 2212 954 2246 Titanis

276 2263 347 2298 filia
357 2289 367 2306 ‚
380 2262 476 2297 Jovis
489 2262 664 2307 amplexus
676 2263 809 2308 fugiens
818 2288 827 2305 ,
846 2264 882 2296 in
894 2276 955 2298 co-

277 2315 453 2351 turnicem
465 2321 597 2348 mutata
609 2340 618 2358 ,
632 2321 733 2358 atque
744 2314 780 2347 in
792 2327 887 2350 mare
900 2315 954 2348 ab·

274 2368 366 2411 jecta
381 2373 432 2401 est
444 2393 453 2408 ,
471 2365 565 2400 unde
581 2366 691 2400 insula
705 2366 852 2414 Ortygia
869 2374 954 2401 orta.

277 2419 410 2466 Hygin.
425 2418 492 2454 sab.
511 2418 571 2459 53;
592 2417 750 2462 Apollod.
777 2418 814 2460 Ι,
836 2430 891 2462 1v,
915 2432 952 2460 1;

275 2471 317 2504 cs.
331 2470 523 2515 Spanhem.
544 2469 584 2503 ad
606 2468 742 2503 Gallim.
760 2469 793 2503 h.
808 2469 885 2503 Del.
898 2469 952 2513 37,

277 2522 331 2569 39.
352 2522 503 2557 Videtur
520 2522 661 2567 Jupiter
674 2535 714 2556 ea
728 2522 764 2556 in
781 2535 818 2556 re
836 2525 955 2567 aqus'loe

279 2575 473 2609 ministerio
491 2588 580 2610 usus.

328 2640 399 2662 110.
419 2628 574 2662 Addidit.
600 2626 720 2661 Codex
746 2627 875 2673 Regius
900 2628 952 2670 A,

278 2679 423 2712 additur.
434 2697 479 2704 -—-
493 2681 640 2713 Celalus.
652 2679 742 2713 Vide
760 2679 802 2713 ad
817 2681 863 2722 V,
880 2679 955 2713 326.

279 2744 323 2754 ·-·
339 2729 505 2775 Nycleida
523 2756 532 2773 ,
565 2730 742 2775 Antiopen
758 2756 767 2775 ,
803 2730 925 2777 Nyctei
944 2756 953 2774 ,

1574 1207 1585 1211 ”
1629 1200 1691 1233 115

1013 1326 1104 1372 regis
1119 1326 1156 1361 in
1172 1326 1306 1361 Boeotia
1317 1352 1327 1370 ‚
1341 1326 1448 1361 filiam
1459 1352 1469 1369 ,
1486 1338 1527 1360 ex
1536 1336 1604 1370 qua
1615 1323 1690 1360 nati

1014 1387 1098 1415 sunt
1118 1383 1259 1423 gemini,
1287 1379 1418 1414 Zethus
1437 1385 1472 1413 et
1498 1377 1690 1423 Amphion.

1016 1432 1149 1479 Hygin.
1161 1433 1226 1466 sab.
1243 1433 1284 1474 83
1308 1430 1468 1477 Apollod.
1484 1430 1540 1465 III
1552 1456 1561 1473 ,
1578 1441 1624 1473 v,
1646 1431 1665 1463 5
1680 1443 1690 1470 ς

1016 1483 1130 1517 Schol.
1154 1483 1316 1529 Apollon.
1343 1482 1460 1518 Rhod.
1484 1483 1560 1525 IV,
1583 1493 1690 1529 ¹⁰9⁰?

1016 1534 1131 1569 Lutat.
1147 1535 1190 1569 ad
1209 1535 1296 1570 Stat.
1310 1535 1422 1570 Theb.
1440 1535 1512 1578 IX,
1524 1534 1606 1578 423.
1619 1533 1691 1568 Sed

1017 1585 1195 1620 Homerus
1207 1613 1216 1630 ,
1237 1586 1306 1621 Od.
1325 1593 1355 1622 A
1367 1612 1377 1630 ,
1402 1588 1470 1634 259-
1483 1612 1492 1628 ,
1517 1598 1595 1620 eam
1611 1585 1692 1619 facit

1017 1637 1123 1681 Asopi
1138 1637 1245 1670 filiam
1265 1650 1272 1672 :
1290 1638 1332 1671 de
1357 1651 1426 1682 quo
1442 1638 1598 1672 dissensu
1614 1636 1692 1671 vide

1017 1688 1164 1722 Pausan.
1179 1688 1340 1723 Corinth.
1351 1702 1383 1734 p.
1398 1690 1459 1732 124
1470 1704 1478 1730 ;
1493 1690 1534 1724 cs.
1545 1688 1693 1723 omnino

1018 1740 1202 1776 Valkenar.
1228 1741 1375 1776 Diatrib.
1399 1755 1432 1787 p.
1455 1742 1497 1775 58
1513 1755 1609 1786 sqq.,
1633 1741 1692 1776 ubi

1015 1791 1138 1837 fragm.
1149 1792 1314 1838 Antiopae
1324 1792 1444 1838 Eurip.
1453 1810 1498 1818 -—
1505 1793 1690 1840 Tyrinthia,

1018 1843 1187 1878 Alcmena
1204 1869 1214 1886 ,
1247 1856 1351 1889 quam
1379 1844 1520 1888 Jupiter
1533 1870 1542 1888 ‚
1577 1851 1692 1880 sumta

1019 1896 1285 1943 Amphitryonis
1299 1896 1456 1942 conjugis
1475 1897 1588 1931 forma
1606 1923 1615 1941 ,
1641 1897 1696 1931 vi—

1019 1947 1124 1981 tiavit.
1144 1948 1275 1993 Hygin.
1290 1948 1358 1982 fab.
1373 1962 1436 1995 29;
1460 1949 1610 1983 Homer.
1622 1947 1656 1982 d.
1672 1948 1694 1983 l.

1018 2013 1121 2034 versu
1147 2002 1221 2035 255.
1241 2019 1285 2026 —
1303 2001 1477 2045 Asopida,
1504 2001 1670 2046 AEginam
1683 2027 1694 2044 ,

1021 2051 1127 2097 Asopi
1137 2052 1244 2086 filiam
1256 2066 1264 2094 ς
1281 2055 1401 2088 confer
1412 2053 1497 2096 Vll,
1509 2053 1575 2087 616
1593 2066 1601 2088 ε
1616 2053 1695 2088 vide

1021 2104 1200 2149 Spanhem
1217 2105 1260 2139 ad
1279 2105 1552 2149 Callimachum,
1571 2106 1695 2153 hymn.

1019 2156 1098 2190 Del.
1127 2157 1176 2202 78.
1207 2157 1297 2191 Eam
1324 2158 1457 2192 vitiavit
1482 2158 1624 2203 Jupiter
1657 2157 1695 2191 in

1018 2212 1148 2253 ignem,
1178 2218 1257 2254 aut,
1277 2218 1314 2245 ut
1334 2210 1500 2246 Clemens
1520 2212 1630 2246 Hom.
1648 2223 1692 2255 v,

1024 2261 1082 2305 13,
1100 2262 1249 2296 Nonnus
1262 2262 1406 2310 Dionys.
1421 2264 1469 2297 Vl
1487 2289 1497 2306 ,
1516 2277 1579 2297 212
1592 2289 1602 2307 ,
1622 2263 1695 2298 Lu-

1020 2321 1078 2349 tat.
1104 2315 1146 2349 ad
1166 2315 1253 2350 Stat.
1269 2316 1340 2350 V11
1355 2342 1364 2359 ,
1386 2318 1462 2362 427,
1482 2316 1640 2360 malunt,
1658 2317 1695 2351 in
1743 2323 1746 2325 ’

1020 2367 1169 2412 aquilam
1185 2380 1380 2402 conversus.
1392 2368 1434 2402 In
1446 2368 1557 2404 insula
1567 2369 1696 2414 AEgina

1020 2419 1154 2462 peperit
1171 2418 1329 2452 AEacum.
1345 2418 1506 2464 Apollod.
1523 2419 1540 2453 I
1551 2445 1560 2463 ‚
1578 2431 1617 2454 1x
1628 2446 1637 2463 ‚
1652 2421 1694 2461 33

1021 2469 1076 2503 111
1090 2495 1099 2512 ,
1111 2480 1165 2503 ΧΠ
1177 2495 1186 2512 ,
1199 2470 1230 2503 6.
1239 2471 1434 2504 -Βεοίᾶα.
1446 2469 1556 2505 Ceres
1566 2470 1695 2506 Graecis

1020 2524 1090 2560 Δηὼ
1111 2520 1200 2555 dicta
1214 2546 1223 2562 ,
1255 2520 1350 2555 unde
1375 2522 1584 2567 Proserpina
1601 2528 1697 2562 Δηοῦς

1019 2576 1087 2623 κάρη
1105 2599 1114 2616 ,
1149 2573 1242 2618 quod
1279 2575 1405 2609 Noster
1429 2582 1464 2609 et
1492 2574 1665 2610 Ausonius
1683 2600 1692 2617 ,

1022 2626 1129 2671 Epist.
1146 2628 1168 2670 4
1177 2626 1217 2660 ad
1234 2626 1371 2661 Theon.
1383 2633 1622 2672 expresserunt
1631 2639 1695 2671 per

1020 2680 1162 2713 Deoida.
1183 2679 1273 2714 Vide
1299 2679 1488 2725 Spanhem.
1515 2679 1558 2713 ad
1586 2678 1695 2713 Calli—

1021 2730 1206 2776 machum,
1227 2731 1261 2767 h.
1276 2730 1364 2767 Cer.
1380 2744 1466 2768 vers.
1489 2730 1562 2766 133.
