1832 3100
336 227 784 275 METAMORPH
800 225 1032 272 OSEON
1066 227 1197 271 LIB.
1231 227 1331 271 III.

1459 223 1544 268 265

127 326 246 375 Tum
266 342 446 391 quoque
467 341 539 380 se,
562 333 802 389 postquam
824 332 891 370 est
917 319 1088 368 inferna
1112 319 1214 368 sede
1235 330 1462 386 receptus,

125 405 182 453 In
199 402 351 469 Stygia
372 399 600 467 spectabat
623 419 735 466 aqua
756 420 765 447 ε
786 399 994 467 planxere
1017 416 1193 446 sorores

1486 409 1551 445 505

126 479 341 537 Naiades3
364 491 410 538 et
427 491 569 528 sectos
589 477 714 526 fratri
739 496 927 545 posuere
949 475 1135 543 capillos
1156 494 1166 523 :

123 556 341 607 ‚Planxere
362 567 408 604 et
431 555 631 623 Dryades
652 575 662 603 ε
682 554 1002 622 plangentibus
1027 553 1214 602 adsonat
1233 550 1375 600 Echo.

129 636 317 702 Jamque
335 653 520 697 rogum,
539 652 808 701 quassasque
828 633 968 692 faces,
989 626 1292 697 feretrumque
1310 626 1552 696 parabant:

129 718 361 785 Nusquam
385 736 550 784 corpus
574 728 667 766 erat
688 735 698 765 :
718 735 923 765 croceum
945 734 1029 782 pro
1053 732 1239 780 corpore
1260 712 1416 777 ssorem

131 799 396 858 Inveniunt‚
418 798 540 847 foliis
561 798 755 848 medium
780 797 1066 861 cingentibus
1089 796 1216 845 albis.

1492 806 1557 841 510

197 883 276 930 VI.
299 881 494 946 Cognita
512 900 583 931 res
606 881 808 931 meritam
829 880 919 930 vati
940 899 1022 948 per
1041 877 1262 928 Achaidas
1285 876 1418 926 urbes

135 1021 338 1058 attributivo
346 1020 400 1056 vel
413 1020 585 1066 adjectivo
594 1034 663 1056 noa·
677 1021 741 1056 ista
753 1020 816 1056 de-

134 1074 293 1120 signetur
305 1099 315 1117 ,
340 1072 436 1119 quod
459 1080 579 1108 tamen
597 1086 737 1108 necesse
754 1085 817 1108 es-

135 1134 188 1162 set
201 1153 212 1170 ,
228 1140 316 1162 mors
330 1126 591 1173 praeserendum
603 1139 741 1162 censeo.
752 1127 819 1160 Ed.

136 1200 181 1207 —-
195 1182 362 1215 Dominus
379 1182 539 1215 luminum
549 1207 557 1221 ,
582 1187 622 1215 ut
639 1180 692 1214 Vl
705 1206 715 1223 ‚
735 1179 799 1214 560
808 1205 817 1220 ‚

135 1235 270 1268 domino
279 1235 411 1278 lingue.
425 1250 470 1259 -
478 1233 520 1266 In
533 1233 652 1278 Stygia
662 1238 726 1266 etc.
739 1230 821 1264 Ma·-

140 1297 205 1321 nes
219 1285 316 1320 enim
342 1285 380 1320 in
404 1285 543 1320 inferna
561 1284 643 1320 sede
661 1289 824 1318 exercent

140 1337 255 1373 studia
282 1337 426 1383 antiqua
453 1349 462 1371 ε
483 1336 563 1372 vide
591 1336 633 1371 ad
660 1335 728 1380 IV,
747 1336 822 1379 445.

143 1391 262 1427 Nihilo
286 1397 407 1426 tamen
433 1390 551 1425 minus
575 1390 705 1425 Noster
727 1401 825 1423 nunc

142 1443 286 1489 ingenio
301 1443 425 1478 abusus
435 1449 502 1478 est:
512 1443 624 1490 Stygis
635 1441 732 1477 enim
748 1448 825 1476 tur-

142 1495 225 1531 bida
240 1509 329 1542 aqua
337 1503 374 1531 et
385 1495 470 1530 limo
484 1495 588 1542 plena
602 1507 676 1529 non
687 1499 826 1540 poterat

142 1549 329 1595 spectantis
344 1550 495 1584 sormam
512 1547 672 1583 reddere.

189 1603 266 1637 505.
279 1603 445 1636 Planxere
454 1613 592 1636 sorores.
606 1598 711 1646 Apud
723 1597 827 1633 Clau-

143 1652 238 1691 dian.
245 1653 280 1690 d.
288 1654 310 1689 l-
318 1654 518 1691 Narcissum
518 1653 638 1698 fracta
649 1655 827 1698 Cephissus

143 1709 308 1743 arundine
335 1709 437 1752 luget.
467 1725 512 1734 --·
533 1707 649 1741 Sectos
674 1707 828 1751 capillos.

145 1759 199 1795 Ex
206 1772 306 1794 more
316 1759 558 1806 antiquissimo
568 1759 727 1794 solebant
737 1769 829 1792 mor-

144 1812 444 1862 tuorumptumulis
450 1812 535 1847 secti
543 1811 748 1856 capillorum
759 1810 831 1845 cin-

145 1864 243 1900 cinni
260 1864 405 1910 imponi.
419 1882 465 1890 —
477 1863 662 1909 Quoniam
679 1863 716 1897 in
732 1862 829 1898 Gro-

147 1915 302 1952 noviano
307 1915 425 1960 fronti
429 1929 571 1961 posuere
583 1922 693 1950 exstat
707 1941 716 1959 ‚
736 1915 831 1949 Bur-

147 1981 303 2003 mannus
332 1968 553 2014 conjecturat
576 1965 677 2011 sonti
693 1993 702 2007 ,
747 1972 833 2000 tan-

152 2033 261 2067 quam
286 2020 390 2055 busto
417 2019 578 2056 Narcissi.
603 2037 648 2046 -·
671 2019 753 2054 Non
769 2018 834 2051 in-

151 2073 264 2107 fausta
282 2071 483 2107 Burmanni
503 2072 716 2117 conjectura.
740 2070 832 2105 Nos-

151 2123 198 2159 tri
211 2131 330 2159 tamen
340 2123 491 2159 Codices
500 2123 751 2167 habentsralre'.
768 2121 835 2156 Ed.

153 2193 198 2202 —
211 2177 339 2211 Ponere
355 2175 513 2211 solemne
533 2176 570 2210 in
595 2174 836 2210 consecratio-

153 2227 266 2263 nibus.
285 2227 446 2263 Tibullus
458 2254 468 2272 ,
499 2228 514 2262 I
531 2253 541 2272 ,
562 2239 576 2262 1
590 2253 600 2272 ,
622 2229 662 2271 14
674 2253 683 2271 ,
701 2239 837 2272 pomum

147 2283 364 2325 ponereDeo.
378 2281 515 2316 Mirum
523 2287 642 2316 autem
652 2287 716 2324 est,
725 2280 838 2327 Nym-

153 2332 240 2380 phas
252 2347 365 2379 rogum
379 2341 416 2369 et
420 2334 583 2379 smtrum
600 2346 747 2379 parasse.

200 2388 275 2422 508.
306 2390 532 2433 Quassasque.
559 2387 705 2433 Septem
730 2386 839 2422 MSS.

154 2453 348 2486 cassasque.
366 2440 407 2476 Id
427 2441 658 2476 Burmannus
673 2441 839 2486 explicat,

157 2505 235 2539 quae
260 2499 401 2528 resectae
429 2493 472 2528 ab
499 2494 623 2529 arbore
645 2506 749 2528 succo
776 2505 840 2528 suo

155 2552 278 2582 carent
291 2552 328 2580 et
343 2545 448 2581 aridae
457 2545 731 2590 suns—Nostri,
744 2557 842 2592 quas-

155 2611 287 2645 sasque.
325 2599 373 2634 Et
399 2606 520 2645 arguta
546 2601 638 2635 sorte
666 2599 843 2634 videbitur

156 2652 339 2698 explicatio
369 2652 579 2686 Burmanni.
620 2653 747 2686 Cassas
778 2663 843 2697 pro

158 2718 304 2750 quassas
325 2705 496 2752 scriptum
520 2706 623 2741 fuisse
639 2718 658 2740 a
675 2705 822 2739 librariis
833 2731 843 2746 ,

160 2766 197 2795 et
223 2760 351 2797 eodem
375 2773 501 2806 sensu,
525 2759 602 2806 quis
625 2759 844 2803 demiretur,

882 1035 993 1068 quum
1010 1021 1148 1057 sciverit
1164 1018 1345 1066 quomodo
1362 1025 1442 1053 ante
1462 1023 1566 1065 typo-

884 1074 1064 1121 graphiam
1082 1079 1259 1119 repertam
1279 1071 1516 1107 scriberentur
1530 1069 1567 1103 li-

883 1127 968 1162 bri?
994 1126 1123 1162 scilicet
1139 1125 1211 1160 duo
1227 1150 1237 1170 ,
1259 1131 1330 1160 tres
1341 1150 1351 1168 ,
1368 1123 1423 1157 vel
1451 1122 1567 1168 plures

885 1180 1005 1215 scribae
1023 1185 1103 1214 ante
1122 1178 1281 1225 pluteum
1294 1204 1303 1221 ‚
1318 1176 1471 1211 dictante
1489 1187 1569 1209 ver-

885 1232 929 1266 ba
949 1231 1114 1277 magistro
1128 1257 1137 1275 ,
1152 1230 1340 1265 exarabant
1355 1242 1364 1270 ;
1392 1235 1446 1272 et,
1463 1232 1569 1272 prout

888 1286 1033 1331 quisque
1051 1283 1183 1330 peritus
1197 1289 1298 1325 esset,
1314 1282 1400 1317 alter
1411 1291 1567 1326 quassas,

889 1337 975 1372 alter
985 1349 1106 1371 cassas
1116 1337 1153 1371 in
1163 1348 1227 1371 suo
1238 1335 1356 1371 codice
1367 1332 1572 1379 reponebat.

890 1388 1061 1423 Similiter
1077 1401 1118 1422 ex
1136 1387 1300 1422 omnibus
1318 1387 1410 1421 hisce
1434 1383 1572 1419 mendis

891 1453 968 1487 quae
987 1441 1024 1475 in
1041 1441 1168 1475 nostris
1181 1439 1316 1485 scriptis
1329 1437 1425 1472 libris
1442 1449 1573 1472 occur-

890 1500 987 1528 runt.
1003 1494 1116 1528 Ed.-
1126 1494 1284 1536 Qualem,
1304 1502 1481 1536 quassare,
1495 1501 1577 1534 pcr-

890 1550 1000 1580 cuiere
1015 1545 1140 1590 faces,
1164 1544 1326 1579 sormulae
1345 1543 1465 1579 obviae.
1491 1540 1575 1576 Vid.

892 1598 1060 1632 Heinsius
1081 1597 1124 1632 ad
1150 1596 1225 1641 IV,
1250 1598 1324 1641 758.
1343 1596 1575 1631 Jactabantur

893 1651 990 1686 enim
1000 1651 1035 1685 in
1042 1657 1095 1685 ter
1105 1650 1275 1685 eundum.
1284 1668 1331 1676 —
1341 1650 1575 1693 Croceumflo-

892 1719 970 1740 rem.
997 1705 1210 1741 Narcissum.
1238 1704 1318 1739 Flos
1342 1703 1400 1738 hic
1419 1703 1496 1737 Diis
1519 1701 1579 1736 in-

893 1759 975 1794 seris
995 1771 1092 1794 sacer
1116 1758 1282 1804 fingitur,
1309 1764 1351 1792 ut
1371 1756 1431 1802 qui
1453 1755 1579 1790 floreat

895 1819 1035 1848 tantum
1057 1819 1092 1847 et
1123 1818 1296 1855 transeat,
1322 1823 1438 1856 neque
1465 1809 1580 1844 ullum

856 1901 858 1903 ,
896 1878 938 1899 ex
959 1878 994 1899 se
1023 1865 1178 1900 fructum
1200 1863 1303 1905 edat;
1323 1863 1372 1898 ita
1387 1869 1422 1897 et
1439 1861 1581 1908 ingenia

897 1917 1064 1962 praecocia
1080 1916 1174 1951 haud
1193 1916 1292 1950 facile*
1307 1914 1521 1961 perveniunt
1537 1911 1580 1947 ad

898 1970 1047 2014 frugem.
1057 1970 1175 2002 Ed.·-·
1186 1970 1267 2003 Flos
1276 1974 1395 2002 autem
1406 1965 1463 2000 ille
1475 1964 1582 1999 etiam

899 2020 1004 2056 hodie
1021 2022 1116 2066 juxta
1128 2020 1338 2055 Heliconem
1350 2018 1521 2065 plurimus
1531 2029 1583 2051 re-

899 2072 1035 2118 peritur
1047 2099 1056 2116 ‚
1083 2079 1124 2108 ut
1140 2079 1261 2107 narrat
1278 2072 1448 2107 Chandler
1464 2069 1502 2103 in
1520 2068 1585 2103 Iti-

901 2138 978 2160 ner.
994 2138 1067 2171 cap.
1082 2126 1136 2169 64.

949 2180 986 2212 51
996 2179 1115 2224 1-733.
1134 2179 1279 2222 Cognita
1290 2189 1342 2212 res
1354 2179 1505 2211 merdam
1521 2181 1586 2209 etc.

902 2231 1060 2267 Bacchus
1074 2257 1084 2276 ,
1109 2244 1273 2266 emensus
1296 2230 1424 2265 multas
1448 2236 1558 2263 terras
1577 2254 1587 2270 ,

904 2284 1043 2320 Thebas
1050 2284 1157 2319 venit.
1171 2283 1352 2319 Pentheus
1362 2280 1589 2326 vero,Echio·

903 2337 958 2373 nis
973 2337 1064 2372 filius
1079 2363 1090 2381 ,
1110 2335 1237 2371 Cadmi
1255 2349 1295 2371 ex
1313 2335 1432 2381 Agave
1454 2345 1564 2379 nepos
1578 2358 1588 2376 ,

903 2391 960 2426 cui
979 2389 1138 2425 Cadmus
1160 2390 1351 2435 imperium
1368 2386 1560 2422 tradiderat
1578 2411 1588 2427 ,

905 2456 1017 2489 quum
1041 2455 1138 2478 sacra
1158 2455 1250 2477 nova
1276 2441 1431 2486 accipere
1450 2438 1560 2473 nollet
1579 2464 1589 2481 ,

905 2495 1155 2541 Bacchumque
1168 2493 1256 2528 adeo
1274 2492 1473 2527 interficere
1489 2502 1592 2525 cona-

906 2555 1017 2591 retur,
1029 2547 1236 2582 dilaceratus
1246 2552 1299 2580 est
1306 2545 1348 2580 ab
1362 2544 1480 2590 Agave
1490 2549 1525 2578 et
1535 2555 1591 2577 so-

906 2601 1058 2644 roribus,
1070 2612 1155 2645 quas
1164 2597 1322 2633 Bacchus
1333 2596 1464 2632 eumin
1479 2595 1592 2631 finem

906 2654 945 2688 in
970 2654 1129 2687 furorem
1153 2650 1326 2696 adegerat.
1354 2649 1518 2684 Tractata
1542 2654 1595 2683 est

907 2705 982 2741 haec
1006 2704 1120 2741 sabula
1140 2710 1218 2750 post
1233 2701 1441 2750 AEschylum
1458 2727 1467 2745 ,
1493 2700 1594 2746 cujus

908 2757 1093 2795 Pentheus
1108 2755 1265 2802 interiit,
1294 2755 1337 2791 ab
1362 2752 1530 2799 Euripide
1555 2752 1595 2787 in
