<?xml version="1.0" encoding="UTF-8"?>
<!DOCTYPE html PUBLIC "-//W3C//DTD XHTML 1.0 Transitional//EN"
    "http://www.w3.org/TR/xhtml1/DTD/xhtml1-transitional.dtd">
<html xmlns="http://www.w3.org/1999/xhtml" xml:lang="en" lang="en">
 <head>
  <title>
</title>
<meta http-equiv="Content-Type" content="text/html;charset=utf-8" />
  <meta name='ocr-system' content='tesseract 3.04.00' />
  <meta name='ocr-capabilities' content='ocr_page ocr_carea ocr_par ocr_line ocrx_word'/>
</head>
<body>
  <div class='ocr_page' id='page_1' title='image "./quaeextantomniao03oviduoft_0170.png"; bbox 0 0 1832 3100; ppageno 0'>
   <div class='ocr_carea' id='block_1_1' title="bbox 287 272 366 315">
    <p class='ocr_par' dir='ltr' id='par_1_1' title="bbox 287 272 366 315">
     <span class='ocr_line' id='line_1_1' title="bbox 287 272 366 315; baseline 0.013 -1"><span class='ocrx_word' id='word_1_1' title='bbox 287 272 366 315; x_wconf 82' lang='lat'><strong>138</strong></span> 
     </span>
    </p>
   </div>
   <div class='ocr_carea' id='block_1_2' title="bbox 649 273 1302 322">
    <p class='ocr_par' dir='ltr' id='par_1_2' title="bbox 649 273 1302 322">
     <span class='ocr_line' id='line_1_2' title="bbox 649 273 1302 322; baseline 0.009 -6"><span class='ocrx_word' id='word_1_2' title='bbox 649 274 700 317; x_wconf 90' lang='lat' dir='ltr'><strong>P.</strong></span> <span class='ocrx_word' id='word_1_3' title='bbox 742 273 976 320; x_wconf 87' lang='lat' dir='ltr'><strong>OVIDII</strong></span> <span class='ocrx_word' id='word_1_4' title='bbox 1005 275 1302 322; x_wconf 85' lang='lat' dir='ltr'><strong>NASONIS</strong></span> 
     </span>
    </p>
   </div>
   <div class='ocr_carea' id='block_1_3' title="bbox 277 363 1372 503">
    <p class='ocr_par' dir='ltr' id='par_1_3' title="bbox 277 363 1372 503">
     <span class='ocr_line' id='line_1_3' title="bbox 282 363 1372 430; baseline 0.006 -19"><span class='ocrx_word' id='word_1_5' title='bbox 282 363 419 428; x_wconf 89' lang='lat' dir='ltr'><strong>Cujus</strong></span> <span class='ocrx_word' id='word_1_6' title='bbox 443 364 553 413; x_wconf 84' lang='lat' dir='ltr'><strong>ebur</strong></span> <span class='ocrx_word' id='word_1_7' title='bbox 573 364 763 414; x_wconf 89' lang='lat' dir='ltr'><strong>nitidum</strong></span> <span class='ocrx_word' id='word_1_8' title='bbox 784 366 957 430; x_wconf 84' lang='lat' dir='ltr'><strong>fastigia</strong></span> <span class='ocrx_word' id='word_1_9' title='bbox 980 387 1148 417; x_wconf 89' lang='lat' dir='ltr'><strong>summa</strong></span> <span class='ocrx_word' id='word_1_10' title='bbox 1169 369 1372 428; x_wconf 75' lang='lat' dir='ltr'><strong>tenebat3</strong></span> 
     </span>
     <span class='ocr_line' id='line_1_4' title="bbox 277 440 1258 503; baseline 0.005 -14"><span class='ocrx_word' id='word_1_11' title='bbox 277 440 463 503; x_wconf 84' lang='lat' dir='ltr'><strong>Argenti</strong></span> <span class='ocrx_word' id='word_1_12' title='bbox 484 441 648 491; x_wconf 83' lang='lat' dir='ltr'><strong>bifores</strong></span> <span class='ocrx_word' id='word_1_13' title='bbox 671 443 902 492; x_wconf 83' lang='lat' dir='ltr'>radiabant</span> <span class='ocrx_word' id='word_1_14' title='bbox 925 444 1088 493; x_wconf 89' lang='lat' dir='ltr'><strong>lumine</strong></span> <span class='ocrx_word' id='word_1_15' title='bbox 1113 445 1258 495; x_wconf 85' lang='lat' dir='ltr'><strong>valvae.</strong></span> 
     </span>
    </p>
   </div>
   <div class='ocr_carea' id='block_1_4' title="bbox 279 518 1688 588">
    <p class='ocr_par' dir='ltr' id='par_1_4' title="bbox 279 518 1688 588">
     <span class='ocr_line' id='line_1_5' title="bbox 279 518 1688 588; baseline 0.003 -21"><span class='ocrx_word' id='word_1_16' title='bbox 279 518 509 568; x_wconf 88' lang='lat' dir='ltr'><strong>Materiem</strong></span> <span class='ocrx_word' id='word_1_17' title='bbox 532 521 769 587; x_wconf 85' lang='lat' dir='ltr'><strong>superabat</strong></span> <span class='ocrx_word' id='word_1_18' title='bbox 789 541 902 588; x_wconf 92' lang='lat' dir='ltr'><strong>opus</strong></span> <span class='ocrx_word' id='word_1_19' title='bbox 921 541 932 570; x_wconf 90' lang='lat'>:</span> <span class='ocrx_word' id='word_1_20' title='bbox 956 541 1055 570; x_wconf 90' lang='lat' dir='ltr'><strong>nam</strong></span> <span class='ocrx_word' id='word_1_21' title='bbox 1080 521 1303 571; x_wconf 86' lang='lat' dir='ltr'>Mulciber</span> <span class='ocrx_word' id='word_1_22' title='bbox 1325 522 1415 571; x_wconf 88' lang='lat' dir='ltr'><strong>illic</strong></span> <span class='ocrx_word' id='word_1_23' title='bbox 1669 538 1688 571; x_wconf 75' lang='lat'><strong><em>5</em></strong></span> 
     </span>
    </p>
   </div>
   <div class='ocr_carea' id='block_1_5' title="bbox 277 646 952 902">
    <p class='ocr_par' dir='ltr' id='par_1_5' title="bbox 277 646 952 902">
     <span class='ocr_line' id='line_1_6' title="bbox 279 646 951 695; baseline 0.004 -14"><span class='ocrx_word' id='word_1_24' title='bbox 279 646 430 682; x_wconf 86' lang='lat' dir='ltr'><strong>Tectum</strong></span> <span class='ocrx_word' id='word_1_25' title='bbox 446 647 588 693; x_wconf 88' lang='lat' dir='ltr'><strong>quidem</strong></span> <span class='ocrx_word' id='word_1_26' title='bbox 604 646 766 694; x_wconf 86' lang='lat' dir='ltr'><strong>Capitolii</strong></span> <span class='ocrx_word' id='word_1_27' title='bbox 780 662 868 695; x_wconf 87' lang='lat' dir='ltr'><strong>puro</strong></span> <span class='ocrx_word' id='word_1_28' title='bbox 883 649 951 684; x_wconf 89' lang='lat' dir='ltr'><strong>ful-</strong></span> 
     </span>
     <span class='ocr_line' id='line_1_7' title="bbox 278 698 932 745; baseline 0.005 -13"><span class='ocrx_word' id='word_1_29' title='bbox 278 698 379 744; x_wconf 84' lang='lat' dir='ltr'><strong>gebat</strong></span> <span class='ocrx_word' id='word_1_30' title='bbox 391 712 473 735; x_wconf 85' lang='lat' dir='ltr'><strong>auro</strong></span> <span class='ocrx_word' id='word_1_31' title='bbox 490 713 499 734; x_wconf 87' lang='lat'><strong>.·</strong></span> <span class='ocrx_word' id='word_1_32' title='bbox 517 699 640 735; x_wconf 90' lang='lat' dir='ltr'><strong>Senec.</strong></span> <span class='ocrx_word' id='word_1_33' title='bbox 660 700 828 735; x_wconf 85' lang='lat' dir='ltr'><strong>Controv.</strong></span> <span class='ocrx_word' id='word_1_34' title='bbox 846 701 883 745; x_wconf 93' lang='lat'><strong>1,</strong></span> <span class='ocrx_word' id='word_1_35' title='bbox 901 701 932 735; x_wconf 81' lang='lat'><strong>6.</strong></span> 
     </span>
     <span class='ocr_line' id='line_1_8' title="bbox 321 750 950 798; baseline 0.003 -14"><span class='ocrx_word' id='word_1_36' title='bbox 321 750 352 784; x_wconf 85' lang='lat'><strong>3.</strong></span> <span class='ocrx_word' id='word_1_37' title='bbox 383 753 537 786; x_wconf 78' lang='lat' dir='ltr'><strong>Tenebat.</strong></span> <span class='ocrx_word' id='word_1_38' title='bbox 563 751 663 787; x_wconf 83' lang='lat' dir='ltr'><strong>Idem</strong></span> <span class='ocrx_word' id='word_1_39' title='bbox 687 752 775 787; x_wconf 87' lang='lat' dir='ltr'><strong>cod.</strong></span> <span class='ocrx_word' id='word_1_40' title='bbox 798 753 883 798; x_wconf 81' lang='lat' dir='ltr'><strong>Reg.</strong></span> <span class='ocrx_word' id='word_1_41' title='bbox 908 753 950 788; x_wconf 91' lang='grc' dir='ltr'><strong>Β.</strong></span> 
     </span>
     <span class='ocr_line' id='line_1_9' title="bbox 277 802 952 848; baseline 0.004 -12"><span class='ocrx_word' id='word_1_42' title='bbox 277 804 426 846; x_wconf 75' lang='lat' dir='ltr'><strong>legebat5</strong></span> <span class='ocrx_word' id='word_1_43' title='bbox 438 802 524 838; x_wconf 83' lang='lat' dir='ltr'><strong>alter</strong></span> <span class='ocrx_word' id='word_1_44' title='bbox 532 816 628 848; x_wconf 88' lang='lat' dir='ltr'><strong>vero,</strong></span> <span class='ocrx_word' id='word_1_45' title='bbox 642 807 782 839; x_wconf 79' lang='lat' dir='ltr'><strong>tenebat.</strong></span> <span class='ocrx_word' id='word_1_46' title='bbox 790 822 834 832; x_wconf 90' lang='lat'><strong>—-</strong></span> <span class='ocrx_word' id='word_1_47' title='bbox 843 807 952 839; x_wconf 81' lang='lat' dir='ltr'><strong>Fasti·</strong></span> 
     </span>
     <span class='ocr_line' id='line_1_10' title="bbox 277 845 952 902; baseline 0.006 -15"><span class='ocrx_word' id='word_1_48' title='bbox 277 856 346 897; x_wconf 67' lang='lat' dir='ltr'><strong>gia.</strong></span> <span class='ocrx_word' id='word_1_49' title='bbox 362 845 467 898; x_wconf 74' lang='grc' dir='ltr'><strong><em>Ᾰετοὶ,</em></strong></span> <span class='ocrx_word' id='word_1_50' title='bbox 492 855 674 900; x_wconf 73' lang='grc' dir='ltr'><strong><em>ἆετώματα,</em></strong></span> <span class='ocrx_word' id='word_1_51' title='bbox 694 858 830 902; x_wconf 85' lang='lat' dir='ltr'><strong>propria</strong></span> <span class='ocrx_word' id='word_1_52' title='bbox 851 863 952 891; x_wconf 90' lang='lat' dir='ltr'><strong>erant</strong></span> 
     </span>
    </p>
   </div>
   <div class='ocr_carea' id='block_1_6' title="bbox 277 906 975 954">
    <p class='ocr_par' dir='ltr' id='par_1_6' title="bbox 277 906 975 954">
     <span class='ocr_line' id='line_1_11' title="bbox 277 906 975 954; baseline 0.007 -15"><span class='ocrx_word' id='word_1_53' title='bbox 277 906 492 951; x_wconf 80' lang='lat' dir='ltr'><strong>templorum</strong></span> <span class='ocrx_word' id='word_1_54' title='bbox 529 907 772 954; x_wconf 84' lang='lat' dir='ltr'><strong>regiarumque</strong></span> <span class='ocrx_word' id='word_1_55' title='bbox 809 908 975 943; x_wconf 84' lang='lat' dir='ltr'><strong>divina--</strong></span> 
     </span>
    </p>
   </div>
   <div class='ocr_carea' id='block_1_7' title="bbox 277 959 964 2822">
    <p class='ocr_par' dir='ltr' id='par_1_7' title="bbox 277 959 960 2041">
     <span class='ocr_line' id='line_1_12' title="bbox 278 959 951 1003; baseline 0.009 -13"><span class='ocrx_word' id='word_1_56' title='bbox 278 969 380 1000; x_wconf 84' lang='lat' dir='ltr'><strong>rum,</strong></span> <span class='ocrx_word' id='word_1_57' title='bbox 407 971 522 1003; x_wconf 90' lang='lat' dir='ltr'><strong>neque</strong></span> <span class='ocrx_word' id='word_1_58' title='bbox 539 959 575 992; x_wconf 88' lang='lat' dir='ltr'><strong>in</strong></span> <span class='ocrx_word' id='word_1_59' title='bbox 593 959 664 994; x_wconf 92' lang='lat' dir='ltr'><strong>aliis</strong></span> <span class='ocrx_word' id='word_1_60' title='bbox 682 960 832 995; x_wconf 82' lang='lat' dir='ltr'><strong>aedificiis</strong></span> <span class='ocrx_word' id='word_1_61' title='bbox 852 961 951 996; x_wconf 89' lang='lat' dir='ltr'><strong>sere-</strong></span> 
     </span>
     <span class='ocr_line' id='line_1_13' title="bbox 277 1008 948 1057; baseline 0.006 -15"><span class='ocrx_word' id='word_1_62' title='bbox 277 1008 417 1043; x_wconf 74' lang='lat' dir='ltr'><strong>bantur.</strong></span> <span class='ocrx_word' id='word_1_63' title='bbox 456 1010 567 1044; x_wconf 84' lang='lat' dir='ltr'><strong>Erant</strong></span> <span class='ocrx_word' id='word_1_64' title='bbox 595 1018 712 1045; x_wconf 83' lang='lat' dir='ltr'><strong>autem</strong></span> <span class='ocrx_word' id='word_1_65' title='bbox 739 1012 921 1057; x_wconf 88' lang='lat' dir='ltr'><strong>pinnacula</strong></span> <span class='ocrx_word' id='word_1_66' title='bbox 938 1037 948 1056; x_wconf 90' lang='lat'>,</span> 
     </span>
     <span class='ocr_line' id='line_1_14' title="bbox 279 1059 951 1106; baseline 0.007 -13"><span class='ocrx_word' id='word_1_67' title='bbox 279 1059 403 1104; x_wconf 84' lang='lat' dir='ltr'><strong>quibus</strong></span> <span class='ocrx_word' id='word_1_68' title='bbox 414 1087 423 1104; x_wconf 94' lang='lat'><em>,</em></span> <span class='ocrx_word' id='word_1_69' title='bbox 437 1060 612 1106; x_wconf 87' lang='lat' dir='ltr'><strong>dignitatis</strong></span> <span class='ocrx_word' id='word_1_70' title='bbox 622 1075 722 1097; x_wconf 87' lang='lat' dir='ltr'><strong>causa</strong></span> <span class='ocrx_word' id='word_1_71' title='bbox 731 1089 740 1106; x_wconf 88' lang='lat'>,</span> <span class='ocrx_word' id='word_1_72' title='bbox 755 1070 843 1098; x_wconf 88' lang='lat' dir='ltr'><strong>tecta</strong></span> <span class='ocrx_word' id='word_1_73' title='bbox 852 1070 951 1098; x_wconf 88' lang='lat' dir='ltr'><strong>tem—</strong></span> 
     </span>
     <span class='ocr_line' id='line_1_15' title="bbox 278 1112 952 1161; baseline 0.006 -15"><span class='ocrx_word' id='word_1_74' title='bbox 278 1112 419 1157; x_wconf 88' lang='lat' dir='ltr'><strong>plorum</strong></span> <span class='ocrx_word' id='word_1_75' title='bbox 447 1113 588 1149; x_wconf 85' lang='lat' dir='ltr'><strong>elatiora</strong></span> <span class='ocrx_word' id='word_1_76' title='bbox 605 1114 834 1161; x_wconf 86' lang='lat' dir='ltr'><strong>(privatarum</strong></span> <span class='ocrx_word' id='word_1_77' title='bbox 856 1115 952 1150; x_wconf 89' lang='lat' dir='ltr'><strong>enim</strong></span> 
     </span>
     <span class='ocr_line' id='line_1_16' title="bbox 280 1163 953 1211; baseline 0.004 -13"><span class='ocrx_word' id='word_1_78' title='bbox 280 1163 408 1198; x_wconf 83' lang='lat' dir='ltr'><strong>aedium</strong></span> <span class='ocrx_word' id='word_1_79' title='bbox 424 1171 514 1200; x_wconf 85' lang='lat' dir='ltr'><strong>tecta</strong></span> <span class='ocrx_word' id='word_1_80' title='bbox 533 1165 635 1211; x_wconf 89' lang='lat' dir='ltr'><strong>plana</strong></span> <span class='ocrx_word' id='word_1_81' title='bbox 654 1167 768 1209; x_wconf 87' lang='lat' dir='ltr'><strong>erant)</strong></span> <span class='ocrx_word' id='word_1_82' title='bbox 792 1167 828 1201; x_wconf 88' lang='lat' dir='ltr'><strong>in</strong></span> <span class='ocrx_word' id='word_1_83' title='bbox 844 1179 953 1201; x_wconf 90' lang='lat' dir='ltr'><strong>cacu-</strong></span> 
     </span>
     <span class='ocr_line' id='line_1_17' title="bbox 279 1217 950 1263; baseline 0.003 -12"><span class='ocrx_word' id='word_1_84' title='bbox 279 1217 374 1251; x_wconf 86' lang='lat' dir='ltr'><strong>mine</strong></span> <span class='ocrx_word' id='word_1_85' title='bbox 383 1230 488 1252; x_wconf 86' lang='lat' dir='ltr'><strong>exorn</strong></span> <span class='ocrx_word' id='word_1_86' title='bbox 493 1218 803 1263; x_wconf 59' lang='lat' dir='ltr'><strong>abanturstasnpia</strong></span> <span class='ocrx_word' id='word_1_87' title='bbox 811 1232 950 1259; x_wconf 85' lang='lat' dir='ltr'><strong>summa,</strong></span> 
     </span>
     <span class='ocr_line' id='line_1_18' title="bbox 278 1269 953 1306; baseline 0.004 -4"><span class='ocrx_word' id='word_1_88' title='bbox 278 1269 299 1302; x_wconf 84' lang='lat' dir='ltr'><strong>i.</strong></span> <span class='ocrx_word' id='word_1_89' title='bbox 318 1282 346 1302; x_wconf 92' lang='lat' dir='ltr'><strong>e.</strong></span> <span class='ocrx_word' id='word_1_90' title='bbox 364 1269 399 1303; x_wconf 92' lang='lat' dir='ltr'><strong>in</strong></span> <span class='ocrx_word' id='word_1_91' title='bbox 420 1282 559 1304; x_wconf 88' lang='lat' dir='ltr'><strong>summo</strong></span> <span class='ocrx_word' id='word_1_92' title='bbox 578 1277 669 1305; x_wconf 87' lang='lat' dir='ltr'><strong>tecto</strong></span> <span class='ocrx_word' id='word_1_93' title='bbox 686 1283 694 1305; x_wconf 92' lang='lat'><strong>:</strong></span> <span class='ocrx_word' id='word_1_94' title='bbox 718 1271 795 1304; x_wconf 91' lang='lat' dir='ltr'><strong>vide</strong></span> <span class='ocrx_word' id='word_1_95' title='bbox 813 1271 953 1306; x_wconf 79' lang='lat' dir='ltr'><strong>Ernesti</strong></span> 
     </span>
     <span class='ocr_line' id='line_1_19' title="bbox 284 1320 956 1368; baseline 0.004 -13"><span class='ocrx_word' id='word_1_96' title='bbox 284 1320 380 1356; x_wconf 91' lang='lat' dir='ltr'><strong>Clav.</strong></span> <span class='ocrx_word' id='word_1_97' title='bbox 399 1320 472 1356; x_wconf 89' lang='lat' dir='ltr'>Cic.</span> <span class='ocrx_word' id='word_1_98' title='bbox 488 1321 522 1357; x_wconf 91' lang='lat' dir='ltr'><strong>h.</strong></span> <span class='ocrx_word' id='word_1_99' title='bbox 540 1335 572 1356; x_wconf 86' lang='lat' dir='ltr'><strong>v.</strong></span> <span class='ocrx_word' id='word_1_100' title='bbox 588 1323 735 1368; x_wconf 86' lang='lat' dir='ltr'><strong>Fastigia</strong></span> <span class='ocrx_word' id='word_1_101' title='bbox 750 1322 956 1368; x_wconf 87' lang='lat' dir='ltr'><strong>plerumque</strong></span> 
     </span>
     <span class='ocr_line' id='line_1_20' title="bbox 281 1373 957 1419; baseline 0.003 -12"><span class='ocrx_word' id='word_1_102' title='bbox 281 1380 404 1407; x_wconf 86' lang='lat' dir='ltr'><strong>onusta</strong></span> <span class='ocrx_word' id='word_1_103' title='bbox 429 1380 530 1408; x_wconf 90' lang='lat' dir='ltr'><strong>erant</strong></span> <span class='ocrx_word' id='word_1_104' title='bbox 554 1373 683 1419; x_wconf 85' lang='lat' dir='ltr'><strong>signis:</strong></span> <span class='ocrx_word' id='word_1_105' title='bbox 708 1374 784 1409; x_wconf 88' lang='lat' dir='ltr'><strong>vide</strong></span> <span class='ocrx_word' id='word_1_106' title='bbox 809 1375 957 1410; x_wconf 88' lang='lat' dir='ltr'><strong>Pausan.</strong></span> 
     </span>
     <span class='ocr_line' id='line_1_21' title="bbox 283 1423 956 1473; baseline 0.004 -16"><span class='ocrx_word' id='word_1_107' title='bbox 283 1423 408 1467; x_wconf 86' lang='lat' dir='ltr'><strong>passim</strong></span> <span class='ocrx_word' id='word_1_108' title='bbox 422 1450 431 1468; x_wconf 94' lang='lat'>,</span> <span class='ocrx_word' id='word_1_109' title='bbox 456 1424 493 1459; x_wconf 85' lang='lat' dir='ltr'><strong>in</strong></span> <span class='ocrx_word' id='word_1_110' title='bbox 510 1425 629 1469; x_wconf 85' lang='lat' dir='ltr'><strong>primis</strong></span> <span class='ocrx_word' id='word_1_111' title='bbox 648 1425 704 1459; x_wconf 91' lang='lat' dir='ltr'><strong>lib.</strong></span> <span class='ocrx_word' id='word_1_112' title='bbox 722 1426 758 1459; x_wconf 90' lang='lat' dir='ltr'><strong>V</strong></span> <span class='ocrx_word' id='word_1_113' title='bbox 770 1451 779 1469; x_wconf 88' lang='lat'><strong><em>‚</em></strong></span> <span class='ocrx_word' id='word_1_114' title='bbox 803 1439 836 1471; x_wconf 85' lang='lat' dir='ltr'><strong>p.</strong></span> <span class='ocrx_word' id='word_1_115' title='bbox 853 1426 918 1473; x_wconf 79' lang='lat'><strong>399</strong></span> <span class='ocrx_word' id='word_1_116' title='bbox 931 1439 956 1460; x_wconf 88' lang='lat' dir='ltr'><strong>s.</strong></span> 
     </span>
     <span class='ocr_line' id='line_1_22' title="bbox 282 1476 958 1523; baseline 0.003 -13"><span class='ocrx_word' id='word_1_117' title='bbox 282 1476 340 1511; x_wconf 87' lang='lat' dir='ltr'><strong>Sic</strong></span> <span class='ocrx_word' id='word_1_118' title='bbox 356 1476 393 1510; x_wconf 89' lang='lat' dir='ltr'><strong>in</strong></span> <span class='ocrx_word' id='word_1_119' title='bbox 406 1476 525 1522; x_wconf 89' lang='lat' dir='ltr'><strong>templi</strong></span> <span class='ocrx_word' id='word_1_120' title='bbox 538 1476 725 1522; x_wconf 88' lang='lat' dir='ltr'><strong>Apollinis,</strong></span> <span class='ocrx_word' id='word_1_121' title='bbox 743 1478 785 1512; x_wconf 87' lang='lat' dir='ltr'><strong>ab</strong></span> <span class='ocrx_word' id='word_1_122' title='bbox 799 1478 958 1523; x_wconf 87' lang='lat' dir='ltr'><strong>Augusto</strong></span> 
     </span>
     <span class='ocr_line' id='line_1_23' title="bbox 282 1526 957 1573; baseline 0.004 -12"><span class='ocrx_word' id='word_1_123' title='bbox 282 1526 454 1571; x_wconf 86' lang='lat' dir='ltr'><strong>dedicati,</strong></span> <span class='ocrx_word' id='word_1_124' title='bbox 478 1527 612 1573; x_wconf 83' lang='lat' dir='ltr'><strong>fastigio</strong></span> <span class='ocrx_word' id='word_1_125' title='bbox 628 1535 702 1562; x_wconf 90' lang='lat' dir='ltr'><strong>erat</strong></span> <span class='ocrx_word' id='word_1_126' title='bbox 723 1529 957 1564; x_wconf 69' lang='lat' dir='ltr'><strong>aureus‹Solis</strong></span> 
     </span>
     <span class='ocr_line' id='line_1_24' title="bbox 282 1580 956 1625; baseline 0.004 -12"><span class='ocrx_word' id='word_1_127' title='bbox 282 1592 413 1614; x_wconf 76' lang='lat' dir='ltr'><strong>currus.</strong></span> <span class='ocrx_word' id='word_1_128' title='bbox 432 1581 591 1625; x_wconf 87' lang='lat' dir='ltr'><strong>Propert.</strong></span> <span class='ocrx_word' id='word_1_129' title='bbox 605 1580 653 1624; x_wconf 79' lang='lat'><strong>11,</strong></span> <span class='ocrx_word' id='word_1_130' title='bbox 671 1591 766 1615; x_wconf 82' lang='lat' dir='ltr'><strong>xxm</strong></span> <span class='ocrx_word' id='word_1_131' title='bbox 782 1607 791 1624; x_wconf 91' lang='lat'>,</span> <span class='ocrx_word' id='word_1_132' title='bbox 812 1594 860 1616; x_wconf 91' lang='lat'><strong>11.</strong></span> <span class='ocrx_word' id='word_1_133' title='bbox 877 1582 956 1616; x_wconf 89' lang='lat' dir='ltr'><strong>Ita-</strong></span> 
     </span>
     <span class='ocr_line' id='line_1_25' title="bbox 285 1631 956 1679; baseline 0.004 -14"><span class='ocrx_word' id='word_1_134' title='bbox 285 1645 351 1677; x_wconf 88' lang='lat' dir='ltr'><strong>que</strong></span> <span class='ocrx_word' id='word_1_135' title='bbox 378 1639 412 1667; x_wconf 88' lang='lat' dir='ltr'><strong>et</strong></span> <span class='ocrx_word' id='word_1_136' title='bbox 434 1631 468 1666; x_wconf 92' lang='lat' dir='ltr'><strong>h.</strong></span> <span class='ocrx_word' id='word_1_137' title='bbox 493 1632 516 1666; x_wconf 93' lang='lat' dir='ltr'><strong>l.</strong></span> <span class='ocrx_word' id='word_1_138' title='bbox 540 1635 620 1667; x_wconf 84' lang='lat' dir='ltr'><strong>ebur</strong></span> <span class='ocrx_word' id='word_1_139' title='bbox 642 1633 770 1678; x_wconf 87' lang='lat' dir='ltr'><strong>accipio</strong></span> <span class='ocrx_word' id='word_1_140' title='bbox 790 1632 832 1667; x_wconf 92' lang='lat' dir='ltr'><strong>de</strong></span> <span class='ocrx_word' id='word_1_141' title='bbox 851 1633 956 1679; x_wconf 85' lang='lat' dir='ltr'><strong>signis</strong></span> 
     </span>
     <span class='ocr_line' id='line_1_26' title="bbox 283 1684 959 1731; baseline 0.003 -13"><span class='ocrx_word' id='word_1_142' title='bbox 283 1685 444 1720; x_wconf 78' lang='lat' dir='ltr'><strong>eburneis</strong></span> <span class='ocrx_word' id='word_1_143' title='bbox 460 1684 497 1719; x_wconf 91' lang='lat' dir='ltr'><strong>in</strong></span> <span class='ocrx_word' id='word_1_144' title='bbox 514 1685 647 1731; x_wconf 84' lang='lat' dir='ltr'><strong>fastigio</strong></span> <span class='ocrx_word' id='word_1_145' title='bbox 663 1685 835 1720; x_wconf 77' lang='lat' dir='ltr'><strong>collocatis</strong></span> <span class='ocrx_word' id='word_1_146' title='bbox 852 1698 861 1720; x_wconf 72' lang='grc' dir='ltr'>ι</span> <span class='ocrx_word' id='word_1_147' title='bbox 875 1689 959 1720; x_wconf 86' lang='lat' dir='ltr'><strong>nili-</strong></span> 
     </span>
     <span class='ocr_line' id='line_1_27' title="bbox 283 1736 957 1777; baseline 0.003 -7"><span class='ocrx_word' id='word_1_148' title='bbox 283 1739 370 1777; x_wconf 80' lang='lat' dir='ltr'><strong>dum,</strong></span> <span class='ocrx_word' id='word_1_149' title='bbox 388 1736 639 1771; x_wconf 74' lang='lat' dir='ltr'><strong>candidum-</strong></span> <span class='ocrx_word' id='word_1_150' title='bbox 653 1738 775 1772; x_wconf 81' lang='lat' dir='ltr'><strong>Tenere</strong></span> <span class='ocrx_word' id='word_1_151' title='bbox 783 1738 899 1772; x_wconf 90' lang='lat' dir='ltr'><strong>locum</strong></span> <span class='ocrx_word' id='word_1_152' title='bbox 909 1737 957 1771; x_wconf 89' lang='lat' dir='ltr'><strong>di-</strong></span> 
     </span>
     <span class='ocr_line' id='line_1_28' title="bbox 285 1789 956 1833; baseline 0.003 -11"><span class='ocrx_word' id='word_1_153' title='bbox 285 1795 413 1823; x_wconf 69' lang='lat' dir='ltr'><strong>cuntur</strong></span> <span class='ocrx_word' id='word_1_154' title='bbox 425 1815 434 1832; x_wconf 93' lang='lat'>,</span> <span class='ocrx_word' id='word_1_155' title='bbox 459 1801 536 1833; x_wconf 78' lang='lat' dir='ltr'><strong>quae</strong></span> <span class='ocrx_word' id='word_1_156' title='bbox 552 1789 588 1823; x_wconf 90' lang='lat' dir='ltr'><strong>in</strong></span> <span class='ocrx_word' id='word_1_157' title='bbox 606 1801 648 1823; x_wconf 90' lang='lat' dir='ltr'><strong>eo</strong></span> <span class='ocrx_word' id='word_1_158' title='bbox 669 1789 832 1824; x_wconf 85' lang='lat' dir='ltr'><strong>collocata</strong></span> <span class='ocrx_word' id='word_1_159' title='bbox 852 1796 956 1825; x_wconf 84' lang='lat' dir='ltr'><strong>sunt:</strong></span> 
     </span>
     <span class='ocr_line' id='line_1_29' title="bbox 284 1840 959 1889; baseline 0.004 -15"><span class='ocrx_word' id='word_1_160' title='bbox 284 1840 360 1874; x_wconf 79' lang='lat' dir='ltr'><strong>vide</strong></span> <span class='ocrx_word' id='word_1_161' title='bbox 380 1840 502 1876; x_wconf 88' lang='lat' dir='ltr'><strong>Heins.</strong></span> <span class='ocrx_word' id='word_1_162' title='bbox 521 1840 564 1875; x_wconf 90' lang='lat' dir='ltr'><strong>ad</strong></span> <span class='ocrx_word' id='word_1_163' title='bbox 581 1841 636 1876; x_wconf 88' lang='lat'><strong>111</strong></span> <span class='ocrx_word' id='word_1_164' title='bbox 653 1841 742 1876; x_wconf 88' lang='lat' dir='ltr'><strong>Fast.</strong></span> <span class='ocrx_word' id='word_1_165' title='bbox 758 1867 767 1884; x_wconf 92' lang='lat'>,</span> <span class='ocrx_word' id='word_1_166' title='bbox 785 1855 858 1889; x_wconf 79' lang='lat'><strong>219.</strong></span> <span class='ocrx_word' id='word_1_167' title='bbox 877 1841 959 1877; x_wconf 83' lang='lat' dir='ltr'><strong>Cae-</strong></span> 
     </span>
     <span class='ocr_line' id='line_1_30' title="bbox 285 1892 958 1939; baseline 0.003 -13"><span class='ocrx_word' id='word_1_168' title='bbox 285 1899 400 1926; x_wconf 89' lang='lat' dir='ltr'><strong>terum</strong></span> <span class='ocrx_word' id='word_1_169' title='bbox 423 1892 467 1927; x_wconf 92' lang='lat' dir='ltr'><strong>de</strong></span> <span class='ocrx_word' id='word_1_170' title='bbox 483 1892 649 1938; x_wconf 82' lang='lat' dir='ltr'><strong>dignitate</strong></span> <span class='ocrx_word' id='word_1_171' title='bbox 662 1918 672 1936; x_wconf 87' lang='lat'>‚</span> <span class='ocrx_word' id='word_1_172' title='bbox 698 1906 803 1938; x_wconf 87' lang='lat' dir='ltr'><strong>quam</strong></span> <span class='ocrx_word' id='word_1_173' title='bbox 822 1893 958 1939; x_wconf 87' lang='lat' dir='ltr'><strong>templis</strong></span> 
     </span>
     <span class='ocr_line' id='line_1_31' title="bbox 286 1943 960 1989; baseline 0.004 -11"><span class='ocrx_word' id='word_1_174' title='bbox 286 1944 420 1980; x_wconf 82' lang='lat' dir='ltr'><strong>addunt</strong></span> <span class='ocrx_word' id='word_1_175' title='bbox 436 1946 597 1979; x_wconf 65' lang='lat' dir='ltr'><strong>columne</strong></span> <span class='ocrx_word' id='word_1_176' title='bbox 606 1950 640 1979; x_wconf 88' lang='lat' dir='ltr'><strong>et</strong></span> <span class='ocrx_word' id='word_1_177' title='bbox 641 1943 791 1989; x_wconf 74' lang='lat' dir='ltr'><strong>fastigia</strong></span> <span class='ocrx_word' id='word_1_178' title='bbox 800 1972 810 1987; x_wconf 84' lang='lat'><em>‚</em></span> <span class='ocrx_word' id='word_1_179' title='bbox 823 1946 865 1980; x_wconf 85' lang='lat' dir='ltr'><strong>cs.</strong></span> <span class='ocrx_word' id='word_1_180' title='bbox 885 1944 960 1981; x_wconf 87' lang='lat' dir='ltr'><strong>Cic.</strong></span> 
     </span>
     <span class='ocr_line' id='line_1_32' title="bbox 287 1996 557 2041; baseline -0.007 -10"><span class='ocrx_word' id='word_1_181' title='bbox 287 1996 387 2031; x_wconf 83' lang='lat' dir='ltr'><strong>Orat.</strong></span> <span class='ocrx_word' id='word_1_182' title='bbox 406 1997 460 2032; x_wconf 90' lang='lat'><strong>111</strong></span> <span class='ocrx_word' id='word_1_183' title='bbox 473 2023 483 2041; x_wconf 87' lang='lat'><em>‚</em></span> <span class='ocrx_word' id='word_1_184' title='bbox 505 1997 557 2040; x_wconf 82' lang='lat'><strong>46.</strong></span> 
     </span>
    </p>

    <p class='ocr_par' dir='ltr' id='par_1_8' title="bbox 286 2050 964 2822">
     <span class='ocr_line' id='line_1_33' title="bbox 328 2050 959 2094; baseline 0.006 -12"><span class='ocrx_word' id='word_1_185' title='bbox 328 2051 359 2092; x_wconf 83' lang='grc'><strong>4.</strong></span> <span class='ocrx_word' id='word_1_186' title='bbox 383 2050 529 2093; x_wconf 77' lang='lat' dir='ltr'><strong>Argenti</strong></span> <span class='ocrx_word' id='word_1_187' title='bbox 539 2050 671 2094; x_wconf 78' lang='lat' dir='ltr'><strong>bifores.</strong></span> <span class='ocrx_word' id='word_1_188' title='bbox 694 2050 812 2086; x_wconf 91' lang='lat' dir='ltr'><strong>Etiam</strong></span> <span class='ocrx_word' id='word_1_189' title='bbox 829 2050 959 2086; x_wconf 86' lang='lat' dir='ltr'><strong>foribus</strong></span> 
     </span>
     <span class='ocr_line' id='line_1_34' title="bbox 287 2100 959 2147; baseline 0.004 -13"><span class='ocrx_word' id='word_1_190' title='bbox 287 2113 433 2146; x_wconf 81' lang='lat' dir='ltr'><strong>magnus</strong></span> <span class='ocrx_word' id='word_1_191' title='bbox 450 2100 641 2135; x_wconf 89' lang='lat' dir='ltr'><strong>addebatur</strong></span> <span class='ocrx_word' id='word_1_192' title='bbox 658 2109 822 2144; x_wconf 84' lang='lat' dir='ltr'><strong>ornatus;</strong></span> <span class='ocrx_word' id='word_1_193' title='bbox 842 2102 959 2147; x_wconf 86' lang='lat' dir='ltr'><strong>itaque</strong></span> 
     </span>
     <span class='ocr_line' id='line_1_35' title="bbox 286 2153 961 2200; baseline 0.003 -13"><span class='ocrx_word' id='word_1_194' title='bbox 286 2165 425 2198; x_wconf 87' lang='lat' dir='ltr'><strong>semper</strong></span> <span class='ocrx_word' id='word_1_195' title='bbox 435 2165 557 2187; x_wconf 88' lang='lat' dir='ltr'><strong>earum</strong></span> <span class='ocrx_word' id='word_1_196' title='bbox 568 2153 749 2189; x_wconf 84' lang='lat' dir='ltr'><strong>fitmentio</strong></span> <span class='ocrx_word' id='word_1_197' title='bbox 758 2154 795 2188; x_wconf 88' lang='lat' dir='ltr'><strong>in</strong></span> <span class='ocrx_word' id='word_1_198' title='bbox 807 2153 961 2200; x_wconf 84' lang='lat' dir='ltr'><strong>descrip-</strong></span> 
     </span>
     <span class='ocr_line' id='line_1_36' title="bbox 287 2206 959 2252; baseline 0.004 -13"><span class='ocrx_word' id='word_1_199' title='bbox 287 2206 438 2242; x_wconf 84' lang='lat' dir='ltr'><strong>tionibus</strong></span> <span class='ocrx_word' id='word_1_200' title='bbox 453 2206 645 2252; x_wconf 87' lang='lat' dir='ltr'><strong>regiarum:</strong></span> <span class='ocrx_word' id='word_1_201' title='bbox 656 2207 697 2241; x_wconf 85' lang='lat' dir='ltr'><strong>cs.</strong></span> <span class='ocrx_word' id='word_1_202' title='bbox 714 2207 821 2242; x_wconf 88' lang='lat' dir='ltr'><strong>Hom.</strong></span> <span class='ocrx_word' id='word_1_203' title='bbox 833 2207 903 2242; x_wconf 91' lang='lat' dir='ltr'><strong>Od.</strong></span> <span class='ocrx_word' id='word_1_204' title='bbox 915 2215 937 2242; x_wconf 91' lang='lat' dir='ltr'>Z</span> <span class='ocrx_word' id='word_1_205' title='bbox 950 2233 959 2251; x_wconf 94' lang='lat'>,</span> 
     </span>
     <span class='ocr_line' id='line_1_37' title="bbox 292 2257 961 2304; baseline 0.003 -14"><span class='ocrx_word' id='word_1_206' title='bbox 292 2270 350 2304; x_wconf 77' lang='lat'><strong>193</strong></span> <span class='ocrx_word' id='word_1_207' title='bbox 362 2263 385 2290; x_wconf 92' lang='lat' dir='ltr'>P</span> <span class='ocrx_word' id='word_1_208' title='bbox 398 2283 407 2301; x_wconf 87' lang='lat'>,</span> <span class='ocrx_word' id='word_1_209' title='bbox 426 2257 486 2301; x_wconf 82' lang='lat'><strong>267</strong></span> <span class='ocrx_word' id='word_1_210' title='bbox 501 2283 510 2300; x_wconf 91' lang='lat'>,</span> <span class='ocrx_word' id='word_1_211' title='bbox 528 2257 565 2291; x_wconf 91' lang='lat' dir='ltr'><strong>in</strong></span> <span class='ocrx_word' id='word_1_212' title='bbox 575 2257 764 2302; x_wconf 90' lang='lat' dir='ltr'><strong>primisque</strong></span> <span class='ocrx_word' id='word_1_213' title='bbox 780 2264 822 2301; x_wconf 84' lang='grc' dir='ltr'><strong>Η,</strong></span> <span class='ocrx_word' id='word_1_214' title='bbox 836 2258 876 2292; x_wconf 86' lang='lat'><strong>82</strong></span> <span class='ocrx_word' id='word_1_215' title='bbox 887 2271 961 2303; x_wconf 87' lang='lat' dir='ltr'><strong>sqq.</strong></span> 
     </span>
     <span class='ocr_line' id='line_1_38' title="bbox 288 2308 962 2355; baseline 0.003 -13"><span class='ocrx_word' id='word_1_216' title='bbox 288 2309 348 2343; x_wconf 90' lang='lat' dir='ltr'><strong>ubi</strong></span> <span class='ocrx_word' id='word_1_217' title='bbox 365 2308 458 2355; x_wconf 86' lang='lat' dir='ltr'><strong>regia</strong></span> <span class='ocrx_word' id='word_1_218' title='bbox 470 2309 607 2344; x_wconf 86' lang='lat' dir='ltr'><strong>Alcinoi</strong></span> <span class='ocrx_word' id='word_1_219' title='bbox 619 2309 833 2344; x_wconf 86' lang='lat' dir='ltr'><strong>describitur.</strong></span> <span class='ocrx_word' id='word_1_220' title='bbox 846 2309 962 2344; x_wconf 90' lang='lat' dir='ltr'><strong>Cura-</strong></span> 
     </span>
     <span class='ocr_line' id='line_1_39' title="bbox 290 2363 961 2411; baseline -0.001 -16"><span class='ocrx_word' id='word_1_221' title='bbox 290 2363 403 2405; x_wconf 76' lang='lat' dir='ltr'><strong>batur,</strong></span> <span class='ocrx_word' id='word_1_222' title='bbox 416 2367 455 2395; x_wconf 83' lang='lat' dir='ltr'><strong>ut</strong></span> <span class='ocrx_word' id='word_1_223' title='bbox 468 2368 582 2396; x_wconf 74' lang='lat' dir='ltr'><strong>essent</strong></span> <span class='ocrx_word' id='word_1_224' title='bbox 598 2364 721 2411; x_wconf 62' lang='grc' dir='ltr'><strong>εὖεργεῒς</strong></span> <span class='ocrx_word' id='word_1_225' title='bbox 735 2367 770 2395; x_wconf 68' lang='lat' dir='ltr'><strong>et</strong></span> <span class='ocrx_word' id='word_1_226' title='bbox 780 2367 909 2407; x_wconf 57' lang='grc' dir='ltr'><strong>φαειναί.</strong></span> <span class='ocrx_word' id='word_1_227' title='bbox 919 2380 961 2387; x_wconf 85' lang='grc'><strong>-</strong></span> 
     </span>
     <span class='ocr_line' id='line_1_40' title="bbox 295 2414 960 2460; baseline -0.002 -12"><span class='ocrx_word' id='word_1_228' title='bbox 295 2416 408 2449; x_wconf 69' lang='lat' dir='ltr'><strong>Valaae</strong></span> <span class='ocrx_word' id='word_1_229' title='bbox 423 2414 457 2448; x_wconf 88' lang='lat' dir='ltr'><strong>in</strong></span> <span class='ocrx_word' id='word_1_230' title='bbox 476 2414 596 2460; x_wconf 82' lang='lat' dir='ltr'><strong>primis</strong></span> <span class='ocrx_word' id='word_1_231' title='bbox 613 2421 713 2449; x_wconf 86' lang='lat' dir='ltr'><strong>erant</strong></span> <span class='ocrx_word' id='word_1_232' title='bbox 727 2414 938 2459; x_wconf 87' lang='lat' dir='ltr'><strong>templorum</strong></span> <span class='ocrx_word' id='word_1_233' title='bbox 950 2440 960 2458; x_wconf 85' lang='lat'>,</span> 
     </span>
     <span class='ocr_line' id='line_1_41' title="bbox 290 2465 962 2512; baseline 0 -12"><span class='ocrx_word' id='word_1_234' title='bbox 290 2473 326 2501; x_wconf 87' lang='lat' dir='ltr'><strong>et</strong></span> <span class='ocrx_word' id='word_1_235' title='bbox 338 2466 633 2512; x_wconf 90' lang='lat' dir='ltr'><strong>complicabantur</strong></span> <span class='ocrx_word' id='word_1_236' title='bbox 645 2466 692 2501; x_wconf 87' lang='lat' dir='ltr'><strong>ita</strong></span> <span class='ocrx_word' id='word_1_237' title='bbox 703 2492 712 2510; x_wconf 94' lang='lat'>,</span> <span class='ocrx_word' id='word_1_238' title='bbox 727 2473 766 2500; x_wconf 88' lang='lat' dir='ltr'><strong>ut</strong></span> <span class='ocrx_word' id='word_1_239' title='bbox 777 2466 814 2500; x_wconf 86' lang='lat' dir='ltr'><strong>in</strong></span> <span class='ocrx_word' id='word_1_240' title='bbox 828 2479 863 2502; x_wconf 92' lang='lat' dir='ltr'><strong>se</strong></span> <span class='ocrx_word' id='word_1_241' title='bbox 875 2465 962 2510; x_wconf 86' lang='lat' dir='ltr'><strong>ipsas</strong></span> 
     </span>
     <span class='ocr_line' id='line_1_42' title="bbox 288 2518 962 2554; baseline 0 -2"><span class='ocrx_word' id='word_1_242' title='bbox 288 2518 383 2553; x_wconf 89' lang='lat' dir='ltr'><strong>intus</strong></span> <span class='ocrx_word' id='word_1_243' title='bbox 409 2518 673 2554; x_wconf 86' lang='lat' dir='ltr'><strong>revolverentur</strong></span> <span class='ocrx_word' id='word_1_244' title='bbox 700 2529 708 2550; x_wconf 73' lang='grc' dir='ltr'>ι</span> <span class='ocrx_word' id='word_1_245' title='bbox 739 2518 818 2553; x_wconf 88' lang='lat' dir='ltr'><strong>vide</strong></span> <span class='ocrx_word' id='word_1_246' title='bbox 842 2519 962 2553; x_wconf 86' lang='lat' dir='ltr'><strong>Barth.</strong></span> 
     </span>
     <span class='ocr_line' id='line_1_43' title="bbox 292 2570 962 2616; baseline 0.001 -12"><span class='ocrx_word' id='word_1_247' title='bbox 292 2570 437 2606; x_wconf 88' lang='lat' dir='ltr'><strong>Advers.</strong></span> <span class='ocrx_word' id='word_1_248' title='bbox 453 2571 518 2606; x_wconf 89' lang='lat' dir='ltr'><strong>XL</strong></span> <span class='ocrx_word' id='word_1_249' title='bbox 531 2598 541 2616; x_wconf 83' lang='lat'>,</span> <span class='ocrx_word' id='word_1_250' title='bbox 564 2584 612 2606; x_wconf 89' lang='lat'><strong>10.</strong></span> <span class='ocrx_word' id='word_1_251' title='bbox 631 2572 727 2606; x_wconf 89' lang='lat' dir='ltr'><strong>Hinc</strong></span> <span class='ocrx_word' id='word_1_252' title='bbox 741 2571 864 2615; x_wconf 79' lang='lat' dir='ltr'><strong>bifores</strong></span> <span class='ocrx_word' id='word_1_253' title='bbox 879 2573 962 2605; x_wconf 83' lang='lat' dir='ltr'><strong>val-</strong></span> 
     </span>
     <span class='ocr_line' id='line_1_44' title="bbox 293 2622 964 2673; baseline 0 -16"><span class='ocrx_word' id='word_1_254' title='bbox 293 2635 355 2664; x_wconf 78' lang='lat' dir='ltr'><strong>voe,</strong></span> <span class='ocrx_word' id='word_1_255' title='bbox 384 2625 467 2671; x_wconf 73' lang='grc' dir='ltr'><strong><em>θύραι</em></strong></span> <span class='ocrx_word' id='word_1_256' title='bbox 495 2628 624 2663; x_wconf 66' lang='grc' dir='ltr'><strong>δικλίδες</strong></span> <span class='ocrx_word' id='word_1_257' title='bbox 635 2649 644 2666; x_wconf 84' lang='grc'><em>,</em></span> <span class='ocrx_word' id='word_1_258' title='bbox 671 2625 844 2673; x_wconf 57' lang='lat' dir='ltr'><strong>&amp;coiri-picen.</strong></span> <span class='ocrx_word' id='word_1_259' title='bbox 871 2622 964 2657; x_wconf 86' lang='lat' dir='ltr'><strong>Val-</strong></span> 
     </span>
     <span class='ocr_line' id='line_1_45' title="bbox 292 2673 963 2719; baseline 0.001 -12"><span class='ocrx_word' id='word_1_260' title='bbox 292 2686 342 2708; x_wconf 81' lang='lat' dir='ltr'><strong>vae</strong></span> <span class='ocrx_word' id='word_1_261' title='bbox 359 2674 479 2719; x_wconf 89' lang='lat' dir='ltr'><strong>templi</strong></span> <span class='ocrx_word' id='word_1_262' title='bbox 498 2673 687 2719; x_wconf 87' lang='lat' dir='ltr'><strong>Capitolini</strong></span> <span class='ocrx_word' id='word_1_263' title='bbox 701 2674 838 2708; x_wconf 87' lang='lat' dir='ltr'><strong>laminis</strong></span> <span class='ocrx_word' id='word_1_264' title='bbox 852 2674 963 2708; x_wconf 88' lang='lat' dir='ltr'><strong>aureis</strong></span> 
     </span>
     <span class='ocr_line' id='line_1_46' title="bbox 293 2725 964 2769; baseline -0.001 -9"><span class='ocrx_word' id='word_1_265' title='bbox 293 2725 449 2760; x_wconf 73' lang='lat' dir='ltr'><strong>obductae</strong></span> <span class='ocrx_word' id='word_1_266' title='bbox 465 2732 566 2760; x_wconf 87' lang='lat' dir='ltr'><strong>erant</strong></span> <span class='ocrx_word' id='word_1_267' title='bbox 578 2751 588 2769; x_wconf 92' lang='lat'>,</span> <span class='ocrx_word' id='word_1_268' title='bbox 614 2725 673 2760; x_wconf 91' lang='lat' dir='ltr'><strong>sed</strong></span> <span class='ocrx_word' id='word_1_269' title='bbox 689 2726 743 2760; x_wconf 80' lang='lat' dir='ltr'><strong>hae</strong></span> <span class='ocrx_word' id='word_1_270' title='bbox 759 2733 886 2761; x_wconf 82' lang='lat' dir='ltr'><strong>nostrae</strong></span> <span class='ocrx_word' id='word_1_271' title='bbox 900 2738 964 2759; x_wconf 91' lang='lat' dir='ltr'><strong>ar—</strong></span> 
     </span>
     <span class='ocr_line' id='line_1_47' title="bbox 293 2776 962 2822; baseline -0.004 -10"><span class='ocrx_word' id='word_1_272' title='bbox 293 2784 406 2822; x_wconf 82' lang='lat' dir='ltr'><strong>gento.</strong></span> <span class='ocrx_word' id='word_1_273' title='bbox 420 2777 472 2812; x_wconf 89' lang='lat' dir='ltr'><strong>Ut</strong></span> <span class='ocrx_word' id='word_1_274' title='bbox 484 2776 540 2812; x_wconf 83' lang='lat' dir='ltr'><strong>hic</strong></span> <span class='ocrx_word' id='word_1_275' title='bbox 550 2779 659 2811; x_wconf 83' lang='lat' dir='ltr'><strong>lumen</strong></span> <span class='ocrx_word' id='word_1_276' title='bbox 670 2780 814 2820; x_wconf 68' lang='lat' dir='ltr'><strong>argenti,</strong></span> <span class='ocrx_word' id='word_1_277' title='bbox 829 2777 874 2811; x_wconf 89' lang='lat' dir='ltr'><strong>sic</strong></span> <span class='ocrx_word' id='word_1_278' title='bbox 887 2776 962 2809; x_wconf 89' lang='lat' dir='ltr'><strong>Val.</strong></span> 
     </span>
    </p>
   </div>
   <div class='ocr_carea' id='block_1_8' title="bbox 1014 649 1703 2819">
    <p class='ocr_par' dir='ltr' id='par_1_9' title="bbox 1014 649 1702 1006">
     <span class='ocr_line' id='line_1_48' title="bbox 1014 649 1688 694; baseline 0.003 -10"><span class='ocrx_word' id='word_1_279' title='bbox 1014 649 1105 684; x_wconf 88' lang='lat' dir='ltr'><strong>Flac.</strong></span> <span class='ocrx_word' id='word_1_280' title='bbox 1123 649 1179 685; x_wconf 87' lang='lat' dir='ltr'><strong>III</strong></span> <span class='ocrx_word' id='word_1_281' title='bbox 1192 675 1201 693; x_wconf 89' lang='lat'>,</span> <span class='ocrx_word' id='word_1_282' title='bbox 1223 662 1284 684; x_wconf 91' lang='lat'><strong>100</strong></span> <span class='ocrx_word' id='word_1_283' title='bbox 1296 677 1305 694; x_wconf 86' lang='lat'><strong><em>,</em></strong></span> <span class='ocrx_word' id='word_1_284' title='bbox 1322 650 1415 693; x_wconf 72' lang='lat' dir='ltr'><strong>fbrri</strong></span> <span class='ocrx_word' id='word_1_285' title='bbox 1431 652 1538 684; x_wconf 82' lang='lat' dir='ltr'><strong>lumen</strong></span> <span class='ocrx_word' id='word_1_286' title='bbox 1550 677 1559 691; x_wconf 90' lang='lat'><em>,</em></span> <span class='ocrx_word' id='word_1_287' title='bbox 1586 663 1631 686; x_wconf 88' lang='lat' dir='ltr'><strong>sc.</strong></span> <span class='ocrx_word' id='word_1_288' title='bbox 1651 650 1688 685; x_wconf 86' lang='lat' dir='ltr'><strong>in</strong></span> 
     </span>
     <span class='ocr_line' id='line_1_49' title="bbox 1014 700 1689 745; baseline 0.001 -11"><span class='ocrx_word' id='word_1_289' title='bbox 1014 700 1235 745; x_wconf 88' lang='lat' dir='ltr'><strong>splendorem</strong></span> <span class='ocrx_word' id='word_1_290' title='bbox 1245 701 1325 735; x_wconf 84' lang='lat' dir='ltr'><strong>dati.</strong></span> <span class='ocrx_word' id='word_1_291' title='bbox 1334 719 1378 727; x_wconf 89' lang='lat'><strong>—</strong></span> <span class='ocrx_word' id='word_1_292' title='bbox 1385 702 1535 735; x_wconf 76' lang='lat' dir='ltr'><strong>Radiaere</strong></span> <span class='ocrx_word' id='word_1_293' title='bbox 1543 700 1689 736; x_wconf 84' lang='lat' dir='ltr'><strong>verbum</strong></span> 
     </span>
     <span class='ocr_line' id='line_1_50' title="bbox 1015 751 1691 798; baseline 0 -12"><span class='ocrx_word' id='word_1_294' title='bbox 1015 752 1165 797; x_wconf 80' lang='lat' dir='ltr'><strong>antiquae</strong></span> <span class='ocrx_word' id='word_1_295' title='bbox 1184 752 1382 798; x_wconf 83' lang='lat' dir='ltr'><strong>elegantiae‚</strong></span> <span class='ocrx_word' id='word_1_296' title='bbox 1399 751 1513 797; x_wconf 81' lang='lat' dir='ltr'><strong>judice</strong></span> <span class='ocrx_word' id='word_1_297' title='bbox 1536 751 1691 787; x_wconf 81' lang='lat' dir='ltr'><strong>Broukh.</strong></span> 
     </span>
     <span class='ocr_line' id='line_1_51' title="bbox 1015 805 1691 852; baseline 0.003 -13"><span class='ocrx_word' id='word_1_298' title='bbox 1015 805 1057 839; x_wconf 89' lang='lat' dir='ltr'><strong>ad</strong></span> <span class='ocrx_word' id='word_1_299' title='bbox 1071 806 1229 851; x_wconf 90' lang='lat' dir='ltr'><strong>Propert.</strong></span> <span class='ocrx_word' id='word_1_300' title='bbox 1242 807 1259 841; x_wconf 94' lang='lat' dir='ltr'>I</span> <span class='ocrx_word' id='word_1_301' title='bbox 1273 833 1282 850; x_wconf 92' lang='lat'>,</span> <span class='ocrx_word' id='word_1_302' title='bbox 1300 817 1347 841; x_wconf 84' lang='lat' dir='ltr'><strong>xv</strong></span> <span class='ocrx_word' id='word_1_303' title='bbox 1358 832 1368 850; x_wconf 83' lang='lat'>,</span> <span class='ocrx_word' id='word_1_304' title='bbox 1390 819 1407 851; x_wconf 89' lang='grc'>7</span> <span class='ocrx_word' id='word_1_305' title='bbox 1418 831 1428 848; x_wconf 86' lang='grc'>,</span> <span class='ocrx_word' id='word_1_306' title='bbox 1446 806 1506 841; x_wconf 88' lang='lat' dir='ltr'><strong>ubi</strong></span> <span class='ocrx_word' id='word_1_307' title='bbox 1524 806 1640 852; x_wconf 80' lang='lat' dir='ltr'><strong>plures</strong></span> <span class='ocrx_word' id='word_1_308' title='bbox 1655 811 1691 841; x_wconf 79' lang='lat' dir='ltr'><strong>et</strong></span> 
     </span>
     <span class='ocr_line' id='line_1_52' title="bbox 1015 857 1692 902; baseline 0.001 -10"><span class='ocrx_word' id='word_1_309' title='bbox 1015 857 1112 892; x_wconf 89' lang='lat' dir='ltr'><strong>Nost.</strong></span> <span class='ocrx_word' id='word_1_310' title='bbox 1125 859 1229 892; x_wconf 90' lang='lat' dir='ltr'><strong>Pont.</strong></span> <span class='ocrx_word' id='word_1_311' title='bbox 1242 858 1316 902; x_wconf 92' lang='lat'>111,</span> <span class='ocrx_word' id='word_1_312' title='bbox 1334 869 1383 898; x_wconf 84' lang='lat' dir='ltr'><strong>lv,</strong></span> <span class='ocrx_word' id='word_1_313' title='bbox 1401 858 1462 892; x_wconf 83' lang='lat'><strong>103</strong></span> <span class='ocrx_word' id='word_1_314' title='bbox 1473 884 1483 900; x_wconf 81' lang='lat'>‚</span> <span class='ocrx_word' id='word_1_315' title='bbox 1494 860 1692 893; x_wconf 73' lang='lat' dir='ltr'><strong>radiat-iac-</strong></span> 
     </span>
     <span class='ocr_line' id='line_1_53' title="bbox 1014 908 1691 954; baseline 0.003 -11"><span class='ocrx_word' id='word_1_316' title='bbox 1014 908 1182 954; x_wconf 84' lang='lat' dir='ltr'><strong>cipientes</strong></span> <span class='ocrx_word' id='word_1_317' title='bbox 1203 910 1320 944; x_wconf 80' lang='lat' dir='ltr'><strong>refert.</strong></span> <span class='ocrx_word' id='word_1_318' title='bbox 1345 909 1415 944; x_wconf 89' lang='lat' dir='ltr'><strong>Sed</strong></span> <span class='ocrx_word' id='word_1_319' title='bbox 1434 909 1512 944; x_wconf 84' lang='lat' dir='ltr'><strong>alibi</strong></span> <span class='ocrx_word' id='word_1_320' title='bbox 1529 911 1601 945; x_wconf 84' lang='lat' dir='ltr'><strong>sere</strong></span> <span class='ocrx_word' id='word_1_321' title='bbox 1620 910 1691 945; x_wconf 88' lang='lat' dir='ltr'><strong>vim</strong></span> 
     </span>
     <span class='ocr_line' id='line_1_54' title="bbox 1016 960 1702 1006; baseline 0.003 -12"><span class='ocrx_word' id='word_1_322' title='bbox 1016 961 1160 995; x_wconf 87' lang='lat' dir='ltr'><strong>activam</strong></span> <span class='ocrx_word' id='word_1_323' title='bbox 1176 960 1299 1004; x_wconf 90' lang='lat' dir='ltr'><strong>habet,</strong></span> <span class='ocrx_word' id='word_1_324' title='bbox 1318 960 1541 1006; x_wconf 88' lang='lat' dir='ltr'><strong>splendorem</strong></span> <span class='ocrx_word' id='word_1_325' title='bbox 1557 961 1651 996; x_wconf 84' lang='lat' dir='ltr'><strong>dare.</strong></span> <span class='ocrx_word' id='word_1_326' title='bbox 1699 972 1702 974; x_wconf 86' lang='lat'>·</span> 
     </span>
    </p>

    <p class='ocr_par' dir='ltr' id='par_1_10' title="bbox 1016 1012 1703 2819">
     <span class='ocr_line' id='line_1_55' title="bbox 1060 1012 1694 1058; baseline 0.002 -12"><span class='ocrx_word' id='word_1_327' title='bbox 1060 1014 1090 1047; x_wconf 85' lang='lat'><strong>5.</strong></span> <span class='ocrx_word' id='word_1_328' title='bbox 1103 1013 1278 1047; x_wconf 78' lang='lat' dir='ltr'><strong>Materiem</strong></span> <span class='ocrx_word' id='word_1_329' title='bbox 1299 1012 1363 1058; x_wconf 89' lang='lat' dir='ltr'><strong>(sic</strong></span> <span class='ocrx_word' id='word_1_330' title='bbox 1374 1039 1383 1056; x_wconf 92' lang='lat'>,</span> <span class='ocrx_word' id='word_1_331' title='bbox 1408 1025 1482 1047; x_wconf 89' lang='lat' dir='ltr'><strong>non</strong></span> <span class='ocrx_word' id='word_1_332' title='bbox 1497 1017 1669 1048; x_wconf 79' lang='lat' dir='ltr'><strong>materiam</strong></span> <span class='ocrx_word' id='word_1_333' title='bbox 1683 1026 1694 1047; x_wconf 88' lang='lat'><em>:</em></span> 
     </span>
     <span class='ocr_line' id='line_1_56' title="bbox 1016 1062 1694 1110; baseline 0.003 -14"><span class='ocrx_word' id='word_1_334' title='bbox 1016 1062 1083 1096; x_wconf 89' lang='lat' dir='ltr'><strong>vid.</strong></span> <span class='ocrx_word' id='word_1_335' title='bbox 1095 1062 1238 1098; x_wconf 90' lang='lat' dir='ltr'><strong>Salmas.</strong></span> <span class='ocrx_word' id='word_1_336' title='bbox 1252 1063 1294 1097; x_wconf 89' lang='lat' dir='ltr'><strong>ad</strong></span> <span class='ocrx_word' id='word_1_337' title='bbox 1305 1063 1414 1098; x_wconf 88' lang='lat' dir='ltr'><strong>solin.</strong></span> <span class='ocrx_word' id='word_1_338' title='bbox 1425 1077 1458 1109; x_wconf 89' lang='lat' dir='ltr'><strong>p.</strong></span> <span class='ocrx_word' id='word_1_339' title='bbox 1471 1062 1553 1110; x_wconf 84' lang='lat'><strong>328)</strong></span> <span class='ocrx_word' id='word_1_340' title='bbox 1561 1076 1694 1109; x_wconf 78' lang='lat' dir='ltr'><strong>supera-</strong></span> 
     </span>
     <span class='ocr_line' id='line_1_57' title="bbox 1016 1113 1695 1161; baseline 0.004 -14"><span class='ocrx_word' id='word_1_341' title='bbox 1016 1116 1177 1159; x_wconf 80' lang='lat' dir='ltr'><strong>batopus,</strong></span> <span class='ocrx_word' id='word_1_342' title='bbox 1188 1122 1227 1149; x_wconf 91' lang='lat' dir='ltr'><strong>ut</strong></span> <span class='ocrx_word' id='word_1_343' title='bbox 1238 1113 1315 1149; x_wconf 86' lang='lat' dir='ltr'><strong>fieri</strong></span> <span class='ocrx_word' id='word_1_344' title='bbox 1325 1115 1412 1150; x_wconf 88' lang='lat' dir='ltr'><strong>solet</strong></span> <span class='ocrx_word' id='word_1_345' title='bbox 1419 1115 1457 1150; x_wconf 89' lang='lat' dir='ltr'><strong>in</strong></span> <span class='ocrx_word' id='word_1_346' title='bbox 1467 1115 1628 1161; x_wconf 75' lang='lat' dir='ltr'><strong>operibus</strong></span> <span class='ocrx_word' id='word_1_347' title='bbox 1637 1128 1695 1150; x_wconf 87' lang='lat' dir='ltr'><strong>ar-</strong></span> 
     </span>
     <span class='ocr_line' id='line_1_58' title="bbox 1017 1165 1694 1213; baseline 0.004 -14"><span class='ocrx_word' id='word_1_348' title='bbox 1017 1165 1160 1200; x_wconf 85' lang='lat' dir='ltr'><strong>tificiose</strong></span> <span class='ocrx_word' id='word_1_349' title='bbox 1167 1166 1347 1201; x_wconf 78' lang='lat' dir='ltr'><strong>fabricatis.</strong></span> <span class='ocrx_word' id='word_1_350' title='bbox 1354 1168 1445 1211; x_wconf 79' lang='lat' dir='ltr'><strong>Opus</strong></span> <span class='ocrx_word' id='word_1_351' title='bbox 1452 1174 1571 1203; x_wconf 82' lang='lat' dir='ltr'><strong>autem</strong></span> <span class='ocrx_word' id='word_1_352' title='bbox 1583 1180 1694 1213; x_wconf 90' lang='lat' dir='ltr'><strong>quum</strong></span> 
     </span>
     <span class='ocr_line' id='line_1_59' title="bbox 1017 1217 1695 1265; baseline 0.003 -14"><span class='ocrx_word' id='word_1_353' title='bbox 1017 1217 1060 1252; x_wconf 91' lang='lat' dir='ltr'><strong>de</strong></span> <span class='ocrx_word' id='word_1_354' title='bbox 1072 1218 1175 1252; x_wconf 90' lang='lat' dir='ltr'><strong>rebus</strong></span> <span class='ocrx_word' id='word_1_355' title='bbox 1185 1225 1257 1252; x_wconf 90' lang='lat' dir='ltr'><strong>arte</strong></span> <span class='ocrx_word' id='word_1_356' title='bbox 1267 1218 1364 1253; x_wconf 80' lang='lat' dir='ltr'><strong>sactis</strong></span> <span class='ocrx_word' id='word_1_357' title='bbox 1374 1218 1500 1253; x_wconf 84' lang='lat' dir='ltr'><strong>dicitur</strong></span> <span class='ocrx_word' id='word_1_358' title='bbox 1509 1245 1519 1263; x_wconf 91' lang='lat'>,</span> <span class='ocrx_word' id='word_1_359' title='bbox 1533 1225 1568 1253; x_wconf 88' lang='lat' dir='ltr'><strong>et</strong></span> <span class='ocrx_word' id='word_1_360' title='bbox 1584 1231 1695 1265; x_wconf 89' lang='lat' dir='ltr'><strong>oppo-</strong></span> 
     </span>
     <span class='ocr_line' id='line_1_60' title="bbox 1018 1269 1694 1316; baseline 0.003 -14"><span class='ocrx_word' id='word_1_361' title='bbox 1018 1269 1115 1302; x_wconf 87' lang='lat' dir='ltr'><strong>nitur</strong></span> <span class='ocrx_word' id='word_1_362' title='bbox 1125 1270 1285 1310; x_wconf 79' lang='lat' dir='ltr'><strong>malerioe‘,</strong></span> <span class='ocrx_word' id='word_1_363' title='bbox 1301 1269 1574 1306; x_wconf 84' lang='lat' dir='ltr'><strong>elaborationem</strong></span> <span class='ocrx_word' id='word_1_364' title='bbox 1594 1270 1694 1316; x_wconf 77' lang='lat' dir='ltr'><strong>signi-</strong></span> 
     </span>
     <span class='ocr_line' id='line_1_61' title="bbox 1020 1320 1694 1366; baseline 0.004 -12"><span class='ocrx_word' id='word_1_365' title='bbox 1020 1326 1074 1355; x_wconf 80' lang='lat' dir='ltr'><strong>cat</strong></span> <span class='ocrx_word' id='word_1_366' title='bbox 1087 1347 1096 1364; x_wconf 89' lang='lat'><strong>,</strong></span> <span class='ocrx_word' id='word_1_367' title='bbox 1114 1323 1168 1354; x_wconf 76' lang='lat' dir='ltr'><strong>die</strong></span> <span class='ocrx_word' id='word_1_368' title='bbox 1178 1320 1302 1355; x_wconf 79' lang='lat' dir='ltr'><strong>Arbeil</strong></span> <span class='ocrx_word' id='word_1_369' title='bbox 1310 1323 1426 1355; x_wconf 84' lang='lat' dir='ltr'><strong>daran.</strong></span> <span class='ocrx_word' id='word_1_370' title='bbox 1442 1320 1617 1364; x_wconf 64' lang='lat' dir='ltr'><strong>Claudat,</strong></span> <span class='ocrx_word' id='word_1_371' title='bbox 1633 1323 1672 1366; x_wconf 90' lang='lat'><strong>87</strong></span> <span class='ocrx_word' id='word_1_372' title='bbox 1684 1347 1694 1364; x_wconf 90' lang='lat'>‚</span> 
     </span>
     <span class='ocr_line' id='line_1_62' title="bbox 1021 1372 1697 1418; baseline 0.003 -12"><span class='ocrx_word' id='word_1_373' title='bbox 1021 1372 1064 1407; x_wconf 92' lang='lat' dir='ltr'><strong>de</strong></span> <span class='ocrx_word' id='word_1_374' title='bbox 1096 1373 1190 1418; x_wconf 88' lang='lat' dir='ltr'><strong>regia</strong></span> <span class='ocrx_word' id='word_1_375' title='bbox 1222 1372 1375 1408; x_wconf 85' lang='lat' dir='ltr'><strong>Veneris</strong></span> <span class='ocrx_word' id='word_1_376' title='bbox 1405 1385 1413 1407; x_wconf 93' lang='lat'><strong>:</strong></span> <span class='ocrx_word' id='word_1_377' title='bbox 1441 1375 1599 1408; x_wconf 81' lang='lat' dir='ltr'><strong>Lemnius</strong></span> <span class='ocrx_word' id='word_1_378' title='bbox 1625 1375 1697 1409; x_wconf 64' lang='grc' dir='ltr'><strong>ᾗσι·</strong></span> 
     </span>
     <span class='ocr_line' id='line_1_63' title="bbox 1017 1426 1697 1469; baseline 0 -9"><span class='ocrx_word' id='word_1_379' title='bbox 1017 1428 1118 1461; x_wconf 76' lang='lat' dir='ltr'><strong>eliam</strong></span> <span class='ocrx_word' id='word_1_380' title='bbox 1128 1428 1267 1469; x_wconf 72' lang='lat' dir='ltr'><strong>gemmis</strong></span> <span class='ocrx_word' id='word_1_381' title='bbox 1281 1428 1448 1459; x_wconf 67' lang='lat' dir='ltr'><strong>exstruxit</strong></span> <span class='ocrx_word' id='word_1_382' title='bbox 1460 1430 1496 1460; x_wconf 79' lang='lat' dir='ltr'><strong>e!</strong></span> <span class='ocrx_word' id='word_1_383' title='bbox 1506 1438 1588 1460; x_wconf 84' lang='lat' dir='ltr'><strong>auro</strong></span> <span class='ocrx_word' id='word_1_384' title='bbox 1598 1452 1607 1467; x_wconf 83' lang='lat'>,</span> <span class='ocrx_word' id='word_1_385' title='bbox 1625 1426 1697 1462; x_wconf 83' lang='lat' dir='ltr'><strong>Ad-</strong></span> 
     </span>
     <span class='ocr_line' id='line_1_64' title="bbox 1018 1477 1695 1521; baseline 0.001 -10"><span class='ocrx_word' id='word_1_386' title='bbox 1018 1480 1162 1512; x_wconf 83' lang='lat' dir='ltr'><strong>miscens</strong></span> <span class='ocrx_word' id='word_1_387' title='bbox 1185 1483 1290 1512; x_wconf 80' lang='lat' dir='ltr'><strong>artem</strong></span> <span class='ocrx_word' id='word_1_388' title='bbox 1308 1481 1427 1521; x_wconf 77' lang='lat' dir='ltr'><strong>prelio.</strong></span> <span class='ocrx_word' id='word_1_389' title='bbox 1466 1477 1628 1514; x_wconf 83' lang='lat' dir='ltr'><strong>Artifices</strong></span> <span class='ocrx_word' id='word_1_390' title='bbox 1658 1478 1695 1512; x_wconf 89' lang='lat' dir='ltr'><strong>in</strong></span> 
     </span>
     <span class='ocr_line' id='line_1_65' title="bbox 1017 1529 1698 1576; baseline 0.003 -14"><span class='ocrx_word' id='word_1_391' title='bbox 1017 1529 1148 1563; x_wconf 81' lang='lat' dir='ltr'><strong>foribus</strong></span> <span class='ocrx_word' id='word_1_392' title='bbox 1163 1554 1172 1572; x_wconf 94' lang='lat'>,</span> <span class='ocrx_word' id='word_1_393' title='bbox 1183 1529 1309 1576; x_wconf 88' lang='lat' dir='ltr'><strong>clypeis</strong></span> <span class='ocrx_word' id='word_1_394' title='bbox 1319 1555 1328 1573; x_wconf 90' lang='lat'>,</span> <span class='ocrx_word' id='word_1_395' title='bbox 1339 1529 1460 1564; x_wconf 83' lang='lat' dir='ltr'><strong>balteis</strong></span> <span class='ocrx_word' id='word_1_396' title='bbox 1469 1529 1609 1575; x_wconf 83' lang='lat' dir='ltr'><strong>aliisque</strong></span> <span class='ocrx_word' id='word_1_397' title='bbox 1617 1542 1698 1576; x_wconf 88' lang='lat' dir='ltr'><strong>ope·</strong></span> 
     </span>
     <span class='ocr_line' id='line_1_66' title="bbox 1017 1581 1697 1627; baseline 0.001 -12"><span class='ocrx_word' id='word_1_398' title='bbox 1017 1581 1112 1615; x_wconf 87' lang='lat' dir='ltr'><strong>ribus</strong></span> <span class='ocrx_word' id='word_1_399' title='bbox 1127 1607 1136 1623; x_wconf 92' lang='lat'>,</span> <span class='ocrx_word' id='word_1_400' title='bbox 1162 1594 1216 1616; x_wconf 87' lang='lat' dir='ltr'><strong>res</strong></span> <span class='ocrx_word' id='word_1_401' title='bbox 1242 1582 1488 1616; x_wconf 86' lang='lat' dir='ltr'><strong>memorabiles</strong></span> <span class='ocrx_word' id='word_1_402' title='bbox 1504 1582 1697 1627; x_wconf 84' lang='lat' dir='ltr'><strong>exprimere</strong></span> 
     </span>
     <span class='ocr_line' id='line_1_67' title="bbox 1018 1634 1695 1680; baseline 0.001 -12"><span class='ocrx_word' id='word_1_403' title='bbox 1018 1634 1173 1668; x_wconf 85' lang='lat' dir='ltr'><strong>solebant</strong></span> <span class='ocrx_word' id='word_1_404' title='bbox 1188 1648 1197 1675; x_wconf 80' lang='lat'><em>3</em></span> <span class='ocrx_word' id='word_1_405' title='bbox 1222 1640 1324 1678; x_wconf 83' lang='lat' dir='ltr'><strong>atque</strong></span> <span class='ocrx_word' id='word_1_406' title='bbox 1339 1635 1376 1668; x_wconf 92' lang='lat' dir='ltr'><strong>in</strong></span> <span class='ocrx_word' id='word_1_407' title='bbox 1393 1634 1464 1668; x_wconf 85' lang='lat' dir='ltr'><strong>istis</strong></span> <span class='ocrx_word' id='word_1_408' title='bbox 1480 1635 1695 1680; x_wconf 86' lang='lat' dir='ltr'><strong>argumentis</strong></span> 
     </span>
     <span class='ocr_line' id='line_1_68' title="bbox 1019 1685 1693 1732; baseline 0.001 -12"><span class='ocrx_word' id='word_1_409' title='bbox 1019 1685 1252 1720; x_wconf 86' lang='lat' dir='ltr'><strong>describendis</strong></span> <span class='ocrx_word' id='word_1_410' title='bbox 1287 1686 1424 1731; x_wconf 88' lang='lat' dir='ltr'><strong>placent</strong></span> <span class='ocrx_word' id='word_1_411' title='bbox 1462 1686 1526 1721; x_wconf 91' lang='lat' dir='ltr'><strong>sibi</strong></span> <span class='ocrx_word' id='word_1_412' title='bbox 1557 1693 1668 1732; x_wconf 82' lang='lat' dir='ltr'><strong>poetae</strong></span> <span class='ocrx_word' id='word_1_413' title='bbox 1684 1713 1693 1730; x_wconf 90' lang='lat'>,</span> 
     </span>
     <span class='ocr_line' id='line_1_69' title="bbox 1020 1739 1695 1785; baseline 0.001 -12"><span class='ocrx_word' id='word_1_414' title='bbox 1020 1739 1132 1774; x_wconf 86' lang='lat' dir='ltr'><strong>Hom.</strong></span> <span class='ocrx_word' id='word_1_415' title='bbox 1143 1739 1311 1785; x_wconf 82' lang='lat' dir='ltr'><strong>exemplo.</strong></span> <span class='ocrx_word' id='word_1_416' title='bbox 1328 1740 1371 1774; x_wconf 88' lang='lat' dir='ltr'><strong>In</strong></span> <span class='ocrx_word' id='word_1_417' title='bbox 1385 1739 1438 1774; x_wconf 84' lang='lat' dir='ltr'><strong>his</strong></span> <span class='ocrx_word' id='word_1_418' title='bbox 1451 1739 1582 1775; x_wconf 78' lang='lat' dir='ltr'><strong>sorib‘us</strong></span> <span class='ocrx_word' id='word_1_419' title='bbox 1594 1753 1695 1774; x_wconf 90' lang='lat' dir='ltr'><strong>mun-</strong></span> 
     </span>
     <span class='ocr_line' id='line_1_70' title="bbox 1019 1790 1695 1838; baseline 0.003 -13"><span class='ocrx_word' id='word_1_420' title='bbox 1019 1790 1083 1826; x_wconf 92' lang='lat' dir='ltr'><strong>dus</strong></span> <span class='ocrx_word' id='word_1_421' title='bbox 1110 1791 1292 1826; x_wconf 88' lang='lat' dir='ltr'><strong>universus</strong></span> <span class='ocrx_word' id='word_1_422' title='bbox 1318 1792 1536 1837; x_wconf 84' lang='lat' dir='ltr'><strong>spectabatur</strong></span> <span class='ocrx_word' id='word_1_423' title='bbox 1546 1818 1556 1836; x_wconf 92' lang='lat'>,</span> <span class='ocrx_word' id='word_1_424' title='bbox 1590 1805 1695 1838; x_wconf 88' lang='lat' dir='ltr'><strong>quem</strong></span> 
     </span>
     <span class='ocr_line' id='line_1_71' title="bbox 1020 1842 1698 1879; baseline 0.001 -2"><span class='ocrx_word' id='word_1_425' title='bbox 1020 1842 1081 1877; x_wconf 86' lang='lat' dir='ltr'><strong>Sol</strong></span> <span class='ocrx_word' id='word_1_426' title='bbox 1102 1843 1178 1878; x_wconf 90' lang='lat' dir='ltr'><strong>luce</strong></span> <span class='ocrx_word' id='word_1_427' title='bbox 1203 1856 1262 1878; x_wconf 86' lang='lat' dir='ltr'><strong>sua</strong></span> <span class='ocrx_word' id='word_1_428' title='bbox 1289 1843 1476 1878; x_wconf 84' lang='lat' dir='ltr'><strong>collustrat.</strong></span> <span class='ocrx_word' id='word_1_429' title='bbox 1503 1844 1559 1878; x_wconf 89' lang='lat' dir='ltr'><strong>De</strong></span> <span class='ocrx_word' id='word_1_430' title='bbox 1588 1846 1698 1879; x_wconf 69' lang='lat' dir='ltr'><strong>valvis</strong></span> 
     </span>
     <span class='ocr_line' id='line_1_72' title="bbox 1019 1894 1698 1940; baseline 0.003 -12"><span class='ocrx_word' id='word_1_431' title='bbox 1019 1895 1232 1940; x_wconf 89' lang='lat' dir='ltr'><strong>templorum</strong></span> <span class='ocrx_word' id='word_1_432' title='bbox 1245 1907 1307 1940; x_wconf 91' lang='lat' dir='ltr'><strong>per</strong></span> <span class='ocrx_word' id='word_1_433' title='bbox 1316 1894 1394 1929; x_wconf 86' lang='lat' dir='ltr'><strong>talia</strong></span> <span class='ocrx_word' id='word_1_434' title='bbox 1407 1895 1616 1929; x_wconf 88' lang='lat' dir='ltr'><strong>emblemata</strong></span> <span class='ocrx_word' id='word_1_435' title='bbox 1628 1908 1698 1930; x_wconf 86' lang='lat' dir='ltr'><strong>ma-</strong></span> 
     </span>
     <span class='ocr_line' id='line_1_73' title="bbox 1021 1946 1694 1992; baseline -0.001 -10"><span class='ocrx_word' id='word_1_436' title='bbox 1021 1947 1145 1992; x_wconf 78' lang='lat' dir='ltr'><strong>gnifice</strong></span> <span class='ocrx_word' id='word_1_437' title='bbox 1158 1948 1328 1982; x_wconf 86' lang='lat' dir='ltr'><strong>exornatis</strong></span> <span class='ocrx_word' id='word_1_438' title='bbox 1337 1946 1415 1981; x_wconf 85' lang='lat' dir='ltr'><strong>vide</strong></span> <span class='ocrx_word' id='word_1_439' title='bbox 1428 1946 1500 1982; x_wconf 91' lang='lat' dir='ltr'><strong>Cic.</strong></span> <span class='ocrx_word' id='word_1_440' title='bbox 1511 1947 1614 1982; x_wconf 86' lang='lat' dir='ltr'><strong>Verr.</strong></span> <span class='ocrx_word' id='word_1_441' title='bbox 1622 1949 1676 1982; x_wconf 90' lang='lat' dir='ltr'><strong>IV</strong></span> <span class='ocrx_word' id='word_1_442' title='bbox 1684 1974 1694 1989; x_wconf 89' lang='lat'>‚</span> 
     </span>
     <span class='ocr_line' id='line_1_74' title="bbox 1022 1998 1697 2044; baseline -0.001 -10"><span class='ocrx_word' id='word_1_443' title='bbox 1022 2000 1064 2034; x_wconf 81' lang='lat'><strong>55</strong></span> <span class='ocrx_word' id='word_1_444' title='bbox 1082 2013 1090 2041; x_wconf 90' lang='lat'>;</span> <span class='ocrx_word' id='word_1_445' title='bbox 1121 1999 1209 2034; x_wconf 87' lang='lat' dir='ltr'><strong>Plin.</strong></span> <span class='ocrx_word' id='word_1_446' title='bbox 1235 1999 1282 2033; x_wconf 92' lang='lat' dir='ltr'><strong>H.</strong></span> <span class='ocrx_word' id='word_1_447' title='bbox 1303 1999 1345 2033; x_wconf 91' lang='lat' dir='ltr'><strong>N.</strong></span> <span class='ocrx_word' id='word_1_448' title='bbox 1372 1999 1425 2033; x_wconf 92' lang='lat' dir='ltr'><strong>IX</strong></span> <span class='ocrx_word' id='word_1_449' title='bbox 1438 2024 1447 2041; x_wconf 88' lang='lat'>,</span> <span class='ocrx_word' id='word_1_450' title='bbox 1483 1998 1521 2032; x_wconf 82' lang='lat'><strong>13</strong></span> <span class='ocrx_word' id='word_1_451' title='bbox 1536 2013 1545 2040; x_wconf 89' lang='lat'>;</span> <span class='ocrx_word' id='word_1_452' title='bbox 1574 1998 1697 2044; x_wconf 80' lang='lat' dir='ltr'><strong>virgil.</strong></span> 
     </span>
     <span class='ocr_line' id='line_1_75' title="bbox 1022 2048 1696 2096; baseline -0.003 -11"><span class='ocrx_word' id='word_1_453' title='bbox 1022 2050 1150 2096; x_wconf 85' lang='lat' dir='ltr'><strong>Georg.</strong></span> <span class='ocrx_word' id='word_1_454' title='bbox 1170 2051 1225 2086; x_wconf 89' lang='lat'><strong>111</strong></span> <span class='ocrx_word' id='word_1_455' title='bbox 1238 2076 1247 2094; x_wconf 89' lang='lat'><strong><em>,</em></strong></span> <span class='ocrx_word' id='word_1_456' title='bbox 1269 2050 1321 2085; x_wconf 80' lang='lat'><strong>26.</strong></span> <span class='ocrx_word' id='word_1_457' title='bbox 1334 2069 1378 2076; x_wconf 96' lang='lat'>—</span> <span class='ocrx_word' id='word_1_458' title='bbox 1392 2050 1564 2084; x_wconf 59' lang='lat' dir='ltr'><strong>Malean.</strong></span> <span class='ocrx_word' id='word_1_459' title='bbox 1582 2048 1696 2084; x_wconf 82' lang='lat' dir='ltr'><strong>codd.</strong></span> 
     </span>
     <span class='ocr_line' id='line_1_76' title="bbox 1020 2101 1699 2148; baseline -0.003 -10"><span class='ocrx_word' id='word_1_460' title='bbox 1020 2104 1129 2138; x_wconf 85' lang='lat' dir='ltr'><strong>nostri</strong></span> <span class='ocrx_word' id='word_1_461' title='bbox 1146 2102 1313 2146; x_wconf 83' lang='lat' dir='ltr'><strong>Mulciser.</strong></span> <span class='ocrx_word' id='word_1_462' title='bbox 1338 2101 1438 2137; x_wconf 86' lang='lat' dir='ltr'><strong>Talia</strong></span> <span class='ocrx_word' id='word_1_463' title='bbox 1460 2114 1565 2148; x_wconf 89' lang='lat' dir='ltr'><strong>opera</strong></span> <span class='ocrx_word' id='word_1_464' title='bbox 1580 2102 1699 2137; x_wconf 87' lang='lat' dir='ltr'><strong>elabo-</strong></span> 
     </span>
     <span class='ocr_line' id='line_1_77' title="bbox 1021 2154 1696 2198; baseline -0.006 -7"><span class='ocrx_word' id='word_1_465' title='bbox 1021 2169 1098 2191; x_wconf 91' lang='lat' dir='ltr'><strong>rare</strong></span> <span class='ocrx_word' id='word_1_466' title='bbox 1109 2155 1238 2190; x_wconf 89' lang='lat' dir='ltr'><strong>solebat</strong></span> <span class='ocrx_word' id='word_1_467' title='bbox 1253 2156 1420 2189; x_wconf 81' lang='lat' dir='ltr'><strong>Mulciber</strong></span> <span class='ocrx_word' id='word_1_468' title='bbox 1426 2165 1488 2189; x_wconf 90' lang='lat' dir='ltr'><strong>seu</strong></span> <span class='ocrx_word' id='word_1_469' title='bbox 1497 2154 1674 2193; x_wconf 81' lang='lat' dir='ltr'><strong>Vulcanus</strong></span> <span class='ocrx_word' id='word_1_470' title='bbox 1686 2180 1696 2198; x_wconf 85' lang='lat'><strong>‚</strong></span> 
     </span>
     <span class='ocr_line' id='line_1_78' title="bbox 1021 2203 1695 2251; baseline -0.004 -10"><span class='ocrx_word' id='word_1_471' title='bbox 1021 2207 1197 2241; x_wconf 83' lang='lat' dir='ltr'><strong>fabrilium</strong></span> <span class='ocrx_word' id='word_1_472' title='bbox 1211 2206 1339 2241; x_wconf 88' lang='lat' dir='ltr'><strong>artium</strong></span> <span class='ocrx_word' id='word_1_473' title='bbox 1350 2217 1474 2251; x_wconf 80' lang='lat' dir='ltr'><strong>praeses</strong></span> <span class='ocrx_word' id='word_1_474' title='bbox 1487 2211 1522 2239; x_wconf 90' lang='lat' dir='ltr'><strong>et</strong></span> <span class='ocrx_word' id='word_1_475' title='bbox 1538 2217 1597 2239; x_wconf 84' lang='lat' dir='ltr'><strong>rex</strong></span> <span class='ocrx_word' id='word_1_476' title='bbox 1607 2230 1616 2248; x_wconf 96' lang='lat'>,</span> <span class='ocrx_word' id='word_1_477' title='bbox 1635 2203 1695 2249; x_wconf 87' lang='lat' dir='ltr'><strong>qui</strong></span> 
     </span>
     <span class='ocr_line' id='line_1_79' title="bbox 1024 2255 1698 2302; baseline -0.006 -10"><span class='ocrx_word' id='word_1_478' title='bbox 1024 2258 1142 2292; x_wconf 90' lang='lat' dir='ltr'><strong>omnia</strong></span> <span class='ocrx_word' id='word_1_479' title='bbox 1159 2258 1319 2292; x_wconf 90' lang='lat' dir='ltr'><strong>Deorum</strong></span> <span class='ocrx_word' id='word_1_480' title='bbox 1336 2269 1442 2302; x_wconf 89' lang='lat' dir='ltr'><strong>opera</strong></span> <span class='ocrx_word' id='word_1_481' title='bbox 1458 2255 1628 2291; x_wconf 82' lang='lat' dir='ltr'><strong>metallica</strong></span> <span class='ocrx_word' id='word_1_482' title='bbox 1643 2255 1698 2288; x_wconf 82' lang='lat' dir='ltr'><strong>fa·-</strong></span> 
     </span>
     <span class='ocr_line' id='line_1_80' title="bbox 1023 2305 1698 2351; baseline -0.007 -7"><span class='ocrx_word' id='word_1_483' title='bbox 1023 2322 1102 2343; x_wconf 87' lang='lat' dir='ltr'><strong>cere</strong></span> <span class='ocrx_word' id='word_1_484' title='bbox 1118 2309 1258 2343; x_wconf 88' lang='lat' dir='ltr'><strong>solebat.</strong></span> <span class='ocrx_word' id='word_1_485' title='bbox 1283 2310 1433 2343; x_wconf 70' lang='lat' dir='ltr'><strong>Galatas</strong></span> <span class='ocrx_word' id='word_1_486' title='bbox 1440 2306 1537 2351; x_wconf 78' lang='lat' dir='ltr'><strong>som</strong></span> <span class='ocrx_word' id='word_1_487' title='bbox 1550 2305 1698 2340; x_wconf 85' lang='lat' dir='ltr'><strong>habebat</strong></span> 
     </span>
     <span class='ocr_line' id='line_1_81' title="bbox 1024 2356 1696 2406; baseline -0.006 -11"><span class='ocrx_word' id='word_1_488' title='bbox 1024 2362 1129 2395; x_wconf 91' lang='lat' dir='ltr'><strong>etiam</strong></span> <span class='ocrx_word' id='word_1_489' title='bbox 1140 2360 1352 2406; x_wconf 87' lang='lat' dir='ltr'><strong>Capitolium</strong></span> <span class='ocrx_word' id='word_1_490' title='bbox 1363 2372 1371 2394; x_wconf 88' lang='lat'>:</span> <span class='ocrx_word' id='word_1_491' title='bbox 1387 2357 1509 2393; x_wconf 90' lang='lat' dir='ltr'><strong>Claud.</strong></span> <span class='ocrx_word' id='word_1_492' title='bbox 1519 2356 1696 2400; x_wconf 87' lang='lat' dir='ltr'>XXVIII,</span> 
     </span>
     <span class='ocr_line' id='line_1_82' title="bbox 1024 2408 1696 2455; baseline -0.009 -7"><span class='ocrx_word' id='word_1_493' title='bbox 1024 2413 1077 2455; x_wconf 83' lang='grc'><strong>46.</strong></span> <span class='ocrx_word' id='word_1_494' title='bbox 1107 2413 1153 2447; x_wconf 86' lang='lat' dir='ltr'><strong>Et</strong></span> <span class='ocrx_word' id='word_1_495' title='bbox 1170 2418 1270 2446; x_wconf 86' lang='lat' dir='ltr'><strong>erant</strong></span> <span class='ocrx_word' id='word_1_496' title='bbox 1284 2413 1404 2445; x_wconf 71' lang='lat' dir='ltr'><strong>calata</strong></span> <span class='ocrx_word' id='word_1_497' title='bbox 1425 2422 1530 2455; x_wconf 88' lang='lat' dir='ltr'><strong>opera</strong></span> <span class='ocrx_word' id='word_1_498' title='bbox 1557 2408 1696 2443; x_wconf 85' lang='lat' dir='ltr'><strong>maximi</strong></span> 
     </span>
     <span class='ocr_line' id='line_1_83' title="bbox 1024 2460 1696 2512; baseline -0.004 -14"><span class='ocrx_word' id='word_1_499' title='bbox 1024 2463 1192 2509; x_wconf 89' lang='lat' dir='ltr'><strong>pretii.De</strong></span> <span class='ocrx_word' id='word_1_500' title='bbox 1200 2463 1310 2497; x_wconf 83' lang='lat' dir='ltr'><strong>verbis</strong></span> <span class='ocrx_word' id='word_1_501' title='bbox 1316 2465 1434 2497; x_wconf 83' lang='lat' dir='ltr'><strong>caelare</strong></span> <span class='ocrx_word' id='word_1_502' title='bbox 1443 2469 1478 2496; x_wconf 86' lang='lat' dir='ltr'><strong>et</strong></span> <span class='ocrx_word' id='word_1_503' title='bbox 1486 2464 1613 2512; x_wconf 66' lang='grc' dir='ltr'><strong>τορεύειν</strong></span> <span class='ocrx_word' id='word_1_504' title='bbox 1618 2460 1696 2495; x_wconf 81' lang='lat' dir='ltr'><strong>vide</strong></span> 
     </span>
     <span class='ocr_line' id='line_1_84' title="bbox 1025 2511 1696 2562; baseline -0.004 -13"><span class='ocrx_word' id='word_1_505' title='bbox 1025 2516 1142 2562; x_wconf 88' lang='lat' dir='ltr'><strong>Heyn.</strong></span> <span class='ocrx_word' id='word_1_506' title='bbox 1157 2515 1194 2549; x_wconf 86' lang='lat' dir='ltr'><strong>in</strong></span> <span class='ocrx_word' id='word_1_507' title='bbox 1208 2516 1322 2560; x_wconf 77' lang='lat' dir='ltr'><strong>Antiq.</strong></span> <span class='ocrx_word' id='word_1_508' title='bbox 1340 2514 1560 2558; x_wconf 69' lang='lat' dir='ltr'><strong>Aussaetzen.</strong></span> <span class='ocrx_word' id='word_1_509' title='bbox 1576 2513 1616 2547; x_wconf 90' lang='lat' dir='ltr'><strong>P.</strong></span> <span class='ocrx_word' id='word_1_510' title='bbox 1637 2511 1675 2547; x_wconf 88' lang='grc' dir='ltr'><strong>ῙῙ</strong></span> <span class='ocrx_word' id='word_1_511' title='bbox 1686 2536 1696 2555; x_wconf 87' lang='grc'><strong>,</strong></span> 
     </span>
     <span class='ocr_line' id='line_1_85' title="bbox 1025 2566 1697 2614; baseline -0.006 -12"><span class='ocrx_word' id='word_1_512' title='bbox 1025 2582 1059 2614; x_wconf 91' lang='lat' dir='ltr'><strong>p.</strong></span> <span class='ocrx_word' id='word_1_513' title='bbox 1075 2568 1136 2602; x_wconf 87' lang='lat'><strong>130</strong></span> <span class='ocrx_word' id='word_1_514' title='bbox 1147 2567 1280 2612; x_wconf 90' lang='lat' dir='ltr'><strong>sqq.ubi</strong></span> <span class='ocrx_word' id='word_1_515' title='bbox 1295 2566 1415 2610; x_wconf 85' lang='lat' dir='ltr'><strong>docet,</strong></span> <span class='ocrx_word' id='word_1_516' title='bbox 1439 2566 1495 2600; x_wconf 92' lang='lat' dir='ltr'><strong>illa</strong></span> <span class='ocrx_word' id='word_1_517' title='bbox 1510 2566 1583 2600; x_wconf 89' lang='lat' dir='ltr'><strong>fere</strong></span> <span class='ocrx_word' id='word_1_518' title='bbox 1596 2576 1697 2599; x_wconf 86' lang='lat' dir='ltr'><strong>sem—</strong></span> 
     </span>
     <span class='ocr_line' id='line_1_86' title="bbox 1026 2618 1699 2665; baseline -0.006 -12"><span class='ocrx_word' id='word_1_519' title='bbox 1026 2632 1089 2665; x_wconf 87' lang='lat' dir='ltr'><strong>per</strong></span> <span class='ocrx_word' id='word_1_520' title='bbox 1119 2618 1185 2653; x_wconf 81' lang='lat' dir='ltr'><strong>dici</strong></span> <span class='ocrx_word' id='word_1_521' title='bbox 1214 2618 1257 2652; x_wconf 88' lang='lat' dir='ltr'><strong>de</strong></span> <span class='ocrx_word' id='word_1_522' title='bbox 1284 2631 1388 2663; x_wconf 91' lang='lat' dir='ltr'><strong>opere</strong></span> <span class='ocrx_word' id='word_1_523' title='bbox 1426 2618 1565 2663; x_wconf 83' lang='lat' dir='ltr'><strong>plastico</strong></span> <span class='ocrx_word' id='word_1_524' title='bbox 1584 2642 1594 2661; x_wconf 88' lang='lat'>,</span> <span class='ocrx_word' id='word_1_525' title='bbox 1633 2628 1699 2650; x_wconf 78' lang='lat' dir='ltr'><strong>von</strong></span> 
     </span>
     <span class='ocr_line' id='line_1_87' title="bbox 1025 2669 1703 2715; baseline -0.007 -10"><span class='ocrx_word' id='word_1_526' title='bbox 1025 2673 1207 2706; x_wconf 77' lang='lat' dir='ltr'><strong>erhabenen</strong></span> <span class='ocrx_word' id='word_1_527' title='bbox 1229 2672 1368 2715; x_wconf 71' lang='lat' dir='ltr'><strong>Figuren</strong></span> <span class='ocrx_word' id='word_1_528' title='bbox 1390 2671 1492 2704; x_wconf 78' lang='lat' dir='ltr'><strong>durcle</strong></span> <span class='ocrx_word' id='word_1_529' title='bbox 1516 2669 1611 2702; x_wconf 82' lang='lat' dir='ltr'><strong>Form</strong></span> <span class='ocrx_word' id='word_1_530' title='bbox 1631 2669 1703 2701; x_wconf 83' lang='lat' dir='ltr'><strong>und</strong></span> 
     </span>
     <span class='ocr_line' id='line_1_88' title="bbox 1032 2716 1696 2766; baseline -0.009 -10"><span class='ocrx_word' id='word_1_531' title='bbox 1032 2723 1132 2757; x_wconf 84' lang='lat' dir='ltr'><strong>Guss.</strong></span> <span class='ocrx_word' id='word_1_532' title='bbox 1164 2721 1379 2766; x_wconf 86' lang='lat' dir='ltr'><strong>Quanquam</strong></span> <span class='ocrx_word' id='word_1_533' title='bbox 1400 2720 1496 2766; x_wconf 83' lang='lat' dir='ltr'><strong>signa</strong></span> <span class='ocrx_word' id='word_1_534' title='bbox 1518 2716 1696 2753; x_wconf 84' lang='lat' dir='ltr'><strong>interdum</strong></span> 
     </span>
     <span class='ocr_line' id='line_1_89' title="bbox 1029 2773 1379 2819; baseline -0.006 -10"><span class='ocrx_word' id='word_1_535' title='bbox 1029 2782 1064 2809; x_wconf 89' lang='lat' dir='ltr'><strong>et</strong></span> <span class='ocrx_word' id='word_1_536' title='bbox 1081 2774 1202 2819; x_wconf 86' lang='lat' dir='ltr'><strong>illigari</strong></span> <span class='ocrx_word' id='word_1_537' title='bbox 1215 2773 1379 2808; x_wconf 82' lang='lat' dir='ltr'><strong>solebant.</strong></span> 
     </span>
    </p>
   </div>
   <div class='ocr_carea' id='block_1_9' title="bbox 1627 2930 1681 3076">
    <p class='ocr_par' dir='ltr' id='par_1_11' title="bbox 1627 2930 1681 3076">
     <span class='ocr_line' id='line_1_90' title="bbox 1627 2983 1665 3076; textangle 90"><span class='ocrx_word' id='word_1_538' title='bbox 1627 3048 1654 3076; x_wconf 41' lang='lat' dir='ltr'><strong>f,</strong></span> <span class='ocrx_word' id='word_1_539' title='bbox 1639 2983 1665 3045; x_wconf 40' lang='lat' dir='ltr'><strong>2⁴⁸*ss}</strong></span> 
     </span>
     <span class='ocr_line' id='line_1_91' title="bbox 1664 2930 1681 3029; textangle 90"><span class='ocrx_word' id='word_1_540' title='bbox 1666 3018 1681 3029; x_wconf 61' lang='grc' dir='ltr'><strong>ς</strong></span> <span class='ocrx_word' id='word_1_541' title='bbox 1672 3004 1678 3007; x_wconf 91' lang='grc'>.</span> <span class='ocrx_word' id='word_1_542' title='bbox 1664 2930 1677 2940; x_wconf 78' lang='grc' dir='ltr'><strong><em>ο</em></strong></span> 
     </span>
    </p>
   </div>
  </div>
 </body>
</html>
