1832 3100
296 218 381 275 240

680 223 732 266 P.
769 222 1002 270 OVIDII
1037 225 1336 272 NASONIS

295 312 553 363 Percussere
577 314 692 374 vir03
717 315 964 383 subitisque
987 318 1230 369 ululatibus
1254 340 1381 370 omne

294 391 535 458 Implevere
556 411 733 450 nemus;
760 394 1114 463 circumfusaeque
1140 397 1328 446 Dianam
1639 415 1700 450 180

293 471 568 537 Corporibus
592 482 734 519 texere
758 471 849 520 suis
869 493 878 520 :
898 485 1040 522 tamen
1067 474 1196 523 altior
1218 475 1306 524 illis

292 547 393 613 Ipsa
417 548 508 596 Dea
534 559 620 605 est,
648 547 849 614 colloque
874 561 1001 598 tenus
1025 552 1319 617 supereminet
1341 570 1502 601 omnes.

291 625 384 689 Qui
409 624 531 674 color
554 625 725 674 infectis
750 626 914 675 adversi
940 626 1056 675 Solis
1079 628 1134 676 ab
1158 629 1248 676 ictu

288 701 498 750 Nubibus
522 721 615 751 esse
640 701 771 761 solet,
792 715 866 751 aut
888 723 1118 770 purpureae
1140 706 1350 764 Aurorae;

287 779 332 825 Is
354 777 439 826 suit
459 779 507 826 in
531 778 656 827 vultu
680 780 780 828 visae
805 779 897 828 sine
921 794 1039 830 veste
1061 783 1225 831 Dianae.
1634 795 1694 832 185

288 853 399 917 Quae
424 873 687 921 quamquam
710 857 919 906 comitum
944 859 1074 907 turba
1092 872 1158 908 est
1180 860 1340 926 stipata
1361 876 1562 917 suarum;

284 932 337 979 In
359 931 474 980 latus
495 932 727 999 obliquum
751 946 895 983 tamen
919 935 1112 993 adstitit;
1141 955 1302 1002 oraque
1325 947 1443 984 retro

283 1012 426 1081 Flexit
445 1034 455 1061 :
478 1026 519 1062 et
541 1026 591 1062 ut
614 1014 743 1063 vellet
766 1029 962 1082 promtas
981 1017 1187 1067 habuisse
1212 1018 1392 1080 sagittas
1408 1054 1429 1075 ‚

284 1095 408 1158 Quas
428 1095 607 1154 habuit,
632 1096 693 1144 sic
714 1097 861 1145 hausit
883 1117 1042 1164 aquas;
1065 1098 1323 1164 vultumque
1346 1097 1514 1147 virilem

281 1175 503 1234 Perfudit3
525 1195 821 1244 spargensque
845 1198 988 1227 comas
1013 1178 1244 1228 ultricibus
1267 1179 1419 1238 undis,

1629 1204 1690 1239 ¹9⁰

279 1256 466 1304 Addidit
486 1257 579 1306 haec
603 1258 738 1307 cladis
761 1261 1007 1326 praenuntia
1029 1251 1162 1309 verba
1179 1260 1337 1309 fut'urae
1355 1280 1366 1308 :

285 1360 307 1380 «
330 1338 459 1387 Nunc
483 1339 565 1387 tibi
586 1359 655 1388 me
676 1340 825 1406 posito
848 1342 983 1390 visam
1007 1340 1216 1390 velamine
1239 1359 1387 1390 narres
1403 1378 1418 1399 ‚

324 1475 394 1510 183.
418 1476 489 1518 Qui
498 1477 595 1510 color
606 1476 749 1519 infi’cttk.
769 1477 869 1513 Iridis
884 1477 953 1513 de-

276 1525 500 1571 scriptionem
514 1540 586 1562 esse
598 1527 721 1562 volunt
733 1555 742 1572 ‚
765 1530 864 1574 cujus
883 1542 950 1565 co—

275 1577 365 1611 lores
378 1578 537 1613 retulerit
551 1591 588 1613 os
607 1579 730 1615 Dianae
741 1580 872 1625 pudore
884 1582 950 1615 sus-

273 1629 367 1664 susae.
386 1630 435 1664 At
452 1643 521 1675 quo
538 1631 678 1666 tandem
692 1633 769 1676 jure
781 1658 790 1675 ‚
808 1633 949 1677 pudoris

273 1681 381 1715 rubor
396 1694 477 1716 cum
495 1694 592 1717 arcus
608 1683 749 1718 caelestis
764 1684 865 1719 variis
880 1697 947 1718 co-

272 1733 402 1769 loribus
424 1736 616 1780 comparari
643 1736 794 1781 poterit?
818 1736 864 1771 Et
886 1744 947 1772 ta-

271 1797 355 1819 men
389 1787 623 1821 suavissimam
649 1789 946 1833 comparationem

273 1836 406 1881 judicat
424 1837 600 1873 Schirach.
621 1846 656 1873 et
675 1839 864 1874 maximum
882 1841 945 1874 in·-

242 1918 249 1924 .
272 1889 363 1934 genii
378 1891 506 1924 summi
522 1891 770 1926 testimonium.
787 1892 943 1938 lntellige

271 1953 354 1987 ergo
366 1942 554 1977 nubeculas
565 1969 574 1986 ,
592 1956 675 1988 quas
688 1943 766 1978 solis
782 1944 945 1979 occiden-

270 1993 313 2027 tis
329 1993 433 2029 radiis
449 1995 630 2030 rubescere
651 1996 831 2031 interdum
846 1996 945 2031 vide-

269 2057 357 2079 mus.
377 2062 421 2072 —-
432 2047 526 2080 Ictus
540 2049 624 2082 solis
635 2072 643 2088 ‚
663 2047 749 2082 radii
767 2048 845 2082 solis
861 2047 943 2083 inci-

268 2095 400 2131 dentes.
419 2097 619 2142 Lucretius,
643 2099 676 2131 V
689 2125 698 2142 ,
717 2099 798 2139 612,
821 2102 943 2134 radio—

266 2161 337 2191 ηιιᾳ
355 2151 472 2191 iclus;
503 2150 562 2194 qui
577 2158 613 2185 et
629 2164 730 2185 versu
748 2152 812 2195 486
825 2178 835 2195 ‚
860 2148 941 2186 {mr—

266 2201 344 2249 bqra
360 2203 446 2235 'solis
461 2200 545 2236 dixit
564 2215 582 2236 e
607 2202 730 2237 Graeco
751 2208 825 2247 βολὴ
850 2206 942 2244 ἧλίου.

267 2251 346 2286 Non
359 2252 534 2288 adsentior
544 2255 619 2288 viro
629 2254 731 2289 docto
743 2256 777 2290 in
791 2256 939 2301 Ephem.

266 2303 351 2337 Nori
356 2305 424 2339 mb.
439 2307 573 2340 adversi
582 2306 618 2340 in
631 2310 744 2340 aversi
753 2314 871 2341 mutan
876 2308 917 2343 tis
929 2322 937 2350 ;

265 2367 349 2389 nam
366 2359 524 2391 adversus
540 2357 665 2392 dicitur
679 2384 689 2401 ,
707 2358 766 2403 qui
785 2366 835 2393 est
849 2372 868 2393 e
884 2373 938 2394 re-

266 2407 368 2452 gione
380 2434 390 2451 ,
403 2409 586 2454 oppositus.
599 2409 763 2455 Virgilius
773 2436 782 2454 ,
797 2410 937 2445 AEneid.

266 2459 321 2492 lv
333 2486 342 2503 ,
363 2472 421 2504 701
445 2473 453 2495 ε
476 2463 542 2495 Iris
557 2462 655 2496 Mille
673 2463 807 2495 trahens
824 2465 937 2496 varios

263 2514 400 2546 adverso
420 2516 492 2547 sole
514 2517 649 2549 colores.
676 2514 734 2550 Sic
754 2522 789 2549 et
810 2516 861 2558 V,
882 2516 935 2550 88.

262 2580 306 2588 —-
320 2564 478 2605 Aurora»,
506 2567 627 2600 confer
643 2565 715 2611 VI,
733 2567 794 2610 48,
813 2567 871 2601 ubi
891 2566 935 2601 si-

264 2614 353 2649 milis
370 2617 593 2661 comparatio.

310 2666 380 2700 186.
399 2668 558 2702 Comitum
570 2671 683 2710 turba,
702 2669 827 2704 multas
838 2670 933 2705 enim

262 2716 365 2752 hahet
380 2717 495 2754 Diana
510 2720 662 2756 comites.
683 2720 883 2758 Callimach.
898 2721 931 2757 h.

1016 1478 1120 1513 Dian.
1146 1491 1233 1514 vers.
1252 1479 1291 1514 13
1308 1492 1382 1525 sqq.
1407 1496 1451 1505 —·
1466 1479 1536 1513 Es!
1550 1481 1688 1523 staepata.

1014 1533 1083 1565 Est
1095 1538 1190 1566 vacat
1207 1531 1243 1565 in
1262 1531 1388 1566 nostris
1407 1530 1595 1566 Codicibus
1613 1531 1689 1566 Re-

1014 1582 1075 1627 giis
1087 1608 1096 1625 ,
1118 1590 1153 1617 et
1169 1583 1281 1628 reipsa
1298 1583 1390 1618 salvo
1406 1596 1508 1618 sensu
1525 1589 1560 1617 et
1572 1590 1688 1617 metro

1013 1646 1132 1668 vacare
1154 1641 1277 1679 potest.
1294 1636 1359 1669 Ed.
1380 1653 1424 1661 —-
1441 1635 1483 1669 In
1498 1637 1590 1668 latus
1601 1636 1688 1669 obli-

1011 1698 1107 1730 quum
1116 1687 1265 1726 adsum,
1280 1698 1404 1730 corpus
1412 1684 1545 1732 inflexit
1556 1691 1591 1720 et
1603 1697 1684 1719 eon—

1012 1736 1112 1771 traxit
1126 1737 1161 1771 in
1176 1736 1323 1771 alterum
1337 1736 1443 1779 latus,
1461 1742 1501 1770 ut
1514 1748 1618 1781 parva
1634 1737 1685 1771 vi-

1011 1791 1154 1826 deretur
1163 1819 1170 1831 ‚
1190 1804 1255 1825 nec
1268 1791 1416 1836 conspici
1433 1797 1546 1836 posset
1560 1790 1602 1825 ab
1614 1790 1684 1825 Ac-

1010 1849 1132 1877 taeone.
1150 1841 1336 1877 Phantasia
1351 1854 1424 1876 non
1442 1841 1543 1876 mala.

1055 1894 1126 1928 188.
1142 1895 1206 1929 Ut..
1229 1897 1290 1928 sic.
1306 1893 1455 1939 Elegans
1470 1900 1521 1927 est
1537 1892 1591 1927 hic
1602 1905 1681 1927 usus

1007 1945 1134 1980 harum
1144 1947 1400 1991 particularum.
1410 1946 1534 1991 Quum
1542 1958 1615 1980 non
1623 1946 1682 1980 ha-

1006 1997 1105 2032 beret
1117 2024 1126 2042 ,
1144 2011 1226 2043 quas
1241 1998 1365 2042 vellet,
1382 1997 1514 2042 hausit,
1527 2010 1610 2043 quas
1622 1997 1681 2032 ha-

1005 2048 1090 2083 buit.
1101 2068 1146 2075 —
1159 2051 1332 2090 Promtas,
1360 2056 1504 2094 paratas.
1521 2067 1566 2075 —
1586 2050 1678 2084 Vin·-

1006 2103 1087 2142 lem,
1110 2101 1198 2146 viri,
1226 2100 1408 2136 Actaeonis.

1054 2167 1065 2187 1
1072 2166 1125 2201 92·
1134 2155 1230 2188 Nunc
1240 2156 1360 2188 libime
1363 2155 1477 2198 posito
1485 2159 1548 2188 etc.
1558 2151 1677 2187 Prisco

1005 2205 1128 2239 saeculo
1159 2205 1322 2240 mortales
1358 2205 1503 2250 impune
1530 2216 1676 2242 cernere

1005 2262 1167 2300 poterant
1189 2255 1282 2290 Deas
1307 2256 1410 2290 etiam
1429 2255 1560 2297 nudas,
1577 2255 1675 2289 Pro-

1004 2314 1091 2352 pert.
1117 2309 1191 2351 111,
1210 2318 1241 2342 11
1253 2334 1262 2351 ,
1281 2308 1344 2349 38;
1366 2307 1481 2352 ibique
1500 2305 1673 2340 Brouckh.

1004 2359 1142 2394 Seriore
1164 2367 1320 2404 tempore
1338 2370 1439 2403 poena
1455 2357 1674 2391 adlicieban—

1003 2418 1072 2454 tur,
1087 2411 1145 2455 qui
1160 2410 1254 2444 Deos
1264 2409 1389 2444 invitos
1398 2408 1567 2443 viderant.
1577 2409 1675 2444 Nunc

1001 2465 1141 2496 libietc.
1159 2461 1286 2496 Similis
1301 2472 1490 2495 sarcasmus
1501 2487 1510 2500 ,
1535 2460 1553 2494 Ι
1569 2485 1579 2503 ,
1599 2471 1673 2504 7²⁰·

1001 2512 1106 2558 Apud
1127 2513 1258 2559 Hygin.
1276 2512 1392 2546 Diana
1402 2512 1511 2556 ficit,
1537 2517 1576 2545 ut
1593 2510 1672 2544 Ac-

1000 2566 1103 2599 taeoni
1120 2579 1245 2600 cornua
1265 2569 1300 2599 1⁸11
1321 2569 1432 2609 capite
1453 2567 1671 2599 nascerentur.

999 2617 1104 2651 Forte
1113 2624 1252 2661 poetam
1264 2617 1414 2662 aliquem
1427 2621 1603 2660 sequutus,
1613 2620 1670 2648 to-

998 2677 1070 2703 tam
1098 2670 1439 2704 transformationem
1459 2681 1476 2703 a
1491 2674 1588 2713 parte
1604 2667 1668 2701 in-

998 2722 1110 2758 dicare
1121 2723 1251 2768 voluit,
1269 2729 1308 2759 ut
1317 2723 1444 2759 Noster
1455 2747 1464 2765 ,
1482 2732 1582 2757 versu
1596 2721 1666 2766 ¹39·
