1832 3100
368 232 1071 281 METAMORPHOSEON
1100 237 1232 283 LIB.
1267 239 1307 283 Ι.

1472 240 1552 285 113

117 328 316 387 Adnuit3
334 340 474 397 utque
497 340 658 397 caput,
682 329 776 378 visa
800 341 868 379 est
891 330 1080 393 agitasse
1105 350 1329 381 cacumen.

151 412 277 461 VIII.
295 413 379 462 Est
390 430 548 460 nemus
562 411 816 470 Haemoniae,
833 424 1058 480 praerupta
1074 413 1198 480 quod
1212 414 1410 482 undique
1427 416 1594 466 claudit

121 494 241 545 Silva
261 501 453 542 :vocant
472 491 664 557 Tempe,
690 509 771 557 per
795 509 893 558 quae
918 491 1116 551 Peneus,
1143 491 1200 541 ab
1224 492 1315 541 imo

121 617 218 655 unde
234 619 371 652 nomen
389 612 549 662 Apollini
564 613 696 649 sactum
712 614 812 650 aiunt

120 670 226 707 certis
239 668 377 717 syllabis
395 666 541 710 additis,
561 668 673 711 παιὰν,
695 671 808 708 παιὼν,

122 726 253 766 catham.
265 736 281 752 u
295 721 366 756 Alii
377 720 484 755 etiam
496 731 633 754 nomeu
650 719 682 753 ei
697 718 813 753 indu-

122 781 210 810 cunt
231 787 251 809 a
271 777 375 810 παύων
389 799 398 817 ,
423 772 567 806 morbos
585 784 721 807 sanans.
745 772 811 806 Ed.

123 829 286 863 ——F'aclis
294 829 408 860 ramis.
422 824 502 859 vide
512 823 555 858 ad
568 824 655 859 Met.
668 823 724 867 11,
737 824 812 870 487.

171 880 247 926 567.
264 880 441 919 Adnuenu
457 879 631 913 κατανεύειν
643 902 653 921 ,
671 876 813 922 signum

124 931 301 968 adsensus.

171 985 276 1031 5587
283 986 336 1019 50.
352 983 542 1017 Estnemus
552 983 736 1017 Hemoniae
748 988 814 1017 etc.

126 1036 266 1083 Tempe
283 1061 294 1079 ‚
321 1034 596 1070 amoenissimam
614 1034 815 1069 Haemoniae

126 1088 254 1124 vallem
277 1086 442 1122 describit
460 1093 563 1132 poeta
577 1113 587 1129 ,
615 1099 686 1132 quo
709 1099 815 1122 com-

127 1142 269 1179 modius
285 1155 305 1177 a
323 1140 537 1189 prpcedenti
556 1141 672 1175 sabula
694 1148 816 1176 trans-

128 1206 206 1242 eat,
223 1205 260 1232 et
275 1204 353 1243 post
367 1196 479 1232 Penei
496 1196 605 1230 filiam
622 1196 659 1230 in
678 1196 816 1230 laurum

129 1257 303 1286 mutatam
315 1276 325 1294 ‚
343 1248 435 1283 dicat
445 1255 481 1283 et
498 1249 575 1284 lus‘.
593 1247 714 1283 Inachi
733 1261 817 1282 am-

129 1306 186 1341 nis
199 1304 280 1344 siliae
293 1330 303 1348 ,
322 1302 624 1348 metamorphosin
642 1303 679 1337 in
696 1304 819 1349 juven-

130 1370 222 1394 cam.
240 1357 335 1392 Nam
350 1355 448 1400 iuxta
460 1355 599 1401 Tempe
615 1363 668 1390 est
681 1356 820 1401 spelun-

131 1422 172 1444 ea
184 1408 298 1444 Penei
313 1407 433 1451 fluvii,
452 1406 494 1442 ad
513 1420 619 1452 quem
635 1407 820 1442 consolan—

132 1461 222 1496 dum
247 1473 373 1495 omnes
397 1472 520 1494 amnes
546 1466 794 1494 convenerunt
808 1485 818 1504 ,

132 1520 262 1560 preter
279 1512 457 1550 Inachum
468 1512 527 1557 qui
537 1511 699 1559 amissam
711 1511 820 1546 filiam

131 1568 294 1615 lugebat:
307 1566 387 1602 vide
403 1566 496 1601 infra
509 1579 597 1601 vers.
613 1569 688 1611 577.
697 1567 764 1600 Ed.
776 1584 822 1592 —-

131 1623 174 1656 Io
190 1627 330 1655 amatur
345 1632 365 1654 a
377 1621 481 1661 Jove,
504 1626 541 1654 et
556 1619 592 1653 vi
608 1619 650 1654 ab
668 1631 711 1653 eo
727 1631 821 1653 com-

132 1685 251 1719 pressa
274 1678 434 1706 mutatur
444 1697 455 1715 ,
482 1672 619 1706 Junoue
646 1684 822 1716 superve-

133 1726 256 1762 niente
267 1752 278 1770 ,
297 1725 336 1760 in
350 1737 491 1760 vaccam
501 1751 510 1766 ,
537 1737 642 1770 quam
659 1724 716 1759 illa
729 1725 824 1768 Argo

133 1777 403 1815 custodiendam
419 1777 536 1812 tradit.
569 1778 650 1812 Hoc
663 1778 829 1812 Mercurii

135 1845 247 1867 manu
258 1832 445 1867 interfecto
456 1857 466 1875 ,
481 1830 506 1865 J
509 1843 581 1865 uno
593 1830 647 1866 Ioi
657 1830 823 1878 Erinnyn

135 1885 318 1928 immittit,
345 1896 415 1930 qua
433 1896 498 1930 per
513 1890 629 1918 totum
647 1889 824 1920 terrarum

137 1937 264 1973 orbem
279 1936 407 1982 agitata
415 1935 563 1971 tandem
577 1935 620 1970 ad
632 1936 756 1972 Nilum
767 1949 824 1970 ve-

137 1990 192 2025 nit
202 2015 213 2034 ,
231 1988 292 2024 ubi
305 1989 343 2023 in
359 1988 477 2023 Deam
494 1988 619 2023 transit
630 1990 827 2033 Epaphum-

137 2056 200 2089 quc
225 2042 327 2089 parit.
360 2041 532 2076 Fabulam
553 2067 562 2085 ,
592 2040 798 2086 Asclepiade
814 2066 825 2084 ,

139 2094 304 2130 Acusilao
317 2120 328 2137 ‚
346 2093 506 2128 Hesiodo
522 2093 668 2128 ducibus
680 2118 690 2136 ,
709 2105 829 2126 narra·

139 2154 227 2183 runt
243 2147 359 2193 Apoll.
368 2147 404 2182 11
418 2173 428 2191 ‚
444 2158 477 2191 1,
495 2148 516 2182 3
527 2161 536 2188 ;
548 2147 642 2194 Hyg.
655 2147 722 2181 sab.
741 2148 803 2191 145
817 2160 828 2190 ;

142 2201 262 2236 Valer.
281 2200 373 2235 Flac.
391 2200 526 2247 Argon.
545 2199 597 2235 IV
611 2226 620 2244 ,
648 2200 713 2235 353
729 2213 827 2245 sqq.;

141 2255 286 2298 Noster,
304 2253 370 2299 Ep.
384 2264 460 2296 ΧΠ,
477 2254 520 2288 85
531 2266 605 2299 sqq.
618 2252 737 2287 Etiam
754 2252 830 2288 AEs-

140 2306 231 2355 chyl.
253 2307 376 2341 Prom.
400 2305 557 2353 563-892
576 2332 585 2349 ,
609 2305 746 2340 induxit
765 2305 805 2341 Io
819 2331 829 2350 ,

141 2371 347 2406 quanquam
361 2358 533 2392 nonnulla
544 2371 585 2393 ex
593 2358 671 2393 satis
683 2359 759 2403 ejus
768 2385 778 2402 ‚
790 2366 831 2394 ut

141 2411 288 2449 consilio
299 2423 364 2447 suo
379 2410 638 2457 responderent
651 2437 661 2456 ,
677 2411 830 2446 novavit.

144 2464 248 2500 Idem
259 2470 509 2510 argumentum
518 2463 554 2498 in
565 2463 651 2498 solio
661 2464 831 2511 Amyclaei

144 2529 347 2565 expressum
356 2524 432 2552 erat
443 2543 453 2562 ,
466 2517 569 2553 Paus.
583 2517 653 2561 111,
673 2519 724 2561 18,
743 2525 779 2553 et
794 2519 831 2552 in

143 2570 268 2619 clypeo
283 2569 399 2604 Turni
413 2595 423 2613 ‚
442 2570 502 2614 qui
517 2582 626 2615 genus
641 2571 683 2605 ab
699 2570 831 2606 Inacho

144 2622 317 2666 ducebat,
337 2621 460 2667 Virgil.
477 2621 620 2657 AEneid.
644 2623 736 2666 Vll,
759 2623 832 2671 789.

146 2677 267 2723 Atque
276 2675 384 2710 etiam
398 2673 502 2708 hodie
522 2673 558 2708 in
575 2675 722 2720 gemmis
738 2689 833 2710 con-

145 2728 300 2775 spicitur.
311 2726 403 2761 Vide
417 2726 573 2772 Lipperti
588 2726 787 2774 Dactyl.11,
805 2738 833 2772 1,

150 2780 202 2818 18.
224 2779 411 2825 Quoniam
425 2781 465 2813 lo
480 2778 517 2813 in
533 2779 749 2825 Argivorum
762 2777 833 2813 dia-

272 2848 379 2893 III.

876 614 967 650 lecto
981 642 990 658 ,
1011 622 1160 651 notante
1178 615 1339 652 Eustath.
1359 617 1401 654 ad
1426 618 1563 667 Perieg.

877 681 920 716 93
930 694 939 711 ,
959 667 1080 702 lunam
1090 668 1309 714 significabat
1320 696 1329 714 ,
1342 669 1436 705 lunae
1446 679 1566 707 autem

877 720 1077 767 symbolum
1105 721 1238 755 semina
1270 722 1382 768 capite
1414 732 1566 759 cornuto

878 774 966 819 suit,
994 774 1078 810 inde
1102 775 1226 811 sabulae
1247 775 1346 811 initia
1366 777 1471 813 ducta
1494 770 1567 814 esse

879 826 1046 862 videntur
1059 854 1068 870 ‚
1086 834 1186 863 aucta
1199 827 1329 863 deinde
1346 828 1569 866 additamen-

880 878 923 913 tis
943 878 1164 923 quibusdam.
1189 879 1237 914 Et
1254 893 1365 925 quum
1381 881 1495 917 Graeci
1514 897 1569 919 res

881 932 1064 980 AEgyptias
1089 947 1171 967 cum
1198 935 1268 969 suis
1291 936 1545 981 permiscerent
1559 965 1568 983 ,

881 983 922 1019 10
938 991 973 1018 et
989 984 1156 1031 Epaphus
1171 986 1254 1020 Isidi
1270 993 1306 1021 et
1321 987 1425 1032 Apidi
1441 989 1571 1024 assimi-

881 1036 945 1072 lari
962 1045 1156 1083 coeperunt.
1173 1037 1195 1069 ἲ
1208 1038 1265 1073 ide
1279 1040 1409 1088 Heyne
1422 1041 1459 1075 in
1468 1043 1573 1078 Anti-

881 1102 974 1134 quar.
992 1090 1223 1134 Aussaetzen,
1243 1098 1330 1125 tom.
1347 1092 1384 1135 I,
1404 1106 1437 1138 p.
1456 1095 1494 1137 41
1511 1108 1519 1135 ;
1538 1102 1574 1129 et

883 1140 927 1175 ad
950 1141 1112 1187 Apollod.
1131 1142 1164 1176 d.
1184 1143 1206 1176 l.
1227 1161 1271 1169 --
1287 1146 1356 1178 Est
1371 1158 1488 1179 nemus
1507 1154 1572 1182 etc.

884 1194 954 1229 Hic
969 1195 1135 1230 transitus
1147 1223 1156 1239 ,
1169 1199 1422 1242 quofluviorum
1433 1212 1574 1234 conven—

884 1251 939 1280 tus
956 1246 1103 1293 fingitur
1120 1274 1128 1292 ,
1156 1261 1235 1294 pars
1253 1257 1305 1284 est
1328 1258 1363 1285 et
1385 1252 1574 1296 superioris

885 1305 921 1333 et
946 1301 1126 1344 sequentis
1148 1301 1284 1336 fabulae.
1313 1302 1449 1337 Locum
1478 1303 1575 1340 hune

884 1352 1069 1387 Hemonioe
1087 1352 1291 1396 (Thessaliae
1304 1380 1314 1397 ,
1333 1355 1375 1389 ab
1394 1356 1573 1393 Haemone

882 1417 965 1451 rege
981 1431 991 1449 ‚
1019 1405 1176 1441 Thessali
1202 1415 1301 1453 patre
1314 1435 1324 1452 ‚
1351 1409 1480 1445 Strabo
1497 1412 1549 1447 IX
1562 1440 1572 1457 ‚

882 1469 915 1502 p.
928 1458 1009 1505 449)
1020 1465 1059 1493 ut
1076 1460 1355 1495 amoenissimum
1370 1461 1575 1500 describunt

883 1508 976 1544 Plin.
991 1511 1041 1545 H.
1053 1511 1099 1547 N.
1115 1511 1182 1556 lV,
1201 1514 1242 1556 8,
1257 1521 1294 1549 et
1309 1514 1439 1550 AEliau.
1459 1515 1506 1560 V,
1525 1518 1575 1552 H.

884 1562 940 1598 III
952 1588 962 1606 ,
983 1577 1010 1597 1.
1028 1563 1098 1598 Sed
1115 1577 1197 1599 cum
1211 1565 1345 1601 Ovidio
1357 1569 1483 1614 melius
1495 1582 1577 1605 con·

883 1615 993 1651 sentit
1004 1616 1079 1651 Liv.
1092 1618 1226 1660 XLIV,
1237 1620 1268 1654 6.
1281 1621 1314 1655 Is
1323 1624 1448 1656 saltum
1461 1631 1575 1669 vocat,

885 1670 1105 1713 etXXXVL
1120 1674 1576 1718 10,faucessallus;AElian.

886 1722 1186 1759 convalleminter
1194 1725 1393 1774 Olympum
1403 1737 1438 1764 et
1448 1729 1578 1765 Ossam

887 1787 962 1809 non
977 1775 1172 1812 admodum
1181 1778 1299 1814 latam.
1313 1781 1356 1815 In
1366 1794 1407 1816 ea
1418 1783 1512 1817 varia
1524 1797 1578 1818 ue-

887 1837 1106 1866 mama-‚state
1117 1832 1331 1866 suavissima.
1343 1834 1441 1869 Hinc
1450 1835 1580 1870 Noster

888 1898 1005 1920 nemus
1015 1912 1023 1925 ‚
1049 1892 1086 1919 et
1097 1885 1242 1921 Melan
1254 1912 1264 1930 ,
1277 1888 1298 1921 3
1310 1913 1320 1931 ,
1338 1901 1438 1924 sacro
1449 1903 1582 1926 nemore

887 1940 1019 1973 nobilia
1042 1939 1172 1982 Tempe.
1195 1957 1240 1965 -—-
1259 1940 1433 1985 Undique,
1460 1940 1583 1979 dextra

888 1989 1056 2034 laevaque.
1073 2008 1118 2015 --
1128 1990 1224 2024 Silva
1234 1997 1404 2037 prerupta
1416 2021 1424 2034 ‚
1443 1994 1528 2029 silva
1543 1996 1583 2030 in

892 2041 1074 2076 montibus
1082 2043 1280 2088 praeruptis;
1291 2057 1375 2079 nam
1384 2058 1463 2092 quae
1474 2060 1583 2083 mon-

893 2096 985 2131 tibus
1007 2097 1228 2132 conveniunt
1247 2124 1258 2141 ,
1286 2112 1327 2133 ea
1358 2107 1394 2135 et
1420 2101 1512 2137 silvis
1544 2104 1583 2138 in

893 2148 1074 2183 montibus
1082 2157 1195 2194 poetae
1206 2150 1383 2187 tribuunt:
1392 2153 1520 2189 Horat.
1532 2156 1582 2199 ΙΙ,

893 2201 966 2237 Sat.
983 2211 1038 2244 VI,
1051 2215 1106 2249 9¹·
1122 2204 1297 2248 Proerupli
1309 2210 1453 2240 nemoris
1475 2210 1585 2243 dorso.

895 2253 1013 2288 Etiam
1024 2253 1098 2287 Liv.
1106 2266 1114 2288 t
1125 2267 1222 2298 rupes
1231 2259 1393 2302 utrimque
1399 2261 1451 2292 ila
1457 2261 1586 2294 abscis-

892 2318 940 2340 sae
949 2310 1043 2347 sunl,
1061 2309 1101 2339 ut
1110 2307 1244 2350 despici
1257 2311 1318 2341 viz·
1334 2311 1409 2343 siue
1425 2314 1588 2355 vertigine

894 2362 1039 2405 quadam
1050 2363 1156 2393 simul
1160 2363 1329 2396 oculorum
1337 2367 1506 2409 animique
1509 2378 1587 2408 pos-

895 2416 951 2448 sil.
968 2413 1083 2448 Aliter
1100 2413 1247 2450 Plinius.
1261 2433 1306 2442 --
1325 2418 1472 2451 Claudii.
1495 2418 1586 2454 Cod.

893 2473 1015 2501 noster
1035 2466 1167 2512 Regius
1184 2467 1227 2501 A.
1247 2467 1351 2502 habet
1368 2473 1503 2505 clausit.
1517 2471 1584 2506 Ed.

943 2519 1017 2567 569.
1025 2521 1165 2554 Peneus.
1177 2520 1320 2556 Fluvius
1330 2522 1517 2560 Thessaliae
1524 2539 1586 2561 no·

896 2572 1083 2607 bilissimus
1095 2598 1104 2616 ,
1132 2573 1169 2607 in
1200 2586 1307 2618 quem
1338 2576 1465 2622 reliqui
1495 2579 1585 2616 illius

898 2631 1002 2659 terrae
1012 2623 1108 2658 fluvii
1124 2624 1322 2662 influebant
1335 2640 1343 2662 z
1354 2628 1486 2666 AElian.
1496 2631 1528 2667 d.
1541 2633 1561 2666 Ι.
1574 2648 1583 2676 ;

902 2674 1041 2710 Gallim.
1059 2675 1094 2710 h.
1110 2676 1191 2711 Del.
1212 2690 1284 2714 110.
1315 2680 1369 2725 Is,
1387 2682 1586 2718 secundum

900 2726 1030 2761 AElian.
1047 2754 1057 2773 ,
1083 2741 1159 2763 non
1193 2736 1362 2774 spumosis
1388 2736 1491 2770 undis
1523 2749 1587 2782 per

902 2780 1038 2826 Tempe
1056 2781 1231 2829 volvitur,
1261 2784 1322 2821 sed
1347 2787 1457 2827 otiose
1480 2796 1517 2825 et
1534 2779 1588 2827 le:-

1361 2858 1388 2899 8
